2049 3131
193 157 226 186 Β
700 164 832 194 ORATIO
850 165 957 194 ΧΧἪΙ.

1033 168 1250 198 TIIEOLOGICA
1269 173 1290 199 Ι.
1780 176 1812 202 Ην

191 218 318 246 κυΰισταὶ
334 219 421 254 λόγων
434 221 490 255 (17)
507 221 601 248 ἄτοποι
622 223 667 249 καλ¹
687 225 843 260 παράδοξοι,
862 226 893 252 ἵν’
913 227 963 253 εἶπε

1015 252 1018 257 ,
1033 236 1122 255 acrem
1135 235 1161 256 et
1174 231 1370 264 vehementem,
1388 233 1427 260 sic
1442 233 1520 260 etiam
1535 233 1561 259 in
1577 234 1679 267 agendo
1689 235 1811 262 eamdem

190 271 217 290 τι
232 265 279 291 καὶ
295 265 406 298 γελοίως
417 267 480 301 περὶ
495 267 598 300 γελοίου
613 268 783 304 πράγματος,

1031 281 1140 308 operam
1157 275 1338 304 collocarent!
1363 277 1461 305 Parum
1484 278 1576 313 igitur,
1599 283 1627 305 et
1644 280 1733 307 minus
1756 279 1812 306 for-

192 313 263 336 tasse
282 310 454 338 cavillatores
473 318 575 342 essent.
599 314 621 340 si
645 314 669 340 id
691 314 823 349 facerent,
853 324 902 343 nec
933 321 986 344 tam
1008 319 1124 347 absurde
1152 326 1232 356 atque
1263 322 1410 351 insolenter
1429 324 1455 351 in
1480 324 1580 357 verbis,
1600 325 1714 360 perinde
1729 329 1812 359 atque

190 355 217 382 in
241 355 310 389 alere,
330 355 403 387 ludo,
428 362 610 389 versarentur,
635 364 663 385 ut
683 360 796 387 ridicule
818 361 850 388 de
869 369 899 389 re
916 363 1027 390 ridicula
1042 364 1146 399 loquar.

225 399 263 426 B’.
279 400 354 426 Ἑπεὶ
376 401 405 427 δὲ
424 402 511 428 πᾶσαν
534 403 673 436 εὐσεϐείας
689 405 746 430 ὁδὸν
768 406 977 440 καταλύσαντες,

188 446 257 481 πρὸς
273 445 302 472 ἓν
321 447 399 473 τοῦτο
417 447 545 481 βλέπουσι
564 449 661 484 μόνον,
683 451 697 477 ὃ
715 460 742 477 τι
758 451 883 488 δήσουσιν
905 454 921 489 ἢ
936 454 979 480 λύ-

187 500 263 518 σουσι
292 492 333 527 18)
348 492 402 519 τῶν
418 494 646 530 προϐαλλομένων
663 496 799 534 (καθάπερ
813 500 840 524 ἐν
850 501 904 530 τοῖς
917 499 979 526 θεά-

186 547 262 573 τροις
276 540 299 565 οί
315 538 349 565 τὰ
366 539 544 576 παλαίσματα
557 541 777 577 δημοσιεύοντες,
793 545 839 570 καὶ
859 545 911 571 τῶν
927 554 979 572 πα-

184 583 343 619 λαισμάτων
365 586 412 620 οὐχ
432 586 482 612 ὅσα
498 586 565 622 πρὸς
589 587 665 623 νίκην
687 590 764 624 φέρει
785 591 854 617 κατὰ
879 591 976 626 νόμους

184 628 335 665 ἀθλήσεως,
349 630 406 656 ἀλλ’
423 631 474 657 ὅσα
490 631 537 667 τὴν
552 631 612 666 ὄψιν
627 633 737 660 κλέπτει
751 634 804 661 τῶν
813 635 926 670 ἀμαθῶν
942 637 974 662 τὰ

183 674 307 706 τοιαῦτα,
328 675 374 702 καὶ
390 676 557 712 συναρπάζει
567 677 612 703 τὸν
624 679 791 715 ἐπαινέτην),
807 680 853 706 καὶ¹
870 681 911 707 δεῖ
923 682 975 708 πᾶ-

185 729 235 747 σαν
252 721 300 756 μὲν
315 721 417 758 ἀγορὰν
432 723 657 758 περιϐομϐεῖσθαι
679 727 735 756 τοῖς
750 726 850 753 τούτων
867 727 955 762 λόγοις
965 749 973 761 ,

184 768 240 793 πᾶν
252 767 280 793 δὲ
294 768 444 803 συμπόσιον
461 769 655 796 ἀποκναίεσθαι
673 771 791 807 φλυαρίᾳ
811 773 857 799 καὶ
880 773 971 809 ἀηδίᾳ,

183 812 273 839 πᾶσαν
285 812 312 839 δὲ
325 813 421 849 ἑορτὴν
436 814 483 841 καὶ
500 814 596 847 πένθος
611 815 694 849 ἅπαν,
715 818 764 852 τὴν
781 818 829 852 μὲν
844 819 970 852 ἀνέορτον

182 855 251 885 εἶναι
273 859 320 885 καὶ
347 859 448 895 μεστὴν
474 861 634 895 κατηφείας,
665 862 695 889 τὸ
709 862 738 889 δὲ
750 864 970 899 παραμυθεῖσθαι

182 905 309 939 συμφορᾷ
330 903 432 940 μείζονι
457 905 511 940 (i9)
529 907 585 937 τοῖς
608 907 757 942 ζητήμασι,
787 909 875 935 πᾶσαν
893 909 921 936 δὲ
932 910 971 936 δι·
986 899 1006 926 Β

180 949 317 984 οχλεῖσθαι
341 951 685 988 γυναικωνῖτιν,ἁπλότητι
703 953 859 989 σύντροφον,
880 955 927 982 καὶ
941 956 970 982 τὸ

180 995 229 1030 τῆς
245 995 334 1027 αἰδοῦς
354 995 434 1028 ἄνθος
446 997 634 1025 ἀποσυλᾶσθαι
651 991 684 1034 τῇ
703 1000 765 1034 περὶ
789 1000 867 1034 λόγον
888 1009 970 1036 ταχυ-

179 1040 254 1075 τῆτι·
271 1041 366 1076 ἐπειδὴ
382 1041 469 1068 ταῦτα
482 1041 565 1075 οὕτω,
583 1043 673 1069 καὶτὸ
690 1045 775 1071 κακὸν
789 1045 901 1080 ἄσχετον
923 1046 969 1073 καὶ

168 1076 314 1122 ’ἀφόρητον
326 1107 333 1119 ,
351 1087 399 1114 κα)⁵
412 1088 562 1115 κινδυνεύει
587 1090 745 1126 τεχνὺδριον
772 1076 840 1127 (2οἶ
855 1090 923 1120 εἶναι
939 1094 969 1120 τὸ

180 1132 251 1167 μέγα
269 1133 347 1168 ἡμῶν
364 1134 524 1170 μυστήριον’
551 1134 627 1171 φέρε,
650 1137 776 1163 τοσοῦτον
799 1138 863 1171 γοῦν
891 1139 968 1174 ἡμῶν

177 1178 388 1213 ἁνασχέσθωσαν
412 1181 435 1206 al
462 1181 630 1208 κατάσκοποι
645 1182 712 1218 (21),
737 1183 899 1218 σπλάγχνοις
915 1193 967 1211 πα-

176 1226 282 1259 τρικοῖς
293 1225 469 1260 κινουμένων,
490 1226 553 1259 καὶ,
566 1227 580 1253 ὅ
600 1236 682 1263 φησιν
702 1229 716 1254 ὁ
734 1228 803 1260 θεῖος
824 1230 965 1265 Ἱερεμίας,

178 1271 411 1306 σπαρασσομένων
425 1271 458 1298 τὰ
470 1272 644 1309 αἰσθητήρια,
660 1275 721 1300 ὅσον
732 1275 767 1310 μὴ
780 1275 901 1310 τραχέως
921 1277 967 1304 τὸν

176 1316 241 1352 περὶ
251 1317 351 1344 τούτων
365 1317 492 1350 δέξασθαι
506 1319 593 1354 λόγον,
611 1321 658 1347 καὶ
671 1320 719 1356 τὴν
732 1321 856 1354 γλῶσσαν
871 1324 966 1358 μικρὸν

176 1363 349 1398 ἐπισχόντες,
375 1363 408 1390 ἂν
431 1364 485 1400 ἄρα.
507 1365 554 1391 καὶ
576 1366 630 1402 (22)
653 1366 793 1399 δύνωνται,
813 1368 862 1403 τὴν
883 1369 966 1405 ἀκοὴν

175 1409 241 1444 ἡμῖν
263 1409 448 1437 ὑποθέτωσαν.
473 1410 584 1443 Πάντως
602 1411 630 1438 δὲ
654 1412 728 1438 οὐδὲν
748 1412 963 1449 ζημιωθήσεσθε.

176 1455 212 1481 Ἢ
226 1455 281 1491 γὰρ
297 1456 337 1487 είς
356 1453 413 1482 ὦτα
438 1456 607 1493 ἐλαλήσαμεν
638 1458 806 1491 ἀκουόντων,
837 1459 882 1486 καί
905 1469 965 1487 τινα

173 1501 279 1536 καρπὸν
301 1501 379 1536 ἔσχεν
394 1503 408 1528 ὁ
425 1501 518 1536 λόγος,
535 1503 584 1538 τὴν
603 1503 737 1537 ώᾳέλειαν
759 1504 806 1539 τὴν
831 1505 964 1541 ὑμετέραν

173 1545 279 1580 (ἐπειδὴ
296 1546 403 1581 σπείρει
425 1547 474 1581 μὲν
494 1548 508 1573 ὁ
527 1548 646 1584 σπείρων
660 1549 704 1575 τὸν
721 1549 800 1583 λόγον
813 1550 859 1576 ἐπὶ
873 1551 962 1577 πᾶσαν
975 1566 999 1597 C

171 1589 306 1624 διάνοιαν,
325 1593 494 1627 καρποφορεῖ
513 1592 541 1618 δὲ
563 1593 578 1628 ἡ
599 1593 666 1629 καλή
686 1602 715 1620 τε
732 1594 778 1620 καὶ
799 1594 960 1631 γόνιμος)“ἢ

171 1636 308 1671 ἀπήλθετε
323 1637 467 1664 καὶτοῦτο
492 1638 548 1673 (25)
575 1639 652 1673 ήμῶν
676 1639 887 1672 διαπτύσαντες,
915 1641 962 1667 καὶ

171 1682 282 1709 πλείονα
306 1683 433 1715 λαϐόντες
457 1683 523 1719 ὕλην
545 1684 699 1718 ἀντιλογίας
721 1693 751 1711 τε
769 1686 881 1721 καὶτῆς
900 1686 960 1712 καθ’

170 1728 249 1764 ἡμῶν
266 1729 413 1765 λοιδορίας,
433 1730 475 1756 ἵνα
490 1730 537 1756 καὶ
555 1729 654 1764 μᾶλλον
673 1731 743 1766 ὑμᾶς
758 1732 856 1762 αὐτοὺς
869 1732 959 1758 ἑστιά-

170 1783 246 1809 σητε.
265 1775 311 1810 Μὴ
329 1774 487 1810 θαυμάσητε
511 1776 556 1808 δὲ,
573 1777 597 1802 εἰ
616 1777 767 1812 παράδοξον
791 1778 845 1813 ἐρῶ
865 1778 958 1812 λόγον,

169 1820 218 1846 καὶ
236 1821 311 1855 παρὰ
330 1821 375 1847 τὸν
390 1822 521 1857 ὑμέτερον
543 1822 633 1857 νόμον,
653 1823 678 1849 οἳ
698 1823 785 1850 πάντα
806 1824 903 1850 εἰδέναι
925 1833 955 1850 τε

170 1867 218 1892 καὶ
236 1867 370 1895 διδάσκειν
388 1869 558 1903 ὑπισχνεῖσθε
583 1869 642 1896 λίαν
665 1870 796 1902 νεανικῶς
823 1871 870 1897 καὶ
896 1879 956 1904 γεν-

169 1912 263 1944 ναίως,
281 1913 322 1939 ἵνα
339 1913 375 1948 μὴ
390 1913 466 1940 λυπῶ
480 1914 565 1948 λέγων
579 1915 691 1950 ἀμαθῶς
707 1916 754 1942 καὶ
770 1915 900 1950 θρασέως.

1065 410 1096 437 ll.
1118 411 1250 444 Quoniam
1271 419 1370 445 autem,
1388 415 1460 442 omni
1475 416 1584 450 pietatis
1597 416 1639 442 via
1659 416 1765 444 sublata
1780 423 1810 445 et

1029 454 1132 488 deleta,
1161 457 1210 483 hoc
1236 465 1317 484 unum
1341 459 1391 486 sibi
1417 465 1580 495 proponunt,
1596 465 1625 488 ut
1647 462 1810 496 quaestiones

1030 501 1072 527 vel
1097 501 1242 537 stringant,
1265 503 1304 530 vel
1324 504 1430 533 solvant
1448 506 1693 541 (quemadmodum,
1717 507 1762 542 qui
1781 508 1809 534 in

1029 544 1145 573 theatris
1160 547 1232 582 vulgi
1256 548 1341 576 oculis
1363 551 1509 577 certamina
1534 555 1680 583 ostentant,
1700 553 1808 586 etqui-

1027 591 1087 617 dem
1103 592 1235 626 ejusmodi
1251 595 1427 622 certaminum
1445 604 1553 631 genera,
1577 605 1637 632 qua:
1659 605 1712 624 non
1730 596 1806 631 juxta

1026 637 1157 671 palaestra:
1183 638 1256 674 leges
1283 641 1422 668 victoriam
1445 648 1613 677 comparant,
1632 643 1679 670 sed
1696 643 1807 678 imperi-

1025 689 1114 710 torum
1134 685 1265 712 duntaxat
1286 686 1379 714 oculos
1399 688 1594 723 perstringunt,
1618 696 1649 716 ac
1667 689 1772 716 laudem
1790 698 1806 718 a

1024 729 1223 763 spectatoribus
1244 735 1384 767 captant);
1406 737 1433 759 et
1449 740 1491 760 res
1508 734 1560 761 huc
1573 734 1650 767 redit,
1667 740 1697 763 ut
1709 735 1804 764 borum

1023 774 1264 810 disputationibus,
1289 782 1316 804 et
1341 777 1427 804 forum
1443 786 1523 806 onme
1538 780 1754 816 circumstrepat,
1778 786 1806 809 et

1024 819 1146 847 convivia
1162 821 1252 848 omnia
1276 821 1429 855 hujusmodi
1455 832 1585 859 nugarum
1612 826 1690 853 taedio
1706 827 1805 855 obtun-

1023 863 1133 898 dantur,
1149 869 1176 892 et
1191 865 1289 893 festum
1306 873 1386 895 omne
1401 867 1553 896 infestivum
1574 870 1609 897 sil
1625 878 1655 898 ac
1670 872 1804 899 maestitia:

1020 910 1141 944 plenum,
1169 916 1195 939 et
1220 912 1309 941 luctus
1334 914 1423 942 omnis
1451 915 1546 951 majori
1569 917 1731 952 calamitate,
1752 919 1803 947 hoc

1021 960 1073 989 est,
1097 956 1276 991 qumstionum
1302 960 1433 994 argutiis,
1459 961 1607 995 mitigetur,
1633 970 1664 991 ac
1688 964 1803 999 denique

1024 1008 1148 1035 gynmcea
1169 1003 1278 1038 omnia,
1297 1003 1479 1039 simplicitatis
1505 1006 1623 1040 alumna,
1649 1010 1800 1044 turbentur.

1019 1051 1046 1073 et
1063 1047 1172 1081 pudoris
1192 1047 1241 1075 flos
1260 1049 1388 1084 praecipiti
1406 1050 1455 1078 hac
1477 1053 1657 1081 contendendi
1687 1054 1800 1083 libidine

1018 1092 1197 1127 compiletur;
1219 1095 1356 1128 quoniam,
1377 1096 1497 1130 inquam,
1512 1097 1570 1125 haec
1585 1099 1621 1125 ita
1638 1106 1668 1127 se
1684 1100 1796 1134 habent,

1019 1139 1139 1172 adeoque
1159 1139 1328 1167 intoleranda
1340 1145 1381 1167 est
1394 1141 1435 1168 vis
1448 1142 1527 1176 hujus
1546 1144 1620 1176 mali,
1644 1149 1673 1171 ut
1693 1146 1801 1179 pericu»

1019 1181 1073 1208 lum
1095 1182 1140 1213 sit,
1166 1190 1200 1209 ne
1221 1190 1346 1218 magnum
1369 1184 1428 1211 fidei
1448 1190 1548 1213 nostra:
1569 1189 1727 1222 mysterium
1743 1191 1800 1217 exi-

1018 1235 1067 1261 gua
1083 1231 1204 1262 quzedam
1227 1229 1341 1256 articula
1364 1237 1423 1258 esse
1444 1232 1586 1259 videatur:
1603 1241 1661 1268 age,
1686 1243 1734 1263 nos
1751 1244 1798 1270 pa-

1018 1272 1101 1299 tentis
1126 1273 1276 1301 visceribus
1295 1274 1432 1306 incitatos,
1447 1281 1537 1312 atque,
1554 1283 1581 1304 ut
1595 1278 1718 1308 Jereutire
1733 1288 1797 1308 ver—

1017 1316 1058 1344 bis
1075 1322 1135 1344 utar
1151 1318 1171 1351 θ,
1189 1320 1319 1348 sensoriis
1342 1322 1470 1350 distortos
1490 1329 1516 1350 et
1537 1324 1662 1358 laniatus,
1674 1327 1798 1361 explora~

1018 1368 1090 1391 tores
1103 1365 1145 1392 isti
1165 1366 1294 1394 hactenus
1312 1368 1460 1402 perferant,
1474 1374 1515 1396 ut.
1532 1378 1590 1405 quae
1605 1371 1637 1398 de
1655 1372 1697 1400 his
1717 1374 1798 1402 rebus

1017 1409 1113 1437 dicturi
1135 1419 1237 1443 sumus,
1259 1420 1336 1447 atquo
1356 1414 1446 1442 animo
1469 1416 1618 1450 excipiant;
1642 1425 1674 1444 ac
1694 1418 1796 1453 lingua,

1016 1456 1038 1483 si
1054 1457 1132 1483 modo
1157 1463 1267 1492 queant,
1295 1459 1450 1493 aliquandiu
1471 1461 1589 1494 frenata,
1615 1464 1692 1491 nobis
1718 1472 1797 1493 aures

1015 1502 1162 1536 prazheant.
1186 1502 1213 1530 ln
1236 1512 1287 1538 qua
1304 1512 1332 1531 re
1348 1505 1415 1532 nihil
1440 1506 1560 1540 profecto
1574 1512 1626 1541 est,
1641 1516 1689 1536 cur
1704 1511 1795 1538 damni

1016 1548 1143 1582 quidquid
1166 1551 1303 1577 metuatis.
1321 1550 1373 1577 Aut
1391 1552 1463 1578 enim
1479 1559 1528 1586 ego
1544 1553 1569 1579 in
1584 1561 1663 1582 aures
1683 1555 1795 1583 audien—

1014 1593 1079 1620 tiunt
1099 1595 1107 1609 ⁷
1123 1594 1228 1628 loquar,
1249 1599 1330 1630 atque
1351 1598 1387 1623 ita
1409 1597 1524 1624 fructum
1539 1598 1665 1633 aliquem,
1679 1601 1730 1628 hoc
1741 1607 1793 1633 est,

1013 1639 1155 1667 utilitatem
1170 1646 1298 1671 vestram.
1308 1642 1391 1678 489
1407 1644 1498 1670 oratio
1511 1644 1629 1672 allatura
1645 1652 1687 1673 est
1699 1649 1795 1682 (quan-

1013 1693 1093 1720 quam
1111 1686 1184 1712 enim
1205 1687 1228 1714 is
1244 1687 1289 1722 qui
1309 1689 1421 1716 verbum
1447 1689 1494 1716 Dei
1514 1690 1629 1718 seminat
1641 1691 1662 1724 ⁸,
1686 1692 1713 1718 in
1733 1693 1794 1719 ani-

1012 1738 1070 1759 mos
1087 1738 1180 1758 omnes
1199 1732 1326 1765 seminat,
1353 1738 1441 1760 tamen
1465 1735 1541 1769 probi
1564 1736 1695 1763 duntaxat
1711 1742 1794 1772 atque

1012 1777 1120 1804 fecundi
1143 1777 1259 1804 fructum
1284 1778 1403 1814 ierunt);
1427 1784 1474 1806 aut
1497 1780 1534 1807 ita
1553 1781 1744 1814 discesseritis,
1764 1789 1794 1811 ut

1012 1822 1083 1850 hunc
1099 1830 1207 1857 quoque
1221 1831 1372 1851 sermonem
1395 1829 1516 1852 nostrum
1538 1827 1700 1861 explodatis,
1724 1828 1792 1855 ube-

1009 1869 1162 1902 rioremque
1173 1869 1386 1902 contradicendi,
1403 1871 1535 1906 nobisque
1547 1873 1709 1901 convitiandi
1727 1882 1785 1901 ma-

1009 1914 1104 1941 teriam
1131 1915 1337 1947 nanciscaruini,
1363 1924 1416 1950 quo
1443 1917 1548 1951 plenius
1574 1919 1656 1946 etiam
1686 1920 1790 1947 animos

169 1964 277 1987 vestros
298 1961 422 1994 pascatis.
440 1959 494 1988 Nec
515 1968 579 1988 vero
598 1961 696 1988 mirum
720 1961 796 1988 vobis
813 1961 945 1993 videatur,
966 1961 988 1988 si
1020 1960 1083 1994 quid
1119 1968 1133 1986 a
1167 1966 1258 1987 vestra
1275 1962 1411 1996 opinione,
1432 1970 1463 1989 ac
1482 1964 1539 1997 lege
1561 1968 1650 1991 V851“!
1672 1965 1790 1993 alienum

168 2006 277 2038 dixero,
291 2006 336 2041 qui
352 2007 422 2034 scire
455 2014 503 2034 vos
534 2008 624 2034 omnia
648 2011 675 2033 et
694 2007 790 2034 docere
812 2007 986 2042 proﬁtemini,
1007 2015 1135 2041 perquam
1162 2006 1270 2034 fortiter
1294 2015 1326 2035 ac
1351 2015 1497 2043 generose;
1524 2018 1578 2037 non
1604 2012 1676 2039 enim
1700 2013 1787 2040 dicant

166 2051 249 2079 stulte
274 2056 301 2078 et
323 2056 447 2084 temere,
483 2060 517 2079 ne
547 2053 609 2087 quid
639 2053 743 2079 animos
772 2058 876 2080 vestros
902 2053 1046 2080 oli‘endam.

202 2097 239 2124 I".
259 2097 296 2124 Οὐ
311 2097 421 2129 παντὸς,
442 2095 465 2124 ὦ
477 2095 558 2129 οὗτοι,
572 2098 602 2124 τὸ
621 2098 684 2133 περὶ
705 2097 772 2124 Θεοῦ
788 2098 951 2132 φιλοσοφεῖν,

166 2143 197 2169 οὐ
212 2143 326 2174 παντός·
341 2143 390 2178 οὺχ
404 2143 474 2169 οὕτω
498 2143 529 2169 τὸ
550 2143 666 2178 πρᾶγμα
688 2143 804 2176 εὔωνον,
829 2144 875 2170 καὶ
898 2145 951 2171 τῶν

165 2190 253 2224 χαμαὶ
268 2189 431 2224 ἐρχομένων.
454 2189 602 2224 Προσθήσω
615 2189 653 2221 δὲ,
672 2189 731 2215 οὐδὲ
747 2189 871 2221 πάντοτε,
891 2190 950 2216 οὐδὲ

165 2236 259 2267 πᾶσιν,
274 2235 335 2261 οὐδὲ
351 2235 449 2267 πάντα,
461 2235 517 2262 ἀλλ’
536 2235 609 2261 ἐστιν
625 2235 679 2265 ὅτε,
698 2235 745 2261 καὶ
765 2233 805 2267 οἷς
820 2236 885 2270 (24),
904 2237 950 2262 καὶ

165 2281 208 2314 ἐφ’
225 2281 296 2307 ὅσον.
315 2281 352 2307 Οὐ
371 2282 477 2308 πάντων
496 2280 554 2315 μὲν,
573 2280 679 2307 ὅτιτῶν
694 2281 883 2316 ὲξητασμένων
906 2283 953 2308 καὶ

163 2326 365 2362 διαϐεϐηκότων
386 2328 414 2353 εν
434 2327 544 2362 θεωρίᾳ,
566 2327 614 2353 καὶ
631 2326 683 2362 πρὸ
705 2327 816 2357 τούτων,
835 2327 881 2353 καὶ
900 2327 951 2361 ψυ-

164 2371 214 2407 χὴν
235 2372 281 2398 καὶ
303 2372 384 2407 σῶμα
404 2372 633 2408 κεκαθαρμένων,
653 2372 669 2406 ἢ
688 2372 905 2407 καθαιρομένων,
923 2372 952 2398 τὺ

165 2417 359 2453 μετριώτατον.
378 2418 419 2453 Μὴ
433 2418 544 2453 καθαρῴ
554 2418 608 2453 γὰρ
621 2418 754 2445 ἅπτεσθαι
772 2418 891 2453 καθαροῦ
906 2427 951 2444 τυ-

162 2463 209 2499 χὸν
231 2463 290 2489 οὐδὲ
314 2464 448 2498 ἀσφαλὲς,
467 2463 562 2499 ὥσπερ
579 2463 638 2490 οὐδὲ
656 2463 716 2497 ὄψει
731 2463 818 2498 σαθρᾷ
835 2463 951 2498 ἡλιακῆς

199 2531 275 2559 'Jer.
294 2539 329 2563 tv,
344 2531 386 2558 i9.
425 2531 434 2546 ⁷
446 2531 528 2558 Eccli.
546 2539 609 2564 xxv,
627 2531 670 2558 1‘2.
708 2532 719 2546 ⁸
738 2531 831 2558 Matth.
848 2539 907 2565 ιιιιι,
922 2532 949 2559 4.

196 2589 250 2624 (17)
264 2589 407 2615 Κυϐισταὶ
424 2589 531 2623 λόγων.
549 2598 558 2614 ι
574 2588 733 2615 Sermonum
748 2589 912 2621 urinatores,
928 2599 937 2615 ›

160 2623 186 2649 id
199 2630 250 2655 est,
271 2633 281 2649 ι
299 2625 344 2658 qui
362 2631 391 2650 se
406 2625 432 2650 in
444 2631 580 2650 sermones
593 2624 742 2658 praecipites
758 2624 911 2651 devolvunt.
929 2633 938 2649 ι

160 2657 206 2686 Sic
232 2657 407 2693 designantur
432 2657 605 2689 Eunomiani,
635 2657 692 2692 qui,
716 2659 881 2685 urinatoruut
901 2660 941 2685 in-

159 2699 226 2724 star.
248 2702 354 2721 sursum
383 2701 413 2720 ac
435 2696 558 2720 deorsum
585 2694 734 2728 argutaudo
757 2693 886 2721 ferantur.
912 2694 939 2721 lu

160 2728 302 2761 nonnullis,
317 2728 457 2760 κυϐευταί,
475 2737 484 2753 ι
508 2728 650 2755 aleatores.
664 2737 673 2754 ι

194 2763 249 2799 (18)
264 2763 421 2799 ,Δήσοιπσιν
432 2763 450 2797 ῆ
464 2763 606 2790 λύσουσι.
631 2762 659 2790 In
675 2763 844 2797 quibusdam,
857 2763 943 2799 δήσω-

158 2805 201 2824 σιν
211 2798 226 2832 ἦ
240 2797 349 2824 λύσωσι.

194 2833 247 2874 (Ιβ)
270 2833 508 2874 ῌαραμυθεξσθαι
531 2832 867 2874 συμφορᾷ-μείζωνμηίᾶ
890 2838 942 2874 est.

159 2866 329 2900 δασύνεσθαι,
342 2866 356 2894 ι’
364 2869 481 2903 gravior,
493 2866 781 2897 onerosiorclliciatur.
796 2878 804 2894 ι
817 2868 862 2896 Sic
870 2869 942 2896 enim

1040 2097 1082 2124 Ill.
1106 2097 1162 2124 Non
1185 2098 1303 2132 cujusvis
1315 2104 1365 2131 est,
1385 2107 1402 2127 ο
1416 2100 1477 2133 viri,
1502 2101 1536 2129 de
1561 2101 1616 2129 Deo
1637 2103 1786 2136 disserere,

1006 2152 1070 2177 non,
1085 2144 1205 2178 inquam,
1228 2144 1364 2179 cujuSvis;
1389 2153 1441 2173 non
1457 2147 1524 2175 adeo
1539 2147 1601 2175 vilis
1618 2155 1650 2176 ac
1669 2151 1783 2183 protrita

1007 2190 1063 2217 hazc
1089 2197 1132 2217 res
1154 2195 1205 2223 est,
1224 2195 1373 2223 eteorum,
1398 2193 1443 2228 qui
1466 2193 1540 2220 humi
1563 2195 1651 2222 adhuc
1668 2201 1784 2231 reptant.

1004 2235 1108 2262 Addam
1132 2236 1214 2263 etiam
1240 2244 1292 2263 non
1319 2238 1440 2272 cujusvis
1470 2241 1607 2274 temporis,
1637 2248 1685 2268 nec
1711 2243 1782 2277 apud

1004 2282 1125 2316 quosvis,
1143 2290 1193 2308 nec
1210 2283 1244 2308 de
1262 2283 1419 2317 quibllSViS;
1448 2286 1494 2312 sed
1516 2290 1591 2313 certo
1609 2291 1736 2321 tempore,
1757 2293 1785 2314 ct

1002 2329 1072 2363 apud
1096 2335 1185 2367 certos
1208 2330 1340 2363 homines,
1366 2336 1393 2358 et
1412 2332 1587 2367 aliquousque
1605 2334 1657 2360 hoc
1680 2334 1782 2361 facien-

1001 2376 1063 2401 dum
1078 2364 1200 2402 est.l‘ion
1219 2376 1363 2410 cujuslibet
1375 2364 1495 2411 quidem,
1514 2364 1641 2413 quoniam
1659 2380 1709 2406 hoc
1723 2387 1782 2406 mu-

1001 2421 1075 2447 neris
1089 2421 1131 2448 ltis
1146 2421 1276 2450 duntaxat
1288 2423 1428 2455 incumbit,
1444 2424 1488 2458 qui
1503 2425 1673 2452 exactissime
1689 2425 1781 2460 explo-

1004 2466 1054 2492 rati
1082 2472 1161 2500 sunt,
1186 2475 1217 2495 ac
1244 2469 1450 2504 contemplando
1475 2469 1551 2504 longe
1577 2475 1778 2505 processerunt,

995 2590 1045 2628 Joh
1063 2598 1116 2623 χιι,
1132 2590 1165 2623 2,
1189 2599 1198 2616 α
1223 2598 1350 2620 onerosos
1372 2593 1554 2620 consolatores
1577 2601 1586 2618 ι
1616 2593 1717 2621 amicos
1731 2601 1778 2628 ap-

1107 2661 1295 2696 Τεχνύδριον.
1312 2661 1404 2689 Billius
1422 2662 1448 2689 in
1468 2662 1553 2697 prima
1568 2662 1623 2690 ed.:
1645 2672 1654 2688 ‹
1670 2668 1777 2698 arguta-

995 2697 1088 2722 tricem
1102 2698 1244 2729 quamdam
1257 2701 1368 2723 artem.»

1008 2731 1302 2773 I(21_)Kardo‘xorwt.
1332 2731 1371 2759 Eo
1394 2732 1501 2760 nomine
1526 2732 1608 2761 falsos
1637 2733 1774 2769 episcopos

993 2767 1166 2837 δ’δξὲἕξῗίὶιί.
1185 2801 1264 2828 Deest
1278 2801 1303 2828 in
1318 2801 1400 2837 Regg.
1419 2810 1444 2836 a,
1459 2802 1512 2836 bm,
1526 2808 1552 2831 et
1564 2804 1610 2831 Or.
1624 2803 1649 2830 2.

1102 2836 1201 2875 Eadm;
1215 2837 1262 2875 0r_.
1275 2836 1418 2875 omnem,
1471 2874 1475 2875 ν
1505 2871 1517 2875 _

1031 2870 1085 2905 (24)
1099 2871 1153 2898 Καὶ
1168 2869 1222 2904 οἷς.
1238 2872 1319 2900 Coisl.
1332 2873 1358 2907 1,
1375 2873 1420 2901 καὶ
1436 2874 1476 2908 ἐφ’
1491 2871 1539 2904 οἷς.
