2049 3131
278 147 313 175 is
878 146 905 173 S.
927 145 1090 174 GREGORll
1112 145 1283 174 THEOIDGI
1864 152 1896 177 15

276 207 404 243 priusque
425 205 518 235 etiam,
541 207 566 230 ct
587 210 695 238 corpus.
713 207 739 230 et
759 203 879 230 animum
897 211 911 230 ιι
931 204 1055 231 vitiorum

1112 206 1230 237 ἀκτῖνος.
1248 207 1310 232 Ὅτε
1330 206 1356 232 δέ
1368 216 1374 238 ;
1395 207 1492 234 Ἠνίκα
1506 207 1538 234 ἂν
1550 208 1646 244 σχολὴν
1663 209 1773 244 ἄγωμεν
1785 209 1839 236 ἀπὸ
1850 210 1897 245 τῆς

276 251 401 279 sordibus
416 255 575 285 purgarunt,
588 254 644 281 aut,
661 255 689 276 ut
706 250 866 284 parcissime
882 250 987 284 loquar,
999 251 1055 284 jam

277 299 328 325 hoc
345 302 436 331 agunt,
456 301 485 323 ut
499 304 528 322 se
544 303 559 321 τι
574 295 701 322 vitiorum
722 295 781 322 labe
800 301 924 330 purgent.
950 295 1057 330 linpuro

276 344 348 369 enim
380 348 435 368 rein
463 349 557 375 puram
586 341 731 374 attingere,
756 347 788 367 ne
808 341 928 374 periculo
951 342 1060 375 quidem

277 388 392 415 fortasse
416 392 501 418 caret,
529 387 754 420 quemadmodum
791 394 841 414 nec
869 388 950 421 aegris
975 387 1061 414 oculis

276 434 342 462 solis
355 434 444 461 radios
460 433 569 459 intueri.
589 433 702 466 Quando
715 432 825 459 autem?
841 432 908 459 Tum
923 432 1060 465 videlicet,

276 488 337 508 cum
361 481 394 507 ab
419 483 531 507 externo
555 479 609 506 luto
626 487 658 505 ac
675 478 788 506 tumultu
803 478 919 512 quietem
944 479 1060 513 agimus,

276 534 327 554 nec
346 526 471 561 princeps
488 526 572 552 nostri
589 533 651 559 pars
671 524 800 558 improbis
818 525 947 559 vagisque
960 524 1054 558 fsimn-

275 573 356 600 lacris
377 571 559 604 confunditur,
583 572 645 599 dum
667 571 738 597 velut
762 571 930 597 deformibus
961 570 1060 597 litteris

275 618 411 653 elegantes
434 618 554 648 litteras.
572 624 705 650 caenoque
729 621 896 651 unguentum
923 615 1057 642 admisce-

274 672 344 690 mus.
359 662 460 690 Vacare
481 663 552 689 enim
584 662 655 688 haud
671 661 750 689 dubie
777 665 894 694 oportet.
919 664 946 688 et
974 659 1060 687 Deum

274 717 438 744 cognoscere
452 718 459 736 :
474 716 589 743 cumque
606 713 710 742 tempus
724 707 921 742 acceperimus,
937 707 963 734 id
975 714 1058 741 agen-

275 756 337 783 duin
356 761 408 788 est,
425 760 456 782 ut
473 755 571 782 divina:
589 754 720 781 doctrina.-
745 753 934 780 rectitudinem
955 753 1055 787 judice-

278 809 346 828 mns.
370 802 445 836 Apud
464 809 531 835 quos
550 801 649 835 porro?
665 800 765 834 Nempe
781 799 850 834 apud
862 806 919 829 eos,
938 799 984 832 qni
1001 805 1057 825 rcin

275 847 427 882 hujusniodi
451 847 570 873 studiose
590 853 622 873 ac
634 846 705 872 serio
723 845 930 880 amplectuntur.
958 845 1058 878 quique

1112 251 1210 283 ἔξωθεν
1227 252 1296 283 ἰλύος
1311 252 1366 287 (Ξῖἱ)
1378 254 1424 280 καὶ
1440 254 1572 289 ταραχῆς,
1587 255 1633 282 καὶ
1650 255 1687 290 μὴ
1699 255 1727 282 τὸ
1737 256 1898 290 ἡγεμονικὸν

1112 298 1190 332 ἡμῶν
1212 299 1358 334 συγκέηται
1374 301 1430 332 τοῖς
1445 300 1589 336 μοχθηροῖς
1601 302 1656 335 (36)
1670 303 1766 334 τύποις
1779 303 1825 329 καὶ
1833 303 1899 329 πλα-

1112 343 1258 378 νωμένοις,
1285 343 1340 370 οἷον
1364 345 1508 380 γράμμασι
1541 347 1668 381 πονηροῖς
1694 346 1899 382 ἀναμιγνὺντων

1113 390 1197 426 κάλλη
1212 391 1393 426 γραμμάτων,
1412 391 1428 426 ἢ
1449 391 1570 426 βορϐόρῳ
1594 392 1688 427 μύρων
1714 392 1834 427 εὺῳδῐαν.
1854 394 1896 418 Δει

1111 434 1166 470 γὰρ
1189 435 1228 470 τῷ
1249 435 1306 461 ὄντι
1325 435 1464 470 σχολάσαι,
1491 437 1538 463 καὶ
1552 437 1652 470 γνῶναι
1669 436 1734 463 Θεὸν
1758 437 1812 472 (‘27;
1825 446 1831 452 ·
1852 438 1899 464 καὶ

1111 482 1174 508 ὅταν
1186 482 1310 516 λάϐωμεν
1324 483 1417 517 καιρὸν
1429 483 1493 517 (‘28),
1512 484 1614 518 κρίνειν
1629 482 1766 517 θεολογίας
1788 483 1899 518 εὐθύτη-

1111 537 1152 554 τα.
1172 528 1233 553 Τίσι
1247 527 1292 559 δέ;
1307 526 1354 559 Ui;
1368 528 1397 554 τὸ
1412 529 1526 564 πρᾶγμα
1540 529 1582 555 διὰ
1599 529 1727 564 σπουδῆς,
1743 530 1788 556 καὶ
1803 530 1851 565 οὐχ
1861 530 1900 561 ὡς

1111 572 1139 598 ἓν
1153 581 1178 598 τι
1200 572 1254 598 τῶν
1269 573 1366 603 ἄλλων,
1382 574 1428 599 καὶ
1450 573 1528 600 τοῦτο
1545 575 1703 609 φλυαρείται
1717 575 1811 610 ἡδέως,
1830 576 1899 610 μετὰ

1110 618 1173 648 τοὺς
1188 618 1327 650 ἱππικοὺς,
1344 618 1390 644 καὶ
1405 619 1438 645 τὰ
1452 619 1564 654 θέατρα,
1587 620 1633 646 καὶ
1653 619 1688 646 τὰ
1709 620 1828 655 ᾄσματα,
1852 621 1899 647 καὶ

1110 662 1158 697 τὴν
1170 662 1300 698 γαστέρα,
1315 663 1362 690 καὶ
1378 663 1412 689 τὰ
1431 663 1483 689 ὑπὸ
1497 665 1628 699 γαστέρα·
1647 661 1687 696 οἷς
1700 665 1837 692 καὶτοῦτο
1852 667 1900 701 μέμ

1112 716 1157 742 ρος
1173 708 1286 743 τρυφῆς,
1303 710 1318 743 ἡ
1331 709 1394 744 περὶ
1411 709 1495 735 ταῦτα
1506 710 1648 745 ὲρεσχελία
1660 711 1706 737 καὶ
1721 711 1900 746 κομψεῐατῶν

1109 753 1281 780 ἀντιθέσεων.
1307 755 1373 780 Τίνα
1392 755 1420 781 δὲ
1443 755 1651 791 φιλοσοφητέον,
1675 757 1722 784 καὶ
1737 758 1783 784 ἐπὶ
1801 758 1898 790 πόει-οη

1112 799 1182 826 Ὅσα
1206 801 1271 835 ἡμῖν
1297 801 1406 835 ἐφικτὰ,
1431 801 1477 827 καὶ
1500 802 1541 835 te'
1564 803 1626 828 ὅσον
1649 803 1666 837 ὴ
1693 803 1739 829 τοῦ
1756 803 1900 834 ἀκούοντος

1110 845 1166 878 ἕξις
1178 846 1327 879 ἐφικνεῖται
1342 847 1397 881 (29)
1414 847 1459 874 καὶ
1471 847 1595 882 δύναμις·
1614 848 1656 874 ἵνα
1675 848 1712 884 μὴ
1730 848 1856 883 καθάπερ
1871 849 1898 874 αἱ

274 901 327 920 non
343 897 372 920 ιιι
385 892 522 927 quidpiam
545 893 628 925 aliud,
654 893 693 919 sic
710 892 760 919 hoc
775 898 882 926 quoque
899 891 987 925 inepta
1001 898 1051 917 nu-

1109 891 1323 926 ὑπερΰὰλλουσαι
1335 891 1389 918 τῶν
1401 892 1496 926 φωνῶν
1510 893 1526 927 ἢ
1538 893 1592 918 τῶν
1608 894 1726 928 τροφῶν,
1744 894 1794 929 τὴν
1815 894 1900 929 ἀκοὴν

275 939 390 975 gacitate
416 944 635 974 prosequuntur,
670 943 732 973 post
757 938 894 966 circenses
922 937 1000 963 ludos
1031 941 1058 963 et

274 984 438 1019 spectacula,
469 989 528 1018 post
554 984 715 1014 cautiones,
746 987 805 1018 post
834 982 950 1016 denique
975 989 1057 1015 quam

275 1030 376 1063 ventri,
398 1035 424 1056 et
448 1030 490 1061 iis,
509 1037 568 1064 quae
590 1030 639 1057 sub
660 1034 755 1056 ventre
779 1032 852 1060 sunt,
874 1027 1056 1058 indulserint;

274 1076 320 1110 qui
335 1075 442 1110 quidem
463 1075 497 1102 ita
513 1075 618 1110 perdite
631 1074 718 1102 allecti
737 1079 809 1106 sunt,
833 1079 860 1099 ui
878 1074 928 1100 hoc
945 1079 1053 1106 quoque

274 1123 300 1149 in
320 1123 577 1150 oblectamentoruni
598 1127 673 1156 parte
699 1126 853 1151 numerent,
877 1120 1005 1147 nimirum
1024 1119 1057 1146 de

1110 937 1349 973 βλάπτωςιν(5υ)ἣ
1365 939 1398 964 τὰ
1407 938 1529 974 σώματα·
1538 939 1560 964 εἰ
1572 939 1704 974 βούλειδὲ.
1716 939 1770 966 τῶν
1783 939 1900 975 φορτίων

1107 982 1142 1008 τὰ
1149 983 1217 1018 ὑπὲρ
1223 983 1336 1018 δύναμιν
1342 984 1404 1015 τοὺς
1411 983 1605 1016 ὐποΰαὶνοντας
1613 985 1677 1019 (31),
1692 985 1708 1020 ἦ
1721 985 1770 1020 τὴν
1778 985 1828 1020 γῆν
1845 985 1899 1011 τῶν

1109 1028 1194 1054 ὑετῶν
1205 1029 1230 1054 οὶ
1242 1029 1424 1064 σφοδρότεροι·
1433 1029 1503 1056 οὕτω
1510 1030 1541 1065 δὴ
1554 1030 1600 1056 καὶ
1614 1027 1686 1057 οὗτοι
1699 1033 1755 1063 τοῖς
1765 1033 1899 1067 στερροῖς,

1109 1074 1141 1100 ἵν’
1162 1073 1248 1104 οὕτως
1263 1074 1346 1104 εἴπω,
1362 1075 1414 1100 τῶν
1429 1075 1515 1108 λόγων
1537 1076 1776 1108 κατατειεσοέντες,
1794 1077 1841 1103 καὶ
1849 1077 1899 1112 βα-

1109 1119 1250 1153 ρυνθέντες
1267 1119 1428 1155 ζημιωθεῖεν
1441 1121 1489 1147 καὶ
1506 1121 1545 1151 εἰς
1558 1121 1606 1156 τὴν
1618 1121 1733 1156 ἀρχαίαν
1747 1122 1872 1158 δύναμιν.

273 1169 371 1198 divinis
397 1173 476 1198 rebus
502 1171 607 1205 nugari,
636 1175 716 1204 atque
743 1173 839 1204 arguta
865 1167 1048 1202 disputatione
1068 1171 1235 1193 concertare.
1251 1166 1310 1194 Jnm
1344 1167 1376 1194 de
1405 1168 1514 1202 quibus.
1547 1172 1574 1194 et
1590 1176 1732 1204 quousque
1755 1169 1895 1203 disputau-

273 1216 357 1243 dum?
373 1216 410 1244 De
425 1217 466 1244 his
479 1217 574 1249 solum,
597 1223 656 1250 qua:
681 1215 780 1250 ingenii
816 1214 899 1241 nostri
930 1212 1012 1249 490
1041 1212 1188 1242 modulum,
1222 1218 1303 1247 atque
1339 1212 1469 1240 auditoris
1487 1218 1594 1247 captum
1623 1222 1675 1241 non
1701 1215 1899 1247 exceilnninie

274 1261 385 1296 alioqui,
404 1267 432 1288 ut
456 1262 538 1288 nimia
557 1261 631 1287 vocis
655 1261 769 1287 intentio
790 1264 870 1293 atque
894 1257 1053 1284 immodicus
1072 1257 1158 1287 cibus,
1174 1263 1253 1284 aures
1273 1260 1300 1282 et
1319 1263 1431 1290 corpora
1473 1256 1616 1284 labefactat
1634 1267 1640 1284 :
1658 1262 1714 1289 aut,
1736 1258 1758 1285 si
1799 1259 1894 1286 mavis.

273 1309 387 1336 sarcina!
411 1307 511 1334 viribus
532 1307 668 1340 graviores
693 1305 842 1340 bajuloruin
861 1304 1001 1334 humeros,
1016 1309 1048 1328 ac
1067 1301 1221 1328 crebriores
1245 1301 1342 1335 pluvia:
1363 1306 1463 1329 terram
1490 1303 1646 1337 opprimunt
1669 1313 1675 1330 :
1697 1303 1732 1330 ita
1751 1304 1832 1331 etiam
1846 1313 1894 1332 an-

272 1356 375 1382 ditores
390 1352 584 1388 quaestionibus
599 1351 766 1386 gravioribus
789 1358 820 1377 ac
836 1349 988 1376 durioribus
1008 1349 1129 1382 oppressi
1154 1353 1234 1383 atque
1260 1347 1386 1379 confecti.
1400 1348 1529 1382 pristinas
1548 1356 1655 1384 quoque
1671 1349 1741 1376 vires
1759 1350 1893 1378 amittant.

308 1410 352 1438 1V.
383 1409 474 1443 Neque
504 1415 568 1435 vero
591 1414 648 1434 nam
675 1406 817 1441 quisquam
851 1406 888 1432 ita
921 1404 1049 1439 accipiat,

273 1455 348 1492 quasi
369 1455 451 1482 Deum
475 1457 602 1488 perpetua
620 1452 749 1479 memoria
772 1450 913 1477 colendum
929 1457 990 1477 esse
1007 1458 1054 1476 nc-

273 1508 345 1537 gem,
359 1507 392 1527 ne
406 1506 499 1526 rursus
518 1499 660 1525 adversum
683 1504 731 1524 nos
753 1496 867 1525 irruant.
893 1495 936 1528 qui
960 1494 1050 1521 omnia

273 1547 352 1574 facile
362 1553 391 1573 .ic
402 1545 492 1572 statim
507 1545 533 1571 in
547 1544 705 1571 calumniam
722 1543 840 1569 trahunt.
855 1541 908 1569 Nec
917 1541 988 1568 enim
1001 1547 1052 1567 tam

273 1599 343 1626 saepe
359 1591 484 1626 spiritum
498 1590 604 1621 ducere,
625 1596 705 1622 quam
729 1588 774 1614 Dei
800 1586 959 1613 meminisse
977 1586 1056 1612 debe-

273 1645 352 1665 mus:
369 1638 434 1668 iino,
468 1635 489 1662 si
515 1634 566 1661 hoc
589 1634 670 1661 etiam
696 1633 747 1660 dici
773 1637 871 1667 potest,
897 1631 965 1658 nihil
985 1631 1055 1658 aliud

272 1689 352 1718 quam
365 1683 425 1715 hoc,
439 1681 600 1708 faciendum.
622 1679 686 1706 Nam
702 1683 729 1706 et
742 1686 792 1713 ego
807 1679 878 1706 inter
893 1685 940 1705 cos
956 1684 1053 1705 nomen

272 1734 363 1755 meum
387 1725 528 1761 proﬁteor,
554 1724 599 1758 qni
620 1724 731 1750 verbum
759 1723 821 1749 illud
846 1723 970 1757 probant,
985 1721 1056 1756 quod

272 1780 322 1800 nos
334 1772 377 1800 die
395 1779 426 1799 ac
442 1775 520 1798 nocte
528 1770 603 1804 jubet
618 1769 741 1797 meditari
752 1770 774 1801 ν,
789 1776 911 1803 vespere,
928 1773 954 1795 et
965 1775 1055 1801 mane,

274 1822 301 1846 at
323 1817 434 1845 meridie
458 1823 570 1843 narrare
583 1815 614 1848 ‘°,
633 1823 665 1842 ac
680 1815 798 1849 denique
819 1814 980 1842 benedicere
999 1813 1054 1840 Do-

273 1865 374 1891 minum
390 1864 415 1890 in
429 1864 502 1890 omni
517 1869 636 1898 tempore
649 1863 670 1878 “
684 1871 691 1895 ;
719 1864 785 1893 sive,
801 1867 828 1888 ut
844 1862 935 1889 verbis
957 1861 1056 1897 Moysis

271 1915 343 1942 utar,
366 1909 541 1939 dormiamus.
566 1908 623 1935 sive
644 1915 850 1942 consurgamus,
870 1907 927 1934 sive
946 1908 998 1934 iter
1013 1906 1055 1933 fa-

272 1956 375 1983 ciamus
389 1956 421 1987 ”,
436 1955 492 1982 sive
506 1955 570 1989 quid
594 1954 665 1981 aliud
689 1961 810 1989 agamus,
833 1957 915 1988 atque
927 1953 977 1980 hac
995 1953 1052 1988 ipsa

273 2001 457 2029 recordatione
469 2000 502 2026 ad
515 1999 656 2034 puritatem
671 1998 823 2026 informari.
847 1997 992 2031 Quocirca,
1015 2004 1050 2024 ne

272 2049 332 2084 quis
353 2053 481 2083 perpetuo
501 2047 582 2074 Deum
607 2046 735 2074 memoria
759 2050 856 2076 teneat,
881 2045 953 2072 haud
981 2049 1053 2078 veto,

272 2095 320 2122 sed
344 2101 377 2121 ne
397 2094 429 2121 de
453 2092 507 2120 Deo
529 2093 665 2127 disputet:
685 2093 738 2119 iino
763 2099 812 2119 nec
838 2091 887 2118 hoc
913 2091 1052 2126 prohibeo.

273 2147 307 2167 ne
331 2140 364 2167 de
394 2139 449 2166 Deo
477 2139 608 2173 disputes.
635 2137 707 2164 velut
728 2138 792 2172 quid
815 2137 939 2171 impium,
958 2137 1004 2164 sed
1020 2144 1054 2163 ne

273 2184 491 2219 intempestive:
515 2190 565 2210 nec
593 2183 644 2210 hoc
670 2189 731 2217 ago,
757 2186 786 2208 ut
809 2181 922 2209 docendi
955 2187 1053 2208 munus

272 2230 424 2265 explodam,
447 2229 493 2257 sed
510 2236 543 2256 ne
563 2228 756 2256 mediocritatis
769 2227 837 2254 flues
852 2227 996 2254 transiliat.
1011 2227 1051 2253 An

273 2283 349 2308 vero,
365 2283 425 2303 cum
438 2275 524 2303 mellis
535 2282 641 2309 quoque
652 2274 746 2309 ipsius,
761 2273 935 2308 quantumvis
952 2273 1050 2306 dulcis,

272 2321 381 2348 satietas
402 2321 532 2347 vomitum
554 2324 661 2347 moveat
674 2319 707 2350 ¹³,
731 2325 862 2352 suumque
887 2319 983 2352 cuique
1003 2325 1052 2344 ne-

271 2365 345 2400 gotio
365 2364 528 2393 destinatum
551 2364 587 2392 sit
614 2368 718 2398 tempus
733 2363 768 2394 ἰ,
784 2369 812 2390 ιιι
825 2370 875 2398 ego
891 2371 951 2390 cuin
973 2362 1051 2390 Salo-

1144 1403 1180 1430 A'.
1195 1404 1248 1430 Καὶ
1259 1404 1287 1429 οὐ
1300 1403 1371 1437 λέγω
1381 1402 1471 1436 τοῦτο,
1491 1403 1527 1439 μὴ
1539 1403 1593 1430 δεῖν
1614 1403 1727 1430 πάντοτε
1744 1405 1900 1440 μεμνῆσθαι

1109 1450 1186 1477 Θεοῦ*
1204 1450 1240 1485 μὴ
1253 1450 1332 1477 πάλιν
1352 1450 1561 1485 ἑπιφυέσθωςαν
1577 1451 1641 1485 ἡμῖν
1658 1451 1682 1476 οἱ
1696 1451 1783 1477 πάντα
1796 1451 1901 1479 εὓκολοι

1109 1497 1155 1522 καὶ
1167 1497 1268 1531 ταχεῖς.
1293 1496 1498 1530 Μνημονευτέον
1518 1497 1572 1531 γὰρ
1588 1496 1654 1522 ΘΞ.υῦ
1680 1497 1779 1532 μᾶλλον
1799 1497 1814 1532 ἢ
1835 1499 1901 1524 ἁνα-

1109 1542 1265 1568 πνευστέον·
1281 1541 1327 1568 καὶ
1341 1542 1364 1567 εἰ
1383 1539 1438 1568 οἷόν
1452 1550 1480 1568 τε
1496 1541 1575 1568 τοῦτο
1591 1542 1646 1575 (5'2)
1661 1543 1758 1574 εἰπεῖν,
1776 1543 1842 1578 μηδὲ
1857 1543 1900 1570 ἆλ-

1107 1587 1137 1613 λο
1148 1596 1174 1613 τι
1187 1587 1203 1622 ἣ
1216 1587 1296 1614 τοῦτο
1315 1587 1459 1622 πρακτέον,
1480 1587 1563 1622 Κάγὼ
1577 1588 1631 1613 τῶν
1644 1588 1828 1615 ἐπαινούντων
1842 1591 1900 1624 εἰμὶ

1106 1633 1152 1660 τὸν
1168 1633 1319 1667 λόγονιῖιό),
1336 1633 1364 1665 ὃς
1385 1634 1499 1669 μελετᾷν
1511 1634 1617 1669 ἡμέρας
1634 1634 1680 1660 καὶ
1697 1635 1794 1667 νυκτὸς
1809 1635 1900 1662 διακε-

1107 1679 1221 1706 λεύεται.
1239 1679 1286 1705 καὶ
1320 1679 1438 1714 ἑσπέρας
1458 1680 1503 1706 καὶ
1520 1679 1592 1715 πρωῒ
1608 1680 1653 1706 καὶ
1672 1681 1845 1716 μεσημϐρίας
1858 1681 1897 1708 δι-

1107 1725 1242 1759 ηγεῖσθαι,
1258 1726 1304 1752 καὶ
1319 1725 1440 1759 εὖλογείν
1451 1726 1496 1752 τὸν
1511 1726 1613 1760 Κύριον
1628 1726 1657 1752 ἐν
1672 1727 1750 1753 παντὶ
1761 1727 1857 1762 καιρῷι
1874 1728 1898 1754 εἰ

1106 1770 1147 1796 δεῖ
1161 1771 1206 1796 καὶ
1224 1771 1254 1796 τὸ
1271 1770 1409 1802 Μωῦσέως
1429 1771 1525 1801 εἰπεῖν,
1543 1770 1745 1806 κοιταζόμενον,
1765 1771 1898 1798 διανιστά-

1110 1824 1198 1851 μενον,
1218 1815 1422 1852 ὁδοιποροῦντα,
1449 1816 1463 1842 ὂ
1477 1825 1502 1842 τι
1517 1815 1564 1843 οὖν
1587 1817 1652 1843 ἄλλο
1673 1817 1835 1852 πράττοντα,
1851 1819 1898 1844 καὶ

1106 1864 1139 1898 τῇ
1157 1863 1251 1898 μνήμῃ
1266 1862 1416 1889 τυποῦσθαι
1435 1862 1503 1899 πρὸς
1521 1864 1706 1898 καθαρότητα.
1722 1864 1803 1890 Ὥστε
1818 1864 1849 1890 οὔ
1868 1865 1898 1890 τὸ

1110 1908 1262 1943 μεμνῆσθαι
1279 1908 1411 1943 διηνεκῶς
1428 1909 1534 1940 κωλύω,
1559 1909 1588 1935 τὸ
1612 1909 1748 1942 θεολογεῖν
1772 1909 1816 1935 δέ·
1836 1910 1898 1936 οὐδὲ

1109 1955 1157 1990 τὴν
1177 1954 1331 1986 Θεολογίαν,
1355 1954 1450 1990 ὥσπερ
1465 1955 1560 1986 ἀσεϐὲς
1577 1955 1645 1989 (3H,
1671 1954 1739 1981 ἀλλὰ
1755 1954 1804 1981 τὴ]
1819 1955 1898 1982 ἀκαι-

1109 2001 1177 2036 ρίαν’
1187 2001 1246 2028 οὐδὲ
1261 2001 1309 2037 τὴν
1316 2002 1496 2032 διδασκαλίαν.
1512 2002 1578 2029 ἀλλὰ
1591 2002 1640 2037 τὴν
1655 2002 1797 2037 ἀμετρίαν.
1814 2002 1837 2027 H
1849 2001 1897 2036 μέ-

1107 2048 1179 2079 λιτος
1205 2048 1254 2083 μὲν
1282 2048 1422 2084 πλησμονὴ
1444 2049 1490 2075 καὶ
1517 2049 1595 2083 κόρος
1618 2049 1715 2083 ἐμετὸν
1736 2047 1893 2083 ἐργάζεται,

1107 2093 1208 2128 καίπερ
1233 2093 1307 2124 ὄντος
1334 2093 1456 2128 μέλιτος,
1474 2093 1521 2119 καὶ
1541 2092 1636 2128 καιρὸς
1661 2092 1699 2127 τῷ
1716 2093 1797 2119 παντὶ
1822 2093 1895 2128 πρά-

1107 2146 1206 2173 γματι,
1226 2138 1263 2170 ὡς
1281 2137 1432 2173 Σολομῶντι
1454 2138 1536 2173 κάμοὶ
1561 2138 1642 2169 δοκεῖ,
1659 2138 1706 2164 καὶ
1722 2137 1750 2163 τδ
1764 2137 1845 2164 καλὸν
1866 2137 1896 2164 οὐ

1073 2202 1094 2229 D
1107 2183 1198 2214 καλὸν,
1214 2183 1276 2209 ὅταν
1295 2183 1332 2218 μὴ
1353 2182 1442 2214 καλῶς
1453 2183 1561 2218 γίνηται
1577 2182 1682 2218 (ὥσπερ
1696 2182 1777 2214 ἄνθος
1795 2183 1823 2208 ἐν
1839 2191 1896 2218 χει-

1110 2227 1177 2262 μῶνι
1191 2226 1329 2259 παντελῶς
1343 2227 1440 2262 ἄωρον,
1452 2227 1497 2254 καὶ
1508 2227 1614 2261 γυναιξὶ
1628 2227 1729 2262 κόσμος
1740 2227 1870 2262 ἀνδρεῖος.
1878 2227 1895 2262 ἦ

1107 2273 1259 2306 γυναικεῖος
1273 2273 1394 2308 ἀνδράσι,
1410 2273 1458 2300 καὶ
1470 2273 1562 2300 πένθει
1577 2273 1743 2309 γεωμετρία,
1757 2273 1803 2299 καὶ
1824 2273 1895 2307 πότῳ

1106 2318 1244 2353 δάκρυον),
1261 2319 1377 2345 ἐνταῦθα
1391 2319 1418 2345 δὲ
1435 2319 1514 2353 μόνον
1531 2319 1575 2345 τὸν
1597 2320 1691 2355 καιρὸν
1713 2319 1893 2354 ἀτιμάσομεν,

1106 2361 1137 2390 οὗ
1157 2363 1272 2398 μάλιστα
1287 2363 1415 2398 τιμητέον
1432 2362 1462 2389 τὸ
1474 2363 1615 2398 εῠκαιρονς

271 2419 351 2440 mone
364 2418 479 2444 censeo;
500 2418 615 2445 cumque
631 2416 661 2437 ea
675 2416 734 2444 quae
756 2417 803 2444 per
824 2417 853 2437 se
874 2409 944 2436 bona
959 2414 1032 2442 sunt,
1048 2410 1099 2437 nisi
1115 2410 1183 2438 bene
1200 2414 1359 2442 tractentur,
1382 2411 1442 2438 boni
1465 2411 1578 2444 gratiam
1604 2410 1794 2446 perdant(n0u
1816 2409 1894 2437 alin-r

306 2511 316 2526 ²
330 2510 401 2538 Psal.
419 2517 438 2541 i,
456 2509 484 2536 2.
519 2509 539 2524 ¹⁰
577 2508 648 2536 Psal.
663 2515 717 2539 LIV,
734 2507 777 2535 l8.

316 2611 362 2646 25)
378 2610 512 2646 Ἔξωθεγ
528 2609 621 2641 ἰλύος.
643 2619 653 2635 ι
671 2609 712 2646 Ab
731 2613 842 2646 externo
857 2612 920 2636 into.
932 2618 941 2634 ι
961 2609 988 2636 ιιι
1002 2614 1053 2641 est,

272 2656 284 2674 ι
301 2654 316 2674 a
333 2644 423 2674 carnis
437 2644 524 2679 studio
536 2649 563 2670 et
578 2644 715 2679 terrestris
729 2645 852 2679 negotiis.
865 2653 874 2668 i

305 2682 361 2717 (26)
373 2677 549 2717 Μοχθηρρῖς.
564 2678 750 2717 {Lubet-istic
764 2677 893 2707 inolestiaa
910 2677 1006 2717 plenis.
1022 2687 1031 2704 i

306 2713 361 2752 (27)
377 2713 556 2752 Κάῖγνῶνᾳι
573 2714 656 2741 seu».
676 2715 784 2742 Billius:
805 2723 814 2739 ι
835 2719 863 2741 ιιι
883 2713 916 2740 ad
935 2713 982 2740 Dei
1003 2722 1044 2740 co-

271 2753 418 2787 gnitionem
435 2755 630 2787 perveniamus.
642 2760 651 2776 i

306 2787 361 2823 ('28)
377 2783 517 2823 Acié’wgar
528 2786 641 2823 καιρόν,
653 2790 705 2812 etc.
726 2784 825 2811 Allndit
846 2785 878 2811 ad
897 2784 954 2810 haec
969 2783 1050 2823 verba

272 2818 338 2855 psal.
354 2818 448 2852 Luiv.
460 2818 498 2848 ‘3:
520 2827 528 2844 ι
548 2819 755 2855 Cuni'accepero
769 2825 889 2855 tempus,
905 2826 955 2853 ego
971 2818 1050 2852 justi-

272 2858 321 2885 tias
332 2857 467 2891 indicabo.
481 2866 489 2882 ι

817 2506 837 2523 ¹¹
850 2507 921 2535 Psal.
940 2517 1036 2541 xxxiii,
1060 2509 1086 2535 2.
1125 2511 1146 2525 ¹¹
1161 2510 1238 2538 Dent.
1255 2518 1290 2541 Vl,
1303 2511 1330 2538 7.

1371 2511 1392 2527 “
1408 2510 1488 2538 Prov.
1502 2519 1564 2543 xxv,
1578 2511 1624 2539 27.
1669 2511 1690 2527 “
1701 2511 1791 2539 Ecclc.
1809 2519 1849 2544 ni,
1867 2511 1891 2537 l.

1153 2607 1199 2642 29)
1220 2608 1406 2641 Ἐφικγεῖται.
1422 2608 1504 2636 Coisl.
1517 2609 1543 2639 l.
1559 2607 1606 2636 0r.
1621 2609 1647 2641 l,
1659 2608 1891 2642 etc.,éEtxvzi‘tat.

1154 2643 1198 2678 50)
1212 2642 1382 2678 Βλάπτωσι.
1398 2643 1463 2678 Reg.
1482 2644 1535 2676 bm,
1551 2643 1709 2678 βλάπτουσι.

1213 2677 1539 2715 ᾎΥίιοϐαένονταέζῐζθεη
1550 2677 1604 2711 lini,
1615 2678 1837 2715 ὺτιερϐαἰνοντας.

1141 2712 1197 2748 (52)
1211 2712 1307 2739 Τοῦτο.
1323 2713 1399 2740 Deest
1413 2714 1438 2740 in
1453 2714 1519 2748 Reg.
1534 2713 1576 2740 bin
1596 2719 1623 2741 et
1636 2712 1682 2742 0r.
1703 2714 1731 2740 1.

1141 2745 1197 2783 (δ’ὁ)
1209 2748 1314 2782 Λόγον.
1333 2748 1390 2774 Dno
1404 2745 1598 2783 Colb.,Népov,
1617 2757 1627 2773 ‹
1645 2749 1740 2783 legem.
1753 2759 1762 2776 ι

1140 2782 1195 2818 (βτί)
1213 2782 1325 2816 ’Ὠσπερ
1337 2783 1454 2816 ἀσεϐές.
1469 2782 1543 2818 Reg.’
1556 2784 1610 2816 bm,
1627 2782 1681 2810 duo
1699 2783 1787 2816 Colb.,
1804 2783 1888 2811 Coisl.

1103 2818 1131 2858 ξ»,
1144 2817 1237 2858 Qr_.‘_l_,_
1253 2818 1321 2851 ὅπερ
1333 2818 1455 2850 εὐσεϐές.
1466 2828 1475 2844 ι
1488 2817 1556 2855 quod
1568 2819 1640 2854 pium
1655 2823 1707 2846 est.
1721 2828 1730 2845 ι
1743 2819 1788 2847 Sic
1803 2820 1885 2848 etiam

1104 2852 1167 2887 legit
1180 2852 1282 2880 minus.
