2049 3131
195 195 226 222 17
706 195 836 224 ORATIO
857 195 963 224 XXVII.
985 211 1018 216 -——
1039 196 1258 225 'l'llEOLOGlCA
1278 197 1297 224 Ι.
1782 204 1816 231 ,8

191 259 270 289 atque
281 254 367 282 hieme
379 255 557 291 intempestivi
586 259 649 282 sunt
669 254 758 288 ﬂores,
786 262 834 283 nec
853 255 1012 283 mulieribus
1035 256 1128 288 virilis,
1153 264 1201 284 nec
1221 257 1288 284 viris
1311 257 1449 285 muliebris
1471 262 1585 285 ornatus
1613 260 1748 292 convenit,
1770 269 1818 290 nec

191 300 272 327 luctui
306 300 469 335 geometria,
486 307 534 328 nec
553 300 677 328 convivio
696 300 848 336 lacrymae),
865 300 908 328 hic
928 301 1014 328 solum
1037 301 1135 328 nullam
1156 302 1286 336 temporis
1304 303 1434 330 rationein
1451 303 1620 337 habebimus,
1638 305 1682 332 ubi
1700 307 1819 334 maxima

190 349 248 383 ejus
261 350 329 376 ratio
346 349 467 377 habenda
483 349 545 376 est?

224 395 262 422 E'.
282 396 434 431 Μηδαμῶς,
448 393 470 422 ὦ
483 395 555 430 φίλοι
570 395 616 422 καὶ
630 394 738 429 ἀδελφοί
749 403 756 409 ·
774 394 904 429 ἀδελφοὺς
926 394 980 430 γὰρ

1067 394 1096 422 V.
1105 395 1193 428 Absit,
1201 403 1218 423 ο
1227 395 1308 423 amici
1321 404 1352 424 ac
1361 396 1459 424 fratres
1472 406 1477 424 :
1489 397 1586 425 fratres
1597 398 1668 425 enim
1678 399 1767 427 adhuc
1774 408 1820 428 vos

191 441 261 476 ὑμᾶς
272 441 312 468 ἔτι
329 441 415 473 καλῶ,
434 442 533 477 καίπερ
552 442 602 468 οὐκ
617 440 769 476 ἁδελφικῶς
796 440 922 476 ἔχοντας·
942 441 979 476 μὴ

188 486 259 514 οὕτω
274 487 455 522 διανοώμεθα,
471 487 537 522 μηδὲ
552 486 677 522 καθάπερ
688 487 798 513 ἵπποιοὶ
812 486 908 522 θερμοὶ
923 486 979 521 (55)

188 534 236 560 καὶ
249 532 427 560 δυσκάθεκτοι
445 533 513 568 (56),
532 533 576 559 τὸν
597 533 729 568 ἐπιϐάτην
745 532 872 567 λογισμὸν
894 532 980 568 ἀπορ-

191 579 327 614 ρίψαντες,
349 579 394 607 καὶ
413 579 464 615 τὴν
482 578 572 612 καλῶς
590 579 727 614 ἅγχουσαν
749 578 891 606 εὐλάϐειαν
915 578 981 604 ἁπο-

191 625 351 657 πτύσαντες,
373 625 467 660 πόρρω
485 624 535 659 τῆς
557 624 659 659 νύσσης
683 623 803 659 θέωμεν·
831 623 887 650 ἀλλ’
916 624 981 650 εἴσω

188 670 243 697 τῶν
262 670 406 706 ἡμετέρων
426 671 496 706 ὅρων
514 670 716 705 φιλοσοφῶμεν,
735 670 782 696 καὶ
794 669 830 704 μὴ
842 670 882 700 εἰς
900 669 981 703 Αἴγυ-

189 725 254 743 πτον
272 716 327 751 (57)
351 716 551 751 ἐκφερώμεθα,
569 716 635 751 μηδὲ
656 717 696 747 εἰς
718 716 875 750 Ἀσσυρίους
903 723 982 741 κατα-

189 762 353 798 συρώμεθα,
377 763 445 798 μηδὲ
467 762 575 798 ᾄδωμεν
589 762 639 797 τὴν
661 762 732 797 ᾠδὴν
752 762 854 797 Κυρίου
871 762 916 788 ἐπὶ
931 762 981 796 γῆς

187 809 332 845 ἀλλοτρὴς
343 831 349 841 ,
366 810 456 845 πάσης
476 809 559 845 ἀκοῆς
578 809 660 841 λέγω,
681 809 759 844 ξένης
776 817 803 834 τε
819 808 864 834 καὶ
882 808 981 843 ἡμετέ-

188 862 247 888 ρας,
267 853 367 889 ἐχθρᾶς
390 855 437 880 καὶ
458 854 548 888 φιλίας
562 853 628 889 (58),
641 853 810 888 εὐγνώμονος
826 854 872 880 καὶ
895 853 982 888 ἀγνώ-

189 908 268 934 μονος
283 901 350 936 (59),
364 901 380 936 ἢ
397 901 457 927 λίαν
475 900 614 936 ἐπιμελῶς
631 902 709 936 τηρεί
724 901 758 928 τὰ
779 901 911 936 ἡμέτερα,
936 901 982 927 καὶ

189 946 310 981 βούλοιτο
324 946 356 973 ἂν
374 946 421 973 τὸν
441 947 577 982 σπινθῆρα
597 947 651 973 τῶν
668 948 697 973 ἐν
712 949 778 982 ἡμῖν
799 947 892 974 κακῶν
905 947 981 981 γενέ-

189 992 249 1018 σθαι
265 992 363 1027 φλόγα,
379 993 490 1026 ἐξάπτει
506 1002 536 1020 τε
552 994 598 1020 καὶ
614 993 801 1029 ἀναῤῥιπὲζει,
823 994 870 1022 καὶ
886 995 925 1025 εἰς
936 993 983 1019 οὺ·-

190 1038 269 1072 ρανὺν
289 1038 360 1073 αἴρει
378 1039 438 1069 ταῖς
455 1039 520 1073 παρ’
538 1039 637 1073 ἑαυτῆς
651 1039 706 1071 MU)
726 1038 824 1073 αὔραις
839 1038 969 1064 λανΟάνου

189 1092 233 1115 σα,
248 1084 293 1110 καὶ
315 1085 387 1110 ποιεῖ
400 1084 449 1118 τῆς
465 1083 639 1115 Βαϐυλωνίας
654 1084 752 1118 φλογὸς
769 1084 802 1110 τὰ
821 1077 980 1119 κύκλῳκα-
998 1071 1019 1099 Β

187 1130 374 1165 ταφλεγούσης
394 1130 574 1166 ὑψηλοτέραν.
604 1129 714 1165 Ἐπειδὴ
737 1130 791 1165 γὰρ
812 1131 861 1157 οὐκ
877 1132 904 1156 ἐν
925 1132 981 1162 τοῖς

187 1176 293 1203 ἑαυτῶν
314 1177 446 1212 δόγμασιν
469 1176 560 1211 ἔχουσι
578 1176 626 1212 τὴν
644 1177 729 1211 ἰσχὺν,
746 1178 774 1203 ἐν
800 1178 856 1208 τοῖς
882 1177 981 1212 ἡμετέ-

190 1231 247 1257 ροις
269 1222 377 1258 σαθροῖς
394 1221 496 1257 ταύτην
517 1221 679 1256 Οηρεύουσι,
695 1221 743 1248 καὶ
763 1221 807 1248 διὰ
826 1221 915 1253 τοῦτο,
929 1221 982 1248 ὣσ-

188 1277 242 1304 περ
262 1269 289 1295 αἱ
312 1270 387 1303 μυίαι
407 1269 464 1300 τοῖς
483 1268 647 1303 τραύμασιν,
671 1267 741 1294 οὕτω
759 1269 815 1299 τοῖς
839 1268 982 1302 ἡμετέροις

188 1313 363 1344 ἐπιτίθενται,
377 1314 431 1339 εἴτε
443 1313 600 1348 ἀτυχήμασι
614 1313 666 1348 χρὴ
677 1313 778 1346 λέγειν,
794 1313 847 1339 εἴτε
859 1313 982 1348 ἁμαρτή-

190 1367 282 1394 μασιν.
301 1359 371 1385 Ἀλλ’
390 1360 471 1394 ἡμεῖς
493 1367 524 1392 γε
549 1358 586 1393 μὴ
609 1359 654 1384 ἐπὶ
677 1358 767 1385 πλεῖον
792 1360 864 1394 ἡμᾶς
884 1359 982 1390 αὐτοὺς

188 1405 378 1440 ἀγνοήσωμεν,
397 1404 463 1439 μηδὲ
482 1404 512 1430 τὸ
528 1404 591 1439 περὶ
605 1403 689 1430 ταῦτα
707 1404 818 1438 κόσμιον
841 1404 981 1438 ἁτιμάσω‹

189 1459 255 1486 μενο
279 1450 337 1477 ἀλλ’
357 1451 381 1476 εἰ
400 1450 437 1485 μὴ
451 1449 500 1484 τὴν
517 1449 616 1484 ἔχθραν
641 1449 843 1476 καταλύσασθαι
858 1450 980 1481 δυνατὸν,

189 1497 276 1524 ἐκεῖνό
293 1497 348 1532 (41)
364 1505 395 1530 γε
408 1496 555 1532 συμϐῶμεν
570 1496 705 1531 ἀλλήλοις.
721 1496 858 1531 μυστικῶς
879 1496 914 1523 τὰ
931 1505 981 1531 μυ-

189 1544 268 1570 στικὰ
282 1542 460 1578 φθέγγεσθαι,
475 1543 521 1569 καὶ
534 1542 618 1576 ἁγίως
630 1542 664 1568 τὰ
677 1542 754 1576 ἅγια,
768 1543 814 1569 καὶ
828 1543 864 1578 μὴ
877 1543 982 1577 ῥίπτειν

188 1590 228 1619 εἰς
245 1589 374 1625 βεϐήλους
387 1588 472 1619 ἀκοὰς
485 1588 517 1614 τὰ
536 1587 573 1622 μὴ
588 1587 703 1622 ἕκῳορα,
720 1588 787 1622 μηδὲ
803 1588 982 1623 σεμνοτέρους

189 1636 265 1671 ἡμῶν
281 1635 475 1669 ἀποφαῖνωμεν
494 1635 556 1665 τοὺς
572 1633 792 1668 προσκυνοῦντας
811 1635 867 1666 τοῖς
889 1634 982 1669 δαιμο-

188 1682 264 1713 νίοις,
283 1682 330 1708 καὶ
341 1681 395 1707 τῶν
412 1681 532 1716 αἰσχρῶν
548 1680 639 1716 μύθων
656 1681 702 1707 καὶ
720 1681 889 1715 πραγμάτων
907 1680 983 1716 θερα-

189 1729 302 1760 πευτὰς,
316 1728 340 1754 οἳ
351 1728 448 1754 Θᾶττον
468 1728 500 1754 ἂν
517 1727 565 1754 τοῦ
582 1727 707 1762 αἵματος,
724 1728 740 1762 ἦ
759 1727 846 1761 λόγων
857 1728 930 1755 ἔστιν
945 1725 982 1756 ὦν

190 1774 328 1808 μεταδοῖεν
345 1775 400 1805 τοῖς
416 1774 560 1808 ἀμυήτοις·
576 1773 633 1799 ἀλλ’
644 1772 769 1807 εἰδῶμεν,
786 1773 880 1809 ὥσπερ
898 1774 981 1809 ἐσθῆ-

188 1828 244 1851 τος,
260 1820 306 1847 καὶ
316 1820 433 1854 διαίτης,
452 1820 498 1846 καὶ
515 1819 642 1853 γέλωτος,
656 1820 702 1845 καὶ
717 1819 880 1854 βαδίσματος
899 1818 982 1847 οὖσάν

189 1875 249 1892 τινα
258 1866 422 1901 κοσμιότητα
428 1866 483 1901 (42)
489 1865 568 1894 ,οὕτω
575 1866 622 1892 καὶ
627 1866 705 1899 λόγου
714 1866 760 1892 καὶ
768 1867 927 1901 σιωπῆςβτι
935 1868 982 1894 καὶ

191 1912 275 1945 Λόγον
299 1912 484 1947 πρεσϐεύομεν
503 1912 571 1947 μετὰ
582 1911 634 1938 τῶν
647 1912 733 1939 ἄλλων
750 1911 796 1938 τοῦ
811 1912 878 1938 Θεοῦ
895 1922 979 1948 προσ-

191 1959 320 1994 ηγοριῶν,
336 1960 381 1986 καὶ
401 1960 541 1995 δυνάμεων
553 1968 559 1974 ι
576 1958 646 1985 ἔστω
660 1959 706 1985 καὶ
718 1959 748 1984 τὸ
761 1958 912 1993 φιλόνεικον
922 1961 977 1995 (45)

190 2005 206 2040 ἠ
211 2004 268 2040 μῶν
280 2005 401 2040 ἔννομον,

1030 440 1146 474 appello,
1157 441 1264 468 tametsi
1277 449 1370 476 parum
1380 441 1500 470 fraterno
1509 450 1572 477 erga
1586 451 1635 470 nos
1644 445 1734 472 animo
1744 446 1817 474 sitis:

1030 487 1102 514 absit
1115 491 1142 514 ιιι
1150 487 1185 514 ita
1193 487 1350 521 sentiamus,
1358 496 1390 515 ac
1396 488 1535 523 velutequi
1543 489 1678 517 feroceSet
1685 485 1819 524 indomiti,

1031 534 1148 565 ratione,
1161 533 1238 567 quasi
1247 541 1365 564 sessore.
1378 542 1504 568 excussa,
1515 535 1693 570 religiosaque
1706 538 1820 572 gravita-

1033 585 1068 613 te,
1080 588 1130 615 qua
1143 580 1492 616 praeclarecompcscimnr,
1504 583 1654 617 repudiata,
1665 584 1760 619 procul
1770 593 1818 612 ex-

1033 628 1073 650 tra
1085 629 1185 651 metant
1200 631 1359 656 curramus;
1373 632 1467 651 verum
1482 625 1580 652 linibtts
1590 626 1691 653 nostris
1701 627 1820 661 disputa-

1034 671 1120 698 tiones
1133 676 1241 698 nostras
1256 678 1440 703 coerceamus,
1450 666 1499 698 nec
1511 671 1536 698 in
1547 671 1691 707 [Egyptum
1702 673 1820 707 praecipi-

1034 722 1073 744 tes
1085 716 1216 749 feramur,
1231 724 1279 744 nec
1288 717 1455 751 adAssyrios
1466 717 1665 752 perlrahamnr,
1675 725 1725 745 nec
1737 719 1820 745 canti-

1032 770 1092 790 cum
1103 763 1208 790 Domini
1220 763 1247 790 itt
1259 768 1330 790 terra
1343 762 1430 789 aliena
1440 767 1580 791 cantemus
1588 763 1620 796 ’⁸,
1628 763 1679 790 hoc
1688 768 1739 796 est,
1749 765 1819 799 apud

1033 810 1143 844 quosvis
1151 809 1298 841 auditores,
1308 813 1361 835 tam
1373 814 1506 836 nostrates
1515 817 1593 844 quant
1603 816 1755 842 extraneos,
1765 816 1818 837 tattt

1033 856 1124 883 hostes
1132 863 1211 890 quam
1221 855 1333 888 amicos,
1345 861 1398 882 tam
1412 856 1542 890 benignos
1550 863 1631 890 quant
1646 851 1776 891 malignos
1787 863 1819 883 ac

1032 901 1112 937 491
1139 906 1330 936 praeposterus,
1350 902 1395 936 qui
1418 910 1525 929 summo
1549 903 1638 929 studio
1655 910 1696 930 res
1713 907 1819 930 nostras

1034 947 1194 980 explorant,
1223 947 1344 981 nihilque
1375 948 1480 974 avidius
1506 952 1654 982 expetunt,
1682 955 1762 982 qttatn
1790 954 1820 975 ttt

1034 993 1165 1021 malorunt
1189 998 1342 1021 nostroruut
1364 994 1480 1021 scintilla
1505 994 1531 1021 in
1556 994 1691 1022 [laminam
1715 999 1817 1028 surgal,

1034 1046 1115 1073 quarti
1140 1039 1221 1065 etiam
1249 1039 1342 1065 furtim
1363 1040 1543 1072 exsuscilant,
1557 1045 1639 1073 atque
1656 1040 1818 1072 accendunt,

1035 1092 1161 1119 auraeque
1177 1093 1232 1112 sua:
1249 1084 1340 1112 uillatu
1357 1085 1383 1112 itt
1397 1085 1496 1112 cwlunt
1515 1086 1649 1116 attollunt,
1666 1091 1693 1113 et
1705 1086 1819 1122 Babylo-

1033 1132 1092 1158 nica
1110 1131 1215 1158 ﬂamma
1232 1132 1261 1163 ιθ,
1284 1132 1310 1158 itt
1328 1132 1421 1159 orbem
1441 1133 1531 1160 omnia
1557 1133 1712 1167 populante,
1734 1134 1817 1161 subli-

1034 1178 1145 1204 miorem
1168 1177 1291 1204 reddunt.
1323 1177 1456 1210 Quoniam
1481 1179 1553 1204 enim
1568 1179 1593 1204 in
1611 1179 1668 1205 suis
1686 1179 1817 1214 dogmati-

1034 1222 1082 1249 bus
1096 1222 1162 1249 nihil
1185 1221 1237 1249 sibi
1261 1222 1379 1256 pra-sidii
1400 1222 1559 1256 ruborisque
1582 1223 1760 1249 constitutunt
1778 1222 1818 1249 vi-

1033 1268 1106 1300 dent,
1127 1268 1177 1295 hoc
1194 1268 1219 1294 in
1237 1272 1391 1294 nostrarum
1410 1275 1500 1294 rerum
1520 1268 1705 1296 imbecillitate
1721 1276 1820 1296 venan-

1034 1319 1088 1341 tur.
1104 1315 1142 1341 Ac
1159 1315 1282 1348 proinde,
1299 1314 1525 1348 quemadmodum
1543 1322 1642 1342 musca:
1654 1314 1817 1346 vulneribus.

1034 1361 1070 1387 ita
1084 1361 1185 1387 nostris
1198 1359 1410 1392 calamitatibus,
1427 1363 1483 1388 aut.
1497 1359 1519 1386 si
1537 1360 1633 1393 mavis,
1651 1361 1750 1388 erratis
1769 1360 1820 1387 int-

1034 1406 1148 1433 tuinent.
1181 1407 1217 1433 At
1244 1413 1292 1432 nos
1321 1406 1430 1440 quidem
1460 1407 1640 1440 nosmetipsos
1664 1407 1764 1434 diutius
1787 1414 1819 1433 ne

1034 1453 1201 1487 ignoremus,
1228 1459 1277 1479 nec
1305 1453 1531 1485 moderationem,
1554 1459 1613 1487 quae
1634 1452 1659 1479 in
1679 1452 1720 1479 ltis
1741 1451 1820 1478 rebus

1034 1499 1145 1525 tenenda
1162 1503 1214 1530 est,
1231 1505 1420 1532 aspernemur.
1435 1498 1513 1531 Quod
1530 1498 1551 1524 si
1565 1498 1721 1524 inimicitias
1740 1503 1820 1532 atque

1033 1543 1094 1571 odia
1117 1544 1292 1578 exstinguere
1310 1551 1362 1571 non
1381 1551 1536 1578 possumus,
1553 1543 1617 1570 illttd
1636 1543 1730 1570 saltem
1750 1543 1819 1569 inter

1033 1597 1083 1616 ttos
1100 1590 1256 1622 conveniat,
1273 1595 1302 1616 ut
1315 1590 1426 1625 mystica
1442 1589 1568 1624 mySLice,
1582 1593 1608 1615 et
1621 1594 1715 1615 saneta
1727 1595 1820 1616 sancte

1035 1637 1237 1671 proloquantur,
1256 1642 1305 1662 nec
1321 1636 1346 1662 itt
1362 1635 1491 1668 profanas
1507 1643 1596 1668 aures,
1612 1643 1671 1669 qua:
1686 1635 1712 1661 itt
1726 1634 1820 1669 vulgus

1034 1681 1123 1709 efferri
1152 1682 1229 1709 nefas
1253 1687 1304 1715 est,
1325 1682 1511 1716 projiciatttus,
1538 1688 1586 1708 nec
1603 1681 1738 1716 patiantur
1760 1682 1821 1708 reli-

1034 1729 1166 1763 giosiores
1185 1736 1265 1762 quam
1287 1735 1335 1755 nos
1351 1728 1437 1755 videri
1459 1735 1523 1760 eos,
1547 1727 1592 1761 qui
1612 1727 1747 1754 daemones
1774 1727 1821 1754 ad-

1037 1780 1127 1807 orant,
1138 1780 1164 1802 et
1180 1775 1296 1808 turpium
1311 1773 1462 1801 fabularum
1473 1781 1503 1800 ac
1519 1781 1608 1800 rerum
1625 1773 1726 1800 cultum
1740 1775 1821 1808 proli-

1037 1826 1143 1853 tenlur;
1173 1822 1272 1855 quippe
1293 1821 1338 1854 qtti
1362 1821 1405 1852 iis,
1423 1821 1468 1855 qtti
1485 1828 1537 1847 non
1559 1819 1651 1847 iisdem
1668 1820 1754 1847 sacris
1769 1819 1821 1846 ini-

1035 1868 1092 1895 tiati
1123 1873 1202 1899 sunt,
1231 1874 1356 1894 cruorem
1383 1867 1471 1902 potitts
1498 1875 1575 1894 suuttt
1604 1867 1818 1902 impertiretttur,

1034 1922 1114 1948 quam
1139 1920 1288 1944 sermones,
1320 1912 1418 1946 quibus
1444 1912 1570 1947 mysteria
1590 1920 1637 1939 sua
1654 1912 1819 1946 detegerem.

1035 1961 1232 1995 Agttoscatttus,
1257 1964 1286 1985 ut
1310 1959 1335 1985 itt
1358 1959 1465 1988 vestitu,
1493 1958 1576 1989 victu,
1599 1958 1666 1989 risu,
1683 1962 1763 1992 atque.
1780 1957 1818 1983 itt-

1034 2014 1122 2035 ecssu.
1144 2006 1183 2033 sic
1198 2006 1224 2031 in
1237 2012 1361 2032 sermone
1380 2012 1411 2030 ac
1429 2003 1538 2030 silentio
1551 2007 1660 2030 modum
1677 2003 1819 2036 quemdam

189 2061 221 2080 at:
244 2053 370 2080 decorum
390 2052 534 2079 tenendum
553 2059 625 2084 esse,
649 2052 798 2085 praesertim
821 2059 882 2078 cunt
905 2052 975 2079 inter
997 2057 1035 2080 tot
1069 2053 1114 2079 Dei
1136 2051 1251 2078 virtutes
1268 2058 1298 2077 ac
1318 2051 1425 2076 nomina
1443 2050 1528 2083 Λόγον
1545 2057 1662 2084 quoque,
1689 2050 1738 2076 ltoc
1761 2055 1819 2081 est,

190 2097 319 2129 Verbum,
339 2098 478 2130 colamus;
503 2105 584 2132 atque
604 2097 755 2131 contingat,
770 2102 798 2123 ut
814 2098 869 2131 ipsa
889 2099 970 2125 etiam
991 2099 1129 2126 contentio
1144 2102 1234 2124 nostra
1250 2097 1369 2130 legitima
1386 2096 1431 2122 sit.

226 2148 270 2180 ς’.
291 2147 323 2172 Τί
337 2147 462 2181 γέννησιν
482 2145 537 2180 (Η)
555 2145 648 2172 ἀκούει
668 2145 734 2171 Θεοῦ
755 2146 802 2172 καὶ
817 2145 916 2177 κτὶσιν,
934 2147 980 2173 καὶ

189 2191 255 2218 Θεὸν
279 2191 309 2223 ἐξ
323 2192 372 2218 οὐκ
395 2191 489 2222 ὄντων,
511 2191 557 2217 καὶ
584 2190 680 2225 τομὴν,
705 2190 751 2216 καὶ
770 2191 913 2226 διαίρεσιν,
933 2192 980 2218 καὶ

189 2237 329 2268 ἀνάλυσιν,
344 2237 358 2263 ὁ
374 2236 469 2272 πικρὸς
489 2235 543 2262 τῶν
565 2234 718 2269 λεγομένων
741 2234 880 2270 ἀκροατής
903 2234 979 2269 (45);

190 2284 222 2310 Τί
235 2283 365 2314 δικαστὰς
377 2283 441 2314 τοὺς
456 2282 624 2318 κατηγόρους
641 2281 803 2316 καοίζομεν;
819 2281 851 2307 Τί
866 2281 899 2307 τὰ
916 2281 979 2317 ξίφη

189 2331 245 2361 τοῖς
267 2330 373 2366 ἐχθροῖς
393 2328 597 2364 ἐγχειρίζομεν;
618 2326 689 2359 Πῶς,
717 2326 778 2357 οἴει,
805 2326 909 2359 δέξεται
934 2328 978 2353 τὸν

1069 2145 1111 2173 Vl.
1132 2145 1186 2172 Cur
1205 2145 1251 2172 Dei
1271 2144 1473 2178 generationem
1498 2148 1525 2170 et
1543 2143 1722 2175 creationem,
1741 2148 1822 2178 atque

1031 2192 1115 2219 Deum
1129 2199 1162 2219 ex
1182 2190 1269 2218 niltilo
1285 2195 1388 2223 ortum,
1405 2197 1453 2218 cur
1464 2190 1609 2222 sectiones,
1625 2194 1652 2217 et
1665 2189 1819 2220 ditisiones.

1032 2245 1063 2264 ac
1086 2236 1264 2264 resolutiones
1286 2235 1331 2262 ille
1351 2236 1437 2267 audit,
1454 2235 1500 2270 qui
1520 2243 1593 2262 saevo
1618 2239 1700 2269 atque
1716 2234 1822 2262 infenso

1033 2282 1123 2309 animo
1149 2281 1302 2316 hnjttsmodi
1327 2288 1465 2308 sermones
1481 2281 1630 2315 expendit?
1646 2280 1700 2308 Cur
1712 2288 1822 2308 accusa-

1035 2330 1107 2353 tores
1131 2327 1203 2360 ipsos
1223 2326 1328 2359 judtccs
1348 2326 1554 2353 constituitttus’.’
1574 2326 1628 2353 Cur
1651 2326 1772 2352 hostibus
1792 2326 1819 2352 in

192 2376 370 2410 περὶτούτων
388 2375 480 2410 λόγον,
501 2375 516 2410 ἢ
535 2373 594 2409 μεθ’
616 2373 675 2404 οἵας
688 2372 738 2407 τῆς
757 2372 885 2405 διανοίας,
903 2374 916 2400 ὁ
933 2373 981 2405 τὰς

1034 2373 1180 2408 perniciem
1203 2377 1323 2400 nostram
1337 2372 1439 2408 gladios
1454 2372 1637 2408 porrigitnus?
1651 2372 1709 2405 Quo
1721 2376 1814 2407 pacto,

539 2420 561 2436 ³⁵
575 2420 639 2446 Dan.
658 2426 697 2450 ιιι,
707 2418 751 2445 ‘22.

229 2478 327 2511 t'55)01
343 2477 453 2512 θερμοί.
473 2476 550 2504 Deest
564 2477 588 2502 οἱ
605 2475 630 2501 in
643 2474 726 2510 [ἷξες.
740 2483 766 2507 a,
785 2476 839 2508 bm,
858 2475 938 2503 Coisl.
949 2475 977 2507 5,

192 2519 218 2542 et
233 2514 279 2540 0r.
297 2515 321 2539 ι.

228 2549 286 2583 (56)
304 2548 357 2575 Kal
375 2547 642 2583 BtraxddexmnSic
662 2547 726 2581 Reg.
743 2546 798 2577 bitt,
814 2546 896 2574 Coisl.
917 2547 944 2578 5,
955 2551 983 2573 et

193 2584 240 2611 0r.
263 2584 287 2610 1.
301 2584 327 2610 Ιιι
342 2584 432 2615 editis,
450 2583 496 2609 καὶ
508 2582 683 2614 δυσκάθετος.

229 2619 285 2654 (57)
302 2619 354 2652 Εις
367 2614 529 2652 Αιγυπτον.
547 2627 556 2643 ι
573 2618 603 2644 In
614 2617 768 2652 [Egypt-im.
786 2625 795 2641 ι
813 2614 841 2642 ld
854 2622 905 2648 est,
922 2625 930 2641 ι
950 2623 982 2642 tte

195 2655 281 2682 aliena
298 2655 422 2689 dogmata
434 2658 581 2689 sectentur.
595 2663 604 2678 ι

229 2689 286 2724 (38)
306 2687 421 2724 Φῇὶίας.
444 2688 500 2714 Duo
512 2688 606 2724 (loisl.,
620 2687 709 2724 φίλης.

229 2720 285 2759 (59)
302 2723 499 2758 Εὺηψώμονος
520 2722 568 2749 καὶ
589 2720 771 2758 ἀγὶρώιίονος.
797 2720 868 2748 Elias
892 2721 981 2754 vertit,

198 2769 208 2786 ι
235 2764 305 2786 recte
322 2760 536 2788 ratiocinantem,
549 2763 575 2783 et
587 2758 678 2791 judicii
692 2763 841 2791 expertem.
866 2766 874 2783 ι

232 2794 286 2827 (40)
305 2793 439 2827 Ἑαιστῆς.
461 2793 507 2820 0r.
524 2793 546 2825 I,
562 2793 675 2823 ἑαυτοῖς.

233 2829 288 2864 (Η)
303 2829 430 2856 Ἐκεῖνο.
445 2828 471 2854 Ιιι
484 2828 629 2864 nopnullis,
643 2827 748 2864 ἐκείνῳ.

234 2861 289 2899 (ω)
304 2865 499 2899 linquontur.
518 2862 563 2890 Sic
588 2864 639 2889 duo
660 2863 745 2898 ltegii.
774 2861 824 2888 Alii
849 2861 982 2897 κοςμύτη-

198 2908 231 2926 τα
248 2897 407 2934 [Ittt'lttlttsé].

236 2930 291 2966 (ἰῦ)
307 2930 489 2961 Φιλόιίεικοισ.
509 2932 601 2961 Dillius
616 2932 650 2961 ad
673 2932 821 2967 marginem
836 2930 897 2960 Bas.
915 2932 983 2959 scri-

228 2423 248 2438 ¹³
263 2421 333 2449 Psal.
344 2429 452 2453 cum,
473 2422 499 2447 ι.

1035 2475 1097 2509 psit.
1114 2475 1144 2502 τὸ
1163 2474 1314 2511 φιλότιμον.
1339 2475 1383 2501 Sic
1397 2475 1478 2501 etiam
1501 2474 1589 2511 legunt
1604 2473 1674 2500 Elius
1687 2478 1714 2511 et
1738 2473 1820 2511 [ιριινς

1035 2511 1154 2537 Combef.
1180 2509 1259 2543 vero,
1270 2510 1431 2544 φιλονεικεῖν
1453 2511 1520 2545 ἡμῖν
1530 2509 1541 2524 ⁷·
1557 2519 1565 2534 ι
1585 2510 1670 2544 ipsunt
1686 2509 1736 2544 hoc
1750 2509 1822 2544 quod

1035 2546 1232 2577 contendimus,
1248 2546 1281 2572 sit
1295 2546 1370 2572 nobis
1386 2545 1542 2578 legititttnm.
1556 2554 1565 2570 ›

1071 2581 1126 2615 (44)
1141 2580 1302 2613 Γέννησιν,
1318 2584 1370 2607 etc.
1387 2579 1532 2614 Gregorius
1542 2580 1585 2606 ltic
1598 2579 1752 2613 perstringit
1767 2579 1821 2605 Ett-

1036 2617 1178 2642 ttomiattos
1191 2635 1198 2646 ,
1215 2617 1259 2649 qui
1271 2634 1279 2646 ,
1299 2615 1369 2649 apud
1387 2615 1501 2649 gentiles
1515 2635 1522 2646 ,
1536 2615 1634 2649 quibus
1651 2622 1702 2641 non
1725 2615 1822 2641 licebat

1035 2651 1097 2677 talia
1115 2651 1218 2682 audire,
1236 2651 1268 2677 de
1284 2650 1338 2676 Deo
1354 2654 1514 2684 arroganter
1526 2655 1552 2676 et
1566 2657 1626 2676 cutn
1640 2649 1822 2676 ostentatione

1035 2685 1219 2716 disserebant,
1236 2693 1297 2712 ctttn
1319 2685 1370 2719 ipsi
1391 2685 1416 2711 itt
1436 2685 1545 2711 deorum
1568 2692 1676 2711 suorum
1702 2685 1818 2719 patroci-

1035 2722 1108 2746 ninttt
1135 2727 1274 2747 sermones
1295 2721 1375 2746 etiam
1392 2719 1521 2746 adltibere
1540 2723 1658 2754 possent.
1684 2719 1750 2746 Nam
1766 2718 1819 2745 Ett-

1033 2755 1151 2782 nomiani
1169 2759 1287 2781 creatum
1305 2761 1365 2781 esse
1378 2754 1475 2781 Filium
1493 2754 1550 2786 Dei,
1562 2759 1706 2788 ortumque
1728 2754 1761 2781 de
1778 2754 1819 2780 ni—

1033 2790 1088 2817 hilo
1107 2790 1320 2821 contendebant,
1343 2789 1438 2824 sicque
1461 2790 1583 2816 eumdem
1599 2797 1613 2816 ιι
1638 2789 1716 2816 Patre
1743 2789 1818 2824 quasi

1033 2825 1195 2852 disst-calttnt
1212 2825 1383 2859 separabanl.

1068 2860 1123 2894 (ὧῦ)
1138 2859 1303 2893 Άκρσίιτής.
1326 2868 1334 2884 ι
1355 2859 1475 2886 Auditor.
1503 2869 1511 2885 ι
1536 2859 1646 2886 Coislin.
1678 2859 1700 2890 I,
1727 2858 1818 2891 ἐξετα-

1034 2896 1110 2930 στὴς,
1128 2903 1137 2921 ι
1157 2895 1305 2930 indagator.
1327 2903 1336 2920 ι
1359 2895 1403 2923 Sic
1417 2895 1496 2922 etiam
1510 2894 1572 2929 legit
1590 2894 1692 2921 Billius.
