2049 3131
193 198 226 227 21
556 227 558 232 ,
707 201 834 228 ORATIO
854 201 960 229 XXVII.

1034 203 1255 232 THEOLOGICA
1273 203 1293 230 I.
1772 201 1809 229 92

197 255 252 282 ρον,
269 247 285 281 ἢ
309 247 486 283 ἀσεϐεστερον
508 247 578 282 (55)'
597 247 643 273 καὶ
664 248 748 274 κακὸν
764 249 793 274 οὐ
814 248 896 275 καλοῦ
913 249 976 283 πρά-

1035 251 1140 286 accipit;
1157 258 1204 285 per
1220 251 1361 283 fenestras,
1380 254 1408 278 ut
1423 250 1560 286 Scriptura
1577 250 1695 285 loquitur
1707 249 1739 281 ιδ,
1753 249 1806 276 hoc

194 301 298 328 γματος
315 292 408 328 μισθὸν
425 293 600 329 ἀντιδίδομεν,
617 294 665 328 τῆς
677 294 802 326 ἀσεϐείας
812 294 860 329 τὴν
873 297 976 332 παρρη-

1033 303 1082 327 est.
1111 305 1159 332 per
1179 305 1305 324 sensuum
1331 305 1447 332 organa,
1476 303 1589 324 mortem
1616 294 1809 323 introducens?

197 339 266 390 σίαν.
395 388 399 390 ἐ
475 384 482 390 1
577 385 582 390 Ι
1033 341 1090 369 Imo
1115 347 1208 370 contra
1233 343 1342 370 omnino
1367 343 1492 374 facimus,
1509 347 1589 377 atque
1604 342 1684 378 593
1698 341 1809 368 aliorum

196 384 267 411 vitiis
294 383 444 412 libertatem
467 384 561 411 damus
574 385 638 418 (non
654 392 734 412 secus
749 392 781 412 ac
796 390 870 420 parta
889 386 1002 414 victoria
1023 395 1100 422 reges
1112 388 1241 415 militibus
1274 388 1329 416 suis
1362 388 1515 415 vacationes
1549 387 1726 422 concedunt),
1760 386 1809 415 hac

199 428 333 454 duntaxat
350 428 408 463 lege
440 434 468 455 et
500 430 665 462 conditione,
695 435 723 457 ut
745 431 771 457 in
798 436 904 458 nostras
926 436 1017 466 partes
1036 434 1236 468 propendeant,
1264 438 1345 468 atque
1368 434 1497 460 adversus
1524 433 1605 459 Deum
1632 432 1727 467 majori
1750 439 1809 459 cum

195 474 306 501 audacia
325 481 353 502 et
372 475 508 510 impietate
532 480 625 508 rurant;
652 484 684 504 ac
707 478 802 504 malam
824 486 876 505 non
894 478 970 506 bona:
991 478 1029 506 rei
1061 480 1211 507 mercedem
1248 480 1314 515 ipsis
1343 480 1495 515 pendimus,
1511 486 1560 514 pro
1579 478 1715 513 impietate
1731 477 1812 504 nimi—

193 529 252 548 rum
272 522 399 556 peccandi
419 523 556 550 licentiam
571 524 634 558 ipsis
650 525 844 558 persolventes.

228 568 269 593 H’.
287 567 426 602 Καίτοιγε,
443 565 466 594 ὧ
482 569 632 596 διαλεκτικὲ
647 570 692 596 καὶ
707 570 780 602 λάλε,
800 571 929 606 ἐρωτήσω
945 571 975 597 σέ

193 620 219 637 τι
237 611 350 648 μικρόν·
368 612 399 639 σὺ
412 613 439 639 δὲ
456 614 612 649 ἀπόκριναι,
626 615 692 650 φησὶ
707 615 745 650 τῷ
767 615 825 642 Ἰὼϐ
838 616 852 642 ὁ
866 616 909 642 διὰ
922 616 976 642 λαί-

193 655 276 687 λαπος
297 656 343 682 καὶ
359 657 446 691 νεφῶν
470 659 655 693 χρηματίζων.
680 659 794 695 Πότερον
813 661 908 687 πολλαὶ
926 669 975 696 μο-

193 701 237 727 ναὶ
251 701 306 736 (56)
324 703 398 738 παρὰ
414 702 452 737 τῷ
470 703 544 738 Θεῷ,
562 704 630 739 ὅπερ
648 704 765 736 ἀκούεις,
781 705 797 740 ἦ
820 706 888 740 plot;
912 706 976 733 Πολ-

192 746 247 778 λαὶ,
260 747 354 779 δώσεις
366 748 482 784 δηλαδὴ,
496 750 542 776 καὶ
554 749 591 775 ὀὐ
609 750 666 785 μία.
684 750 798 785 Πότερον
819 751 846 777 δὲ
870 751 976 787 πληρω-

194 791 271 826 θῆναι
287 791 326 818 δεῖ
338 793 437 824 πάσας,
455 794 471 828 ἢ
487 793 535 825 τὰς
556 794 615 828 μὲν,
632 795 680 826 τὰς
693 795 721 821 δὲ
735 794 775 828 οὒ,
792 796 829 827 ὡς
850 793 918 822 εἶναι
933 805 977 823 κε-

1064 568 1130 596 VIII.
1151 567 1254 602 Atqui,
1275 574 1291 594 ο
1306 567 1445 594 dialectice
1468 570 1494 593 et
1508 565 1604 600 loquax
1617 585 1624 598 ,
1643 562 1764 591 nonnihil
1783 565 1810 589 te

1029 614 1197 647 interrogabo
1213 622 1219 639 :
1238 617 1264 638 tu
1283 619 1348 639 vero
1371 611 1519 646 responde,
1539 616 1567 637 ut
1594 609 1731 644 inquiebat
1747 608 1789 635 ille
1801 628 1808 640 ,

1028 660 1072 694 qui
1087 659 1119 685 ad
1134 657 1184 685 Job
1197 664 1243 691 per
1259 656 1392 682 turbinem
1408 663 1438 682 ac
1451 654 1535 681 nubes
1545 653 1653 680 oracula
1666 653 1762 680 edebat
1777 651 1808 678 ι’.

1029 704 1150 730 Μιιιιιιξηθ
1167 702 1235 736 apud
1257 699 1339 728 Deum
1358 700 1510 726 mansiones
1535 703 1596 725 sunt
1609 717 1615 729 ,
1633 695 1808 732 quemadmo-

1029 750 1090 778 dum
1116 749 1255 783 Scriptura
1281 747 1358 774 docet
1372 746 1405 779 ",
1430 753 1463 772 an
1484 752 1536 771 una
1562 742 1684 771 tantum?
1709 741 1808 773 Multae,

1030 795 1135 829 inquies
1147 815 1154 827 ,
1171 802 1222 822 non
1238 800 1302 820 una.
1324 792 1414 819 Recte.
1431 792 1487 826 Age
1510 797 1575 816 vero
1586 809 1593 821 ,
1611 797 1692 816 easne
1716 794 1809 814 omnes

192 835 251 868 νὰς,
265 837 312 863 καὶ
325 837 412 873 μάτην
424 839 641 874 ἡτοιμασμένοις
656 840 710 866 Ναὶ
722 841 810 872 πάσας
819 849 825 854 ·
839 842 912 867 οὐδὲν
923 841 976 876 γὰρ

1028 841 1146 876 impleri,
1167 847 1200 866 an
1224 838 1353 873 quasdam
1378 837 1504 871 quidem,
1519 839 1630 863 caeteras
1648 839 1736 861 autem
1759 832 1809 859 mi-

194 882 255 916 είκῆ
270 882 325 909 τῶν
340 883 415 919 παρὰ
428 884 494 910 Θεοῦ
504 885 665 920 γενομένων.
679 886 785 921 Ταύτην
797 887 836 918 δὲ,
852 887 898 913 ὅτι
913 896 977 913 ποτε

193 927 286 962 θήσεις
302 928 351 963 τὴν
365 929 458 963 μονὴν,
472 929 542 964 ἔχοις
559 930 592 956 ἂν
609 931 695 956 εἰπεῖν
706 939 712 963 ;
724 929 796 967 ’Ἃρα
811 931 859 967 τὴν
875 932 978 958 ἐκεῖθεν

194 971 347 998 ἀνάπαυσιν
363 982 391 999 τε
407 975 452 1000 καὶ
468 974 545 1006 δόξαν
560 976 608 1010 τὴν
624 976 808 1011 ἀποκειμένην
822 968 877 1008 τοῖς
895 986 979 1012 μακα-

194 1015 262 1050 ρίοις
278 1017 345 1051 (57),
358 1017 374 1052 ἦ
389 1018 452 1045 ἄλλο
468 1028 510 1051 τι;
528 1020 583 1046 Οὐκ
602 1020 665 1046 ἄλλο
677 1030 713 1053 τι⁷
728 1021 744 1056 ἣ
761 1022 848 1048 τοῦτο.
871 1022 977 1058 Ἐπειδὴ

191 1061 264 1087 τοῦθ’
281 1062 335 1096 (58)
353 1063 577 1100 ὡμολογήσαμεν,
593 1067 702 1092 κάκεῖνο
720 1067 976 1103 προσεξετάσωμεψ

194 1106 271 1132 Ἔστι
289 1107 356 1133 τιτὸ
375 1108 476 1140 ταύτας
490 1110 636 1144 προξενοῦν
657 1111 706 1142 τὰς
725 1112 817 1146 μονὰς,
834 1112 871 1143 ὡς
886 1113 900 1139 ὁ
914 1113 978 1148 ἐμὸς

191 1150 278 1184 λόγος,
295 1151 414 1186 ἦοὺδένς
437 1154 513 1180 Ἐστι
533 1154 649 1185 τάντως.
667 1155 698 1181 Τί
714 1155 812 1189 toi-co;
832 1157 868 1182 Τὸ
884 1156 976 1190 διαφό-

193 1204 256 1230 ρους
270 1195 337 1223 εἶναι
357 1198 492 1230 πολιτείας
506 1200 552 1225 καὶ
571 1200 755 1234 προαιρέσεις,
768 1201 815 1227 καὶ
833 1201 915 1236 ἄλλην
929 1202 976 1228 ἀλ-

192 1240 274 1275 λαχοῦ
287 1242 378 1277 φέρειν
393 1243 463 1270 κατὰ
475 1244 524 1279 τὴν
542 1244 687 1278 ἀναλογίαν
700 1245 750 1280 τῆς
769 1246 895 1278 πίστεως,
909 1247 977 1282 ὅπερ

191 1286 239 1312 καὶ
255 1286 343 1320 ὀδοὺς
361 1288 538 1324 ὀνομάζομεν.
554 1290 646 1321 Πάσας
663 1289 709 1317 οὖν
721 1291 853 1322 ὀδευτέον,
870 1292 886 1326 ἦ
901 1300 977 1323 τινας

190 1331 245 1358 τῶν
265 1333 331 1359 ὁδῶν
347 1333 464 1367 τούτων;
491 1335 522 1361 Ei
550 1335 598 1370 μὲν
621 1333 675 1362 οἷόν
696 1345 725 1362 τε
747 1337 793 1362 τὸν
820 1337 909 1367 αὑτὸν.
926 1338 976 1364 πά-

192 1387 241 1410 σας
255 1380 325 1413 (59)·
341 1381 365 1406 εἰ
380 1380 408 1406 δὲ
426 1381 473 1416 μὴ,
489 1382 529 1408 ὅτι
545 1382 672 1414 πλείστας
683 1391 689 1398 ”
707 1383 730 1408 el
744 1383 772 1409 δὲ
789 1383 838 1418 μὴ,
853 1384 938 1415 τινάς·
953 1385 977 1410 εἰ

191 1424 218 1450 δὲ
243 1425 308 1460 μηδὲ
323 1426 411 1458 τοῦτο,
432 1427 502 1461 μέγα
520 1427 571 1453 κᾶν
595 1428 619 1453 εἰ
644 1427 706 1462 μίαν
727 1428 918 1463 διαφερόντως,
939 1429 976 1461 ὥς

191 1471 221 1505 γέ
249 1480 293 1506 μοι
320 1472 453 1506 φαίνεται.
487 1474 588 1509 Ὀρθῶς
614 1474 692 1500 τοῦτο
712 1475 920 1510 ὑπολαμβάνεις.
945 1477 976 1502 Τί

1029 887 1110 918 nime,
1125 891 1154 912 ut
1171 886 1263 912 inanes
1283 889 1310 911 et
1327 883 1425 910 frustra
1441 881 1568 916 paratas?
1590 880 1687 914 Utique
1702 885 1806 906 omnes.

1028 932 1119 966 Neque
1134 931 1205 958 enim
1226 938 1240 957 a
1257 929 1311 956 Deo
1333 928 1479 963 quidquam
1498 931 1598 953 temere
1620 930 1698 959 atqtte
1720 924 1808 950 incas-

1027 985 1086 1005 sum
1100 978 1200 1004 factum
1214 980 1265 1004 est.
1278 976 1318 1003 An
1330 982 1412 1009 porro
1427 974 1477 1000 hoc
1490 980 1596 1007 quoqtte
1610 971 1700 998 dicere
1713 976 1808 1003 queas,

1028 1024 1090 1058 quid
1107 1024 1211 1050 tandem
1231 1023 1267 1049 sit
1283 1023 1340 1049 lucc
1357 1019 1479 1047 mansio?
1495 1018 1562 1045 Num
1584 1017 1690 1051 requies
1705 1021 1732 1043 et
1750 1015 1810 1049 glo~

1028 1071 1077 1102 ria,
1093 1077 1152 1104 quae
1163 1069 1247 1095 beatis
1259 1068 1285 1094 in
1295 1067 1363 1093 caelo
1379 1065 1515 1092 recondita
1527 1067 1579 1095 est,
1595 1070 1629 1088 an
1641 1061 1705 1095 quid
1718 1059 1808 1087 aliud?

1027 1115 1097 1142 Nihil
1124 1114 1212 1146 aliud,
1237 1119 1317 1147 qttam
1344 1112 1414 1142 hoc,
1442 1110 1556 1143 inquies.
1585 1108 1621 1134 De
1650 1108 1711 1134 hoc-
1728 1106 1809 1140 igitur

1027 1161 1133 1195 quando
1149 1160 1219 1186 inter
1239 1166 1288 1185 nos
1313 1160 1431 1187 constat,
1453 1155 1518 1181 illud
1542 1154 1650 1187 insuper
1672 1151 1808 1185 expenda-

1027 1213 1086 1233 mus
1099 1215 1105 1232 :
1125 1205 1204 1232 Estne
1220 1203 1333 1239 aliqttid,
1343 1202 1412 1236 quod
1428 1200 1505 1228 nobis
1519 1198 1671 1226 mansiones
1685 1197 1733 1223 has
1745 1203 1809 1223 con-

1027 1252 1099 1279 ciliet
1110 1271 1117 1283 ,
1131 1255 1160 1277 ut
1184 1257 1240 1277 mea
1257 1253 1299 1276 est
1313 1247 1446 1275 sententia
1457 1266 1464 1278 ,
1482 1253 1515 1272 an
1531 1243 1640 1271 omnino
1663 1242 1747 1269 nihil?
1762 1242 1808 1268 Est

1027 1305 1109 1331 sane,
1128 1296 1226 1330 inquis.
1250 1294 1381 1327 Quidnam
1400 1291 1468 1320 hoc?
1494 1290 1551 1318 Hoc
1573 1289 1700 1316 nimirum
1716 1308 1723 1320 ,
1738 1287 1809 1323 quod

1027 1342 1131 1369 diversa
1150 1340 1203 1368 sint
1221 1338 1327 1366 vivendi
1351 1344 1447 1371 genera
1471 1340 1497 1363 et
1509 1334 1630 1362 instituta
1647 1353 1653 1365 ,
1670 1333 1705 1360 ita
1719 1337 1808 1358 tamen

1028 1392 1055 1414 ut
1075 1386 1164 1413 omnia
1181 1385 1236 1412 sint
1254 1383 1315 1410 lidei
1333 1385 1511 1409 consentanea
1523 1400 1530 1412 ,
1546 1379 1670 1414 quodque
1686 1385 1734 1405 nos
1751 1376 1807 1403 uias

1027 1432 1200 1466 appellamus.
1225 1429 1293 1462 Quid
1314 1427 1396 1461 ergo?
1421 1425 1503 1453 Hisne
1529 1424 1654 1452 omnibus
1682 1422 1807 1450 incedere

1028 1484 1137 1504 necesse
1149 1480 1201 1507 est.
1215 1482 1248 1502 an
1264 1474 1422 1508 quibusdam
1440 1471 1525 1498 solum
1537 1470 1547 1496 ?
1561 1468 1702 1500 Omnibus,
1715 1468 1736 1494 si
1751 1467 1808 1501 qui-

189 1513 253 1546 οὗν;
278 1516 360 1543 Ὅταν
383 1517 502 1553 ἀκούσῃς
529 1519 593 1553 μίαν
616 1518 675 1545 ὁδὸν
699 1517 778 1550 εἶναι,
806 1521 853 1546 καὶ
875 1520 976 1556 ταύτην

1029 1522 1088 1549 dem
1108 1528 1176 1548 ututs
1193 1525 1274 1554 atque
1286 1519 1355 1545 idetn
1372 1517 1422 1544 hoc
1437 1516 1539 1550 possit;
1552 1515 1593 1542 sin
1616 1514 1714 1545 minus,
1733 1519 1809 1539 com-

192 1561 286 1597 στενὴν
297 1581 304 1593 ,
319 1563 345 1588 τί
363 1571 402 1589 σοι
422 1563 544 1597 φαίνεται
561 1564 656 1600 δηλοῦν
669 1566 682 1591 ὁ
702 1565 797 1599 λόγος;
823 1566 895 1592 Μίαν
918 1567 976 1602 μὲν,

190 1604 235 1630 διὰ
255 1604 303 1639 τὴν
320 1606 437 1641 ἀρετήν·
463 1609 510 1642 μία
528 1609 592 1643 γὰρ,
611 1608 662 1635 κᾶν
678 1610 716 1640 εἰς
733 1609 816 1636 πολλὰ
832 1610 956 1646 σχίζηται
970 1620 976 1627 ⁸

193 1650 288 1685 στενὴν
303 1651 340 1684 δὲ,
359 1651 402 1678 διὰ
415 1653 477 1684 τοὺς
489 1654 614 1689 ἱδρῶτας,
629 1656 676 1681 καὶ
691 1655 720 1681 τὸ
738 1656 775 1691 μὴ
790 1656 895 1689 πολλοῖς
909 1655 977 1684 εἶναι

195 1695 288 1731 βατὴν,
301 1697 338 1728 ὠς
351 1698 417 1733 πρὸς
430 1699 460 1724 τὸ
473 1699 573 1734 πλῆθος
583 1700 637 1726 τῶν
651 1701 790 1732 ἐναντίων,
804 1702 850 1728 καὶ
861 1703 918 1729 ὅσοι
934 1703 979 1730 διὰ

193 1741 242 1775 τῆς
256 1742 354 1773 κακίας
375 1743 520 1770 ὁδεύουσιν.
542 1744 619 1771 Οὕτω
633 1745 717 1780 κάμοὶ
731 1745 811 1772 δοκεῖ.
835 1746 868 1772 Τί
884 1745 939 1778 οὖν,
956 1745 978 1774 ὦ

194 1787 324 1822 βέλτιστε,
340 1790 418 1826 εἴπερ
430 1791 509 1818 τοῦτο
521 1791 607 1824 οὕτως
619 1793 686 1827 ἔχει,
700 1793 793 1829 ὥσπερ
803 1794 863 1821 τινὰ
874 1794 978 1828 πενίαν,

193 1835 382 1868 καταγνῶντες
396 1836 442 1862 τοῦ
461 1837 594 1872 ἡμετέρου
617 1838 710 1872 λόγου,
729 1839 818 1871 πάσας
832 1840 882 1871 τὰς
897 1840 978 1872 ἄλλας

193 1880 269 1912 ὁδοὺς
279 1882 402 1915 ἀφέντες,
415 1884 483 1918 πρὸς
493 1883 555 1918 μίαν
567 1884 668 1920 ταύτην
684 1885 797 1921 φέρεσθε
808 1886 855 1912 καὶ
865 1885 978 1912 ὼθεῐσθε

195 1925 244 1961 τὴν
256 1927 298 1953 διὰ
312 1927 390 1962 λόγου
410 1930 456 1955 καὶ
473 1929 601 1966 θεωρίας,
616 1931 654 1962 ὡς
669 1931 746 1957 αὐτοὶ
758 1930 846 1957 οἴεσθε
861 1931 927 1966 (60),
941 1931 979 1962 ὡς

193 1971 222 1998 δὲ
236 1972 290 2006 ἐγώ
306 1982 387 2008 φημι,
405 1975 563 2010 ἀδολεσχίας
574 1975 619 2002 καὶ
629 1977 789 2012 τερατείας;
813 1977 979 2011 Ἑπιτιμάτω

193 2018 296 2051 Παῦλος
312 2020 386 2054 ὑμῖν,
403 2020 480 2047 τοῦτο
497 2021 602 2057 πικρῶς
623 2021 758 2053 ὀνειδίζων
778 2022 846 2056 μετὰ
865 2021 914 2056 τὴν
925 2022 977 2048 ἀπ-

193 2064 343 2100 αρίθμησιν
361 2066 415 2092 τῶν
431 2067 617 2102 χαρισμάτων,
632 2068 661 2093 ἐν
672 2065 710 2098 οἷς
727 2075 808 2102 φησιν
819 2075 825 2082 ·
842 2066 890 2100 Μὴ
905 2065 979 2092 πάν-

191 2118 242 2181 ἒξς
268 2112 432 2140 ἀπόστολοι
441 2121 450 2144 ;
475 2113 523 2147 Μὴ
549 2113 660 2146 πάντες
688 2112 852 2148 προρῆταυ
875 2112 923 2139 καὶ
945 2111 980 2138 τὰ

208 2165 266 2181 -‘nc.

208 2165 266 2190 ςης-

1028 1567 1164 1602 pluribus;
1192 1570 1238 1592 aut
1262 1569 1336 1592 certe
1364 1563 1536 1598 quibusdam.
1563 1560 1638 1593 Quod
1663 1559 1684 1586 si
1705 1566 1738 1585 ne
1756 1558 1807 1584 hoc

1029 1613 1135 1648 quidem
1155 1610 1316 1639 concedatur
1326 1631 1333 1643 ,
1347 1609 1463 1644 amplum
1478 1613 1566 1634 tamen
1578 1627 1586 1639 ,
1599 1611 1629 1633 ut
1644 1605 1707 1632 mihi
1731 1603 1808 1631 vide-

1030 1663 1083 1690 tur,
1105 1657 1203 1689 fuerit,
1225 1655 1267 1682 vel
1292 1655 1371 1682 unica
1395 1655 1526 1681 duntaxat
1552 1651 1650 1679 eximie
1673 1650 1806 1676 incedere.

1029 1703 1112 1730 Recte
1130 1703 1180 1729 hoc
1193 1702 1343 1729 existimas.
1358 1700 1427 1733 Quid
1453 1698 1552 1734 igitur?
1565 1698 1631 1725 Cum
1647 1696 1724 1723 audis
1736 1695 1807 1721 viam

1030 1756 1109 1776 unam
1142 1755 1219 1780 esse,
1259 1753 1373 1781 eamque
1402 1748 1591 1780 perangustum
1619 1743 1659 1775 ",
1685 1740 1748 1776 quid
1777 1740 1810 1767 iis

1029 1794 1118 1821 verbis
1141 1793 1286 1828 signiﬁcari
1304 1791 1402 1827 putas?
1424 1790 1510 1819 Unam
1532 1796 1597 1817 sane
1619 1794 1688 1818 esse.
1714 1786 1737 1814 si
1756 1786 1810 1812 vir-

1030 1844 1113 1866 tutem
1129 1844 1253 1872 spectes;
1275 1837 1332 1864 haec
1346 1837 1417 1864 enim
1431 1836 1509 1863 unica
1523 1840 1576 1868 est,
1592 1833 1654 1861 licet
1671 1833 1697 1860 in
1713 1831 1810 1859 multas

1029 1889 1119 1919 partes
1134 1888 1256 1916 secetur;
1277 1890 1369 1910 verum
1395 1886 1535 1915 augustam
1561 1885 1668 1915 propter
1686 1878 1808 1910 sudores,

1030 1935 1056 1958 et
1077 1931 1139 1965 quia
1162 1937 1214 1957 non
1239 1937 1254 1956 a
1279 1929 1369 1955 multis
1391 1928 1497 1960 teritur,
1516 1927 1538 1954 si
1558 1926 1664 1960 quidem
1689 1924 1810 1951 multitu-

1029 1976 1118 2002 dinem
1145 1983 1238 2003 eorum
1262 1974 1382 2010 cogites,
1409 1973 1453 2008 qui
1480 1971 1617 2000 contrario
1640 1971 1736 1997 itinere
1764 1975 1810 2004 per

1029 2021 1123 2047 vitium
1147 2020 1315 2056 gradiuntur.
1332 2019 1370 2045 Ita
1388 2018 1452 2045 milti
1478 2023 1585 2052 quoque
1609 2016 1724 2042 thetur.
1741 2014 1809 2046 Quid

1029 2073 1094 2100 ergo
1115 2073 1204 2092 causa:
1223 2069 1279 2098 est,
1308 2065 1350 2091 vir
1373 2063 1492 2099 optime,
1507 2070 1567 2089 cum
1591 2061 1627 2089 ita
1652 2068 1681 2088 se
1701 2067 1743 2087 res
1764 2060 1810 2086 ha-

1029 2112 1128 2145 beant,
1151 2112 1242 2147 quod,
1268 2116 1381 2139 caeteras
1413 2117 1508 2137 omnes
1532 2109 1589 2135 vias
1618 2106 1809 2142 repudiantes,

1031 2162 1155 2192 tanquam
1185 2158 1356 2192 pauperiem,
1393 2156 1502 2191 explosa
1527 2159 1618 2182 nostra
1649 2153 1745 2189 agendi
1768 2159 1809 2179 ra.

194 2201 279 2235 tione,
305 2203 422 2231 ferimini
447 2211 478 2230 ac
501 2204 690 2238 protrudimini
720 2210 814 2230 omnes
834 2202 868 2230 ad
899 2201 968 2230 hanc
998 2210 1091 2235 unam,
1113 2210 1172 2238 quae
1194 2210 1242 2237 per
1258 2201 1453 2236 disputationes
1480 2208 1512 2228 ac
1547 2199 1759 2234 speculationes,
1782 2195 1811 2223 υι

194 2248 243 2282 ipsi
259 2250 369 2283 putatis,
387 2255 416 2276 ut
431 2249 512 2285 494
527 2254 617 2276 atttem
640 2257 700 2283 ego,
725 2257 809 2284 nugas
824 2254 851 2276 et
875 2248 1035 2283 przcstig'ias,
1053 2249 1172 2276 teritur?
1200 2248 1328 2283 Obiurget
1356 2255 1405 2275 vos
1419 2246 1518 2274 Paulus
1530 2266 1537 2277 ,
1572 2249 1632 2279 post
1663 2244 1810 2277 gratiarum

193 2296 423 2323 enumerationem
441 2297 539 2324 acriter
574 2297 617 2324 his
639 2297 727 2324 verbis
750 2297 901 2324 invehens:
923 2295 995 2322 Num
1032 2305 1118 2323 omnes
1141 2296 1272 2331 apostoli?
1297 2295 1366 2322 Nunt
1389 2301 1476 2321 omnes
1499 2292 1629 2328 propheta:
1644 2291 1685 2318 "‘2
1706 2296 1734 2317 et
1752 2297 1810 2324 qtue

194 2347 351 2376 sequuntur.

229 2389 266 2415 0'.
289 2389 379 2415 Ἔστω
392 2389 431 2420 δὲ,
450 2389 561 2425 ὑψηλὸς,
581 2390 623 2422 σὺ,
645 2390 693 2416 καὶ
711 2389 820 2424 ὑψηλῶν
837 2389 918 2425 πέρα,
936 2389 976 2416 καῖ

1067 2388 1113 2415 IX.
1135 2387 1198 2415 Esto
1212 2390 1301 2413 autem
1320 2394 1327 2411 :
1351 2386 1388 2413 sis
1409 2385 1467 2419 ipse
1484 2384 1553 2410 altus
1571 2384 1605 2413 fet
1626 2381 1763 2413 sublimis,
1784 2387 1811 2409 et

195 2434 264 2470 ὑπὲρ
282 2435 332 2465 τὰς
350 2433 463 2468 νεφέλας
478 2435 502 2461 ει
519 2434 618 2469 βούλει,
633 2435 647 2460 ὁ
665 2434 718 2461 τῶν
733 2434 853 2461 ἀθεάτων
871 2433 976 2469 Οεατὴς,

1033 2434 1192 2462 sublimibus
1213 2432 1363 2463 sublimior,
1379 2436 1459 2466 atque
1473 2430 1536 2464 ipsis
1549 2429 1630 2456 etiam
1647 2427 1772 2460 nubibus,
1788 2427 1815 2454 si.

231 2501 252 2517 ⁸⁸
268 2501 324 2529 Jer.
343 2508 382 2534 tx,
397 2501 443 2528 ‘21.
480 2501 500 2517 ¹⁹
520 2500 570 2529 Job
590 2510 703 2534 xxxvttt,
728 2502 754 2529 5.
793 2503 816 2518 ¹⁰
835 2502 912 2530 Joan.
941 2511 993 2535 xw,
1016 2503 1042 2530 2.
1081 2503 1102 2519 “
1124 2501 1218 2529 Matth.
1238 2508 1291 2533 vtt,
1313 2499 1356 2526 I3.
1394 2500 1417 2515 “
1442 2498 1450 2525 1
1478 2498 1540 2525 Cor.
1560 2504 1614 2528 ιιιι,
1637 2496 1682 2523 29.

1030 2582 1088 2609 dem
1106 2581 1205 2607 lumine
1220 2579 1349 2614 spirituali
1363 2578 1530 2614 splendorem
1545 2575 1739 2614 haurientibus,
1764 2584 1809 2604 ra-

1030 2617 1153 2657 tioneque
1172 2615 1222 2642 sibi
1235 2611 1410 2650 conveniente
1424 2612 1550 2648 gaudium
1569 2618 1600 2638 ac
1621 2611 1738 2637 laetitiam
1760 2620 1808 2639 ca-

1028 2653 1172 2686 pientibus.
1189 2659 1198 2675 ι

1063 2686 1120 2721 (57)
1139 2684 1308 2721 Μακαρίοις.
1320 2682 1464 2721 ‘Beg._bm,
1481 2680 1632 2721 ᾅικαίοις,η‹
1648 2680 1738 2721 jttslis.
1755 2691 1765 2707 ι

1059 2716 1119 2760 (58)
1145 2716 1259 2753 Ἐπειδὴ
1282 2716 1460 2752 τοῦθ’ξὶὶος.
1483 2717 1537 2750 lun,
1560 2722 1587 2743 et
1608 2716 1652 2744 0r.
1671 2716 1697 2747 I,
1715 2716 1807 2751 ἐπειδὴ

1026 2763 1118 2824 τοῗέἱῗξ)
1139 2789 1250 2821 Πάσας.
1271 2788 1337 2823 Reg.
1354 2788 1411 2819 bm,
1427 2786 1512 2824 et__0r.
1533 2786 1685 2824 Ι,ἁπάσας.

1030 2820 1122 2887 “'(60')
1148 2825 1194 2857 Ὧς
1216 2820 1299 2851 ιέὺτοι
1313 2820 1432 2850 ὀϊεσθε.
1452 2822 1513 2850 ΗίΕο
1541 2822 1636 2849 desunt
1659 2822 1684 2847 in
1707 2820 1810 2847 duobus

1055 2868 1113 2895 cgg.

1071 2879 1113 2896 DB‘

230 2578 284 2615 (55)
304 2578 525 2615 ,ᾺᾳῇεϐἐᾳτεροἈ
543 2579 620 2606 Deest
631 2579 656 2606 in
667 2579 730 2615 Reg.
742 2587 766 2612 τι,
777 2580 878 2608 duobus
888 2579 975 2613 Colb.,

195 2619 221 2641 et
235 2614 281 2640 0r.
298 2613 325 2640 1.
342 2613 395 2639 Nec
411 2613 502 2641 Billins
518 2615 606 2640 vertit.

231 2648 285 2684 (56)
304 2648 419 2676 Πολλαὶ
427 2649 526 2683 μοναί.
541 2648 689 2676 Mumiones
708 2649 806 2676 multa}.
821 2659 830 2675 (
845 2649 900 2676 Non
914 2657 977 2684 pro-

195 2688 254 2718 pter
271 2683 389 2710 locorum
406 2684 573 2715 discrimina,
592 2693 601 2709 ι
622 2685 708 2718 inquit
723 2683 804 2715 Elias,
821 2693 831 2710 ι
848 2686 894 2711 sed
913 2683 976 2718 pro-

194 2725 255 2752 pter
273 2718 413 2745 domorutn
430 2719 561 2745 ordinem.
587 2718 654 2745 Nam
681 2726 708 2746 ut
733 2719 754 2745 si
770 2727 849 2745 ttnam
868 2720 975 2746 domum

195 2761 247 2793 una
265 2757 367 2793 tantum
386 2753 495 2793 lucerna
516 2753 656 2793 splendore
686 2761 736 2780 suo
748 2754 894 2793 collustret,
915 2754 975 2788 qui-

196 2787 260 2828 libet
274 2787 486 2828 se'orsim_lucein
506 2789 667 2828 peculiarem
678 2789 806 2828 percipit,
822 2787 973 2828 quanquam

196 2822 283 2849 lumen
300 2823 325 2849 in
343 2823 440 2849 tnultas
460 2823 533 2850 faces
550 2831 600 2849 non
612 2823 755 2850 dividatur.
774 2823 818 2850 Sic
838 2825 863 2850 in
886 2822 976 2850 Iulum

197 2857 293 2885 saecqu
309 2858 425 2884 universi
442 2858 563 2884 homines
574 2858 637 2892 juin
657 2859 818 2892 recipientur
831 2859 923 2885 eodem
939 2859 974 2884 lo-

197 2900 229 2919 co
241 2898 266 2920 et
281 2901 333 2920 non
352 2893 509 2926 separatim,
522 2893 632 2928 singulis
646 2901 696 2928 pro
715 2901 763 2921 suo
780 2894 868 2926 modo,
888 2899 911 2921 et
930 2901 975 2920 co-
