2049 3131
259 184 296 212 27
881 185 909 212 S.
931 184 1095 213 CREGORII
1116 185 1288 213 TllEOLOGl
1860 187 1896 216 28

261 239 402 274 theologia:
432 245 572 266 sermones
602 239 783 273 accedamus,
808 239 935 273 Patrem,
959 246 986 267 et
1009 241 1049 267 Fi-

1107 241 1239 276 E).).apt',tv
1261 240 1358 272 ἑνικῶς
1373 240 1564 277 διαιρουμένην
1581 241 1647 277 (84),
1664 242 1711 269 καὶ
1728 244 1896 279 συναπτομέ-

261 285 337 317 lium,
352 292 378 313 et
401 285 532 320 Spiritum
551 289 687 316 sanctum,
705 286 738 313 de
754 285 852 320 quibus
865 285 957 314 dicere
975 287 1049 314 insti-

1106 296 1154 322 νην
1172 287 1327 323 διαιρετῶς,
1339 287 1352 313 ὃ
1367 286 1415 313 καὶ
1430 287 1590 322 παράδοξον.

261 331 380 364 luimus,
403 333 519 360 orationi
543 336 644 359 noslrzc
664 333 865 367 pra-licientes;
882 338 909 360 ut
929 337 956 360 et
978 333 1058 360 Pater
1078 341 1210 368 propensa
1236 342 1297 369 erga
1318 342 1367 360 nos
1403 333 1541 361 voluntate
1577 334 1623 366 sit,
1639 338 1666 361 et
1681 333 1764 362 Filius
1780 334 1893 369 adjutrt-

261 385 320 404 cem
335 386 443 405 manum
459 379 588 414 porrigat,
605 385 633 405 et
659 378 778 413 Spirittts
799 379 853 405 vim
887 387 964 406 suam
1000 379 1089 413 amet;
1111 381 1167 412 vel,
1192 385 1220 407 ttt
1242 381 1342 407 rectius
1366 380 1472 414 loquar,
1491 387 1558 406 unus
1574 381 1607 407 ab
1622 388 1673 407 una
1694 381 1842 416 eademque
1854 382 1895 409 di—

261 425 374 452 vinitate
385 430 460 452 orttts
473 425 560 459 fulgor
573 425 759 457 nosillustret,
791 426 956 460 coniunctim
988 426 1143 458 distinctus,
1178 435 1210 454 ac
1232 427 1380 454 distinctint
1403 426 1578 460 coniunctus,
1595 426 1620 453 id
1647 427 1717 461 quod
1750 427 1827 454 valde
1849 430 1896 454 m-

263 471 374 497 randutu
392 476 442 498 est.

296 514 328 541 ll.
350 515 412 542 Mihi
430 523 510 549 porro
525 517 550 542 itt
568 521 686 543 montem
704 516 832 544 alacriter
844 517 1003 545 ascendenti
1018 518 1051 550 ³⁸,

263 567 320 593 aut,
339 566 368 588 ut
393 562 483 589 verius
500 562 604 592 dicam.
627 563 775 590 ascendere
792 564 952 598 proponenti
970 564 1050 591 simul

263 615 294 635 ac
309 608 472 642 trepidanti,
488 609 551 635 illud
569 614 680 643 propter
694 617 786 644 spem,
800 610 851 637 hoc
868 615 978 645 propter
999 611 1051 637 im-

262 654 449 686 becillitatem,
467 660 496 681 ut
510 655 606 682 nubem
622 660 774 690 penetrem,
787 663 818 683 ac
833 664 893 682 cum
910 657 964 683 Deo
976 664 1048 683 cont-

261 701 391 728 merciunt
418 701 529 728 habeam
552 700 635 735 {Deus
655 702 728 727 enim
752 702 787 728 ita
812 701 920 736 jubet):
947 702 968 729 si
989 703 1049 736 quis

260 746 351 773 Aaron
367 753 422 779 est,
437 747 564 774 comitem
579 754 607 773 se
631 754 760 774 ascensus
773 747 891 781 praebeat
902 767 909 779 ,
931 753 1010 782 atque
1023 748 1049 774 itt

262 792 414 826 propinquo
429 797 492 825 stet,
508 792 589 819 etiam
614 793 635 819 si
657 797 736 819 extra
757 792 855 820 nubent
872 793 922 820 sibi
940 801 1051 819 manen-

263 837 325 864 dttttt
342 839 393 869 sit,
407 839 476 872 aequi
493 839 610 872 bonique
622 838 780 866 consulens.
801 839 830 866 Si
845 843 936 866 autem
957 839 1050 865 Nadab

267 885 422 919 quispiam,
449 889 493 911 aut
512 884 599 911 Abiud
614 905 621 917 ,
646 889 693 911 aut
715 892 747 912 ex
771 886 909 911 seniorum
935 885 1049 917 ordine,

261 931 390 957 ascendat
410 930 453 958 ille
474 931 582 965 quidem
596 951 602 962 ,
626 939 717 957 verum
735 931 827 965 procul
852 931 975 963 insistat,
999 939 1049 966 pro

262 976 432 1011 purgationis
448 983 504 1003 sua:
525 977 620 1004 merito
636 984 668 1004 ac
682 977 820 1012 dignitate.
837 977 865 1004 Si
882 985 946 1004 vero
971 977 1046 1012 quis-

262 1022 335 1056 piam
349 1029 364 1048 e
379 1022 467 1056 vulgo,
486 1026 568 1056 atque
585 1021 738 1055 huiusmodi
754 1022 921 1049 sublimitate
941 1030 972 1049 ac
986 1030 1047 1057 spe-

262 1067 395 1094 culatione
412 1067 553 1101 indignus,
572 1069 594 1094 si
609 1067 718 1101 quidem
741 1067 853 1094 omnino
876 1067 1000 1101 impurus
1020 1074 1052 1093 ac

262 1113 390 1147 profanus
405 1113 458 1145 sit,
477 1113 550 1140 nullo
573 1114 652 1141 modo
675 1114 805 1146 accedat,
821 1121 909 1148 neque
929 1113 1001 1140 enim
1016 1121 1048 1140 ea

262 1167 307 1187 res
325 1160 436 1194 periculi
462 1167 559 1194 expers
574 1165 616 1187 est
635 1169 641 1187 :
663 1161 685 1187 si
702 1165 792 1187 atttent
808 1160 904 1187 saltent
918 1160 952 1187 ad
976 1160 1052 1186 hora:

263 1211 367 1240 tempus
383 1211 522 1241 purgatus,
548 1207 617 1234 infra
640 1207 783 1239 subsistat,
807 1214 839 1234 ac
853 1206 938 1234 solam
957 1213 1050 1233 vocem

261 1257 290 1279 et
302 1253 462 1285 buccinant,
482 1254 533 1280 hoc
548 1258 600 1285 est,
619 1255 687 1280 nuda
714 1253 824 1287 pietatis
845 1253 928 1279 verba
948 1253 1049 1278 audiat.

262 1299 380 1327 Montem
396 1300 477 1327 ctiant
497 1299 569 1327 fumo
593 1299 788 1327 circtnttfusum
809 1307 840 1326 ac
861 1303 1050 1326 coruscantem

262 1350 367 1377 cernat,
379 1350 481 1373 terrore
496 1346 576 1373 simul
589 1353 635 1373 eos
646 1350 674 1372 et
685 1345 864 1372 admiratione
877 1344 1050 1376 allicientem,

261 1391 361 1426 quibus
377 1391 525 1418 ascendere
550 1391 663 1418 minime
680 1391 750 1418 licet.
765 1391 842 1424 Quod
861 1390 882 1418 si
899 1390 959 1425 quis
980 1390 1050 1416 tnala

261 1444 290 1465 et
310 1445 380 1464 saeva
400 1438 485 1464 bestia
504 1441 560 1470 est,
582 1445 632 1464 nec
656 1437 848 1470 speculationis
865 1441 892 1464 et
911 1436 1051 1471 theologia;

262 1482 317 1509 ullo
334 1482 414 1510 modo
437 1490 540 1517 capax,
559 1491 610 1515 ne,
626 1483 698 1510 velut
719 1483 745 1510 in
772 1483 864 1514 silvis,
887 1487 995 1510 versute
1016 1489 1048 1509 ac

262 1529 399 1556 malitiose
425 1529 528 1562 latitet,
551 1535 580 1557 ut
599 1529 698 1563 impetu
717 1533 826 1564 repente
844 1528 915 1556 facto
935 1524 1047 1555 verbum

262 1573 371 1608 aliquod
382 1594 390 1606 ,
412 1574 453 1601 vel
472 1573 569 1609 dogma
590 1574 694 1608 rapiat,
710 1580 792 1608 atque
805 1574 1049 1601 obtrectationibus

263 1623 292 1645 et
315 1619 458 1646 calumniis
481 1619 688 1646 saluberrimam
713 1619 866 1646 doctrinam
893 1619 1049 1653 discerpat,

261 1671 354 1692 verum
369 1665 476 1699 longius
488 1665 576 1692 adhuc
588 1665 729 1698 consistat,
743 1669 825 1700 atque
839 1672 854 1692 a
869 1669 960 1692 monte
974 1672 1052 1691 rece-

263 1712 334 1739 dat:
359 1712 459 1746 alioqui
484 1711 617 1746 lapidibus
639 1713 818 1747 opprimetur,
847 1718 875 1739 et
897 1713 1049 1744 obteretur,

264 1756 404 1792 nialusque
421 1757 490 1785 male
510 1759 638 1792 perdetur
650 1759 683 1786 δ’.
712 1758 795 1794 497
820 1758 955 1794 (Lapides
979 1758 1051 1785 enim

264 1807 327 1830 sttnt
346 1803 472 1830 hellttinis
493 1803 648 1831 hominibus
666 1805 723 1831 veri
739 1812 771 1831 ac
784 1804 862 1832 solidi
876 1811 1026 1831 sermones.
1041 1804 1050 1838 )

265 1848 445 1884 Sive-pardus
466 1850 511 1882 sit,
528 1850 607 1877 simul
623 1858 683 1878 cum
700 1851 783 1878 variis
797 1851 853 1878 suis
866 1851 937 1878 notis
950 1856 978 1878 et.
992 1858 1050 1877 ma-

264 1892 333 1920 culis
351 1894 482 1921 moriatur
495 1895 518 1910 "
535 1905 542 1922 :
558 1895 615 1922 sive
640 1895 682 1922 leo
697 1895 804 1930 rapiens
825 1900 853 1923 et
877 1895 1003 1930 rugiens,
1019 1903 1052 1923 ac

264 1947 390 1973 quazrens
417 1948 561 1976 quatnnant
587 1941 738 1969 animarum
764 1946 810 1968 aut
829 1941 977 1969 dictionnnt
1003 1950 1053 1969 no-

264 1990 380 2013 straruut
394 1987 505 2015 devoret
519 1988 540 2003 "
553 1997 561 2020 ;
575 1989 632 2015 sive
647 1996 745 2023 porcus
755 2008 763 2020 ,
783 1989 904 2023 egregias
920 1993 947 2016 et
967 1989 1053 2023 pellu-

264 2032 339 2060 cidas
351 2033 473 2060 veritatis
489 2033 648 2068 margaritas
668 2034 833 2061 conculcans
844 2034 884 2066 ";
902 2034 961 2061 sive
973 2034 1052 2070 lupus

265 2077 400 2105 Arabicns
412 2078 435 2093 ³⁸
448 2082 475 2105 et
488 2078 656 2112 peregrinus,
670 2083 716 2105 aut
731 2079 813 2106 etiam
829 2079 882 2112 Itis,
896 2079 984 2114 quoad
1000 2087 1045 2107 so-

265 2118 400 2152 phismata
417 2125 445 2147 et
467 2121 603 2155 captiosas
627 2121 833 2156 disputationes,
856 2123 979 2154 acutior;
995 2123 1052 2150 sive

265 2165 363 2199 vulpes
372 2166 405 2198 ",
420 2165 471 2193 ltoc
486 2171 537 2199 est,
554 2171 662 2193 versuta
678 2167 800 2200 quaedam
819 2167 907 2193 anima
919 2188 926 2199 ,
946 2167 1051 2202 ﬁdeque

265 2210 378 2245 ancipiti
394 2211 517 2245 pratdita,
530 2217 555 2237 et
565 2219 612 2246 pro
620 2217 768 2247 temporum
778 2213 962 2240 varietatealia
970 2219 1051 2248 atque

218 2252 219 2257 ¹
264 2254 330 2286 alia,
341 2262 490 2290 novamque
498 2256 620 2289 subinde,
627 2261 655 2284 ttt
663 2257 688 2284 id
698 2258 778 2284 rebus
786 2258 843 2285 suis
851 2259 1003 2285 conducere
1010 2267 1051 2286 ar-

263 2299 393 2334 bitratur,
410 2301 522 2328 fortnam
538 2310 692 2336 assumens,
705 2310 785 2338 quant
803 2309 910 2330 mortua
924 2308 951 2331 et
967 2304 1048 2331 fetida

261 2354 376 2381 corpora
397 2348 531 2381 nutriunt,
549 2354 596 2376 aut
613 2349 728 2377 humiles
741 2350 837 2381 vincte.
852 2358 913 2378 cttm
929 2351 962 2378 ad
980 2351 1050 2378 altas

1142 517 1179 544 B’.
1205 517 1318 543 Ἂνιύντι
1335 515 1362 542 δέ
1377 524 1421 551 μοι
1435 515 1582 550 προθύμως
1593 515 1639 541 ἐπὶ
1653 514 1683 541 τὸ
1696 514 1768 549 ὅρος,
1786 514 1802 550 ἢ
1816 515 1846 541 τό
1863 523 1894 549 γε

1103 563 1283 599 ἀληθέστερον
1299 563 1395 593 εἰπεῖν,
1411 561 1628 597 προθυμουμένῳ
1644 569 1673 586 τε
1691 561 1748 596 ἅμα
1760 561 1806 588 καὶ
1823 562 1896 595 ἀγω-

1102 610 1204 640 νιῶντι,
1227 609 1257 635 τὸ
1275 609 1322 643 μὲν
1342 608 1385 634 διὰ
1410 609 1458 642 τὴν
1474 607 1578 640 ἐλπίδα,
1596 607 1627 633 τὸ
1641 607 1669 633 δὲ
1687 607 1730 634 διὰ
1754 607 1803 642 τὴν
1819 607 1896 634 ἁσθὲ-

1102 664 1174 682 νειαν
1197 655 1262 689 (35),
1284 655 1327 680 ἵνα
1350 655 1397 688 τῆς
1418 653 1532 688 νεφέλης
1549 654 1614 679 εἵσω
1629 653 1750 688 γένωμαι
1765 653 1831 688 (86),
1848 654 1894 680 καὶ

1101 701 1160 735 Θεῷ
1175 701 1350 735 συγγένωμαι
1363 699 1452 734 (τοῦτο
1465 699 1519 734 γὰρ
1536 698 1639 725 κελεύει
1653 699 1740 734 Θεός)·
1752 699 1776 725 εί
1793 699 1842 734 μέν
1852 708 1894 731 τις

1109 747 1224 782 Ἀαρὼν,
1242 747 1383 778 συνανίτω,
1405 747 1451 772 καὶ
1475 746 1597 781 πηκέτω
1624 745 1746 780 πλησίον,
1772 746 1822 772 κᾶν
1841 745 1894 779 ἔξω

1104 793 1194 828 μένειν
1212 792 1262 827 τῆς
1278 792 1393 827 νεφέλης
1411 791 1468 828 δέῃ,
1483 791 1560 818 τοῦτο
1580 791 1732 826 δεχόμενος.
1749 792 1780 817 Εἰ
1803 791 1830 818 δέ
1851 800 1894 824 τις

1103 839 1234 874 Ναδὰ6,ἢ
1257 838 1376 869 Ἀὃιοὺδ,
1395 839 1411 873 ἢ
1431 839 1479 874 τῆς
1494 837 1647 873 γερουσίας,
1659 837 1742 864 ἀνίτω
1754 837 1812 872 μὲν,
1827 837 1896 865 ἀλλὰ

1103 885 1228 921 στηκέτω
1243 884 1394 920 πόρρωθεν,
1410 884 1481 911 κατὰ
1498 884 1546 919 τὴν
1561 883 1638 916 ἀξίαν
1654 883 1704 918 τῆς
1723 883 1894 919 καθάρσεως.

1103 931 1133 957 Εἰ
1147 931 1175 956 δέ
1190 939 1230 962 τις
1247 929 1300 956 τῶν
1314 929 1418 956 πολλῶν
1436 929 1481 956 καὶ
1493 929 1607 960 ἀναξίων
1624 928 1707 963 ὕψους
1718 928 1837 955 τοιούτου
1848 929 1896 955 καὶ

1103 976 1230 1012 Θεωρίας,
1249 977 1273 1002 εἰ
1298 976 1347 1011 μὲν
1367 975 1483 1009 ἅναγνος
1504 975 1603 1010 πάντη,
1631 976 1697 1010 μηδὲ
1712 975 1842 1010 προσίτω,
1864 977 1896 1002 οὐ

1102 1023 1156 1058 γὰρ
1175 1023 1231 1056 (87)
1251 1022 1387 1056 ἀσφαλές·
1405 1023 1428 1047 εἰ
1450 1021 1478 1047 δὲ
1498 1021 1652 1058 πρόσκαιρα
1672 1021 1736 1055 γοῦν
1753 1021 1807 1057 (88)
1822 1023 1897 1056 ἡγνι-

1103 1069 1211 1104 σμένος,
1231 1069 1306 1095 κάτω
1321 1069 1436 1103 μενέτω,
1451 1069 1497 1094 καὶ
1513 1068 1597 1103 μόνης
1612 1068 1734 1094 ἀκουέτω
1745 1068 1794 1103 τῆς
1806 1069 1897 1104 φωνῆς

1103 1116 1148 1142 καὶ
1166 1115 1215 1149 τῆς
1232 1114 1392 1148 σάλπιγγος,
1409 1113 1463 1140 τῶν
1478 1113 1564 1148 ψιλῶν
1580 1115 1630 1148 τῆς
1650 1114 1790 1146 εὐσεΰειας
1806 1115 1897 1150 ῥημά-

1101 1169 1170 1187 των·
1190 1159 1386 1195 καπνιζόμενόν
1402 1168 1430 1185 τε
1446 1159 1475 1185 τὸ
1489 1159 1550 1194 ὅρος
1564 1159 1686 1194 βλεπέτω
1702 1159 1758 1194 (89)
1769 1159 1814 1186 καὶ
1830 1168 1897 1186 κατ-

1102 1206 1339 1241 αστραπτόμενυν,
1369 1206 1484 1240 ἀπειλήν
1505 1213 1534 1231 τε
1557 1204 1625 1240 ὁμοῦ
1649 1205 1696 1231 καὶ
1725 1205 1817 1240 θαῦμα
1839 1207 1896 1238 τοῖς

1102 1253 1207 1279 ἀνιέναι
1226 1253 1262 1287 μὴ
1277 1251 1446 1286 δυναμένοις.
1466 1252 1495 1278 Εἰ
1514 1251 1542 1277 δέ
1566 1260 1607 1283 τις
1626 1251 1719 1287 θηρίον
1738 1252 1796 1277 ἐστὶ
1813 1260 1897 1286 πονη-

1104 1298 1160 1333 ρὸν,
1177 1299 1223 1325 καὶ
1235 1299 1384 1333 ἀνήμερον,
1398 1298 1444 1324 καὶ
1455 1298 1629 1324 ἀνεπίδεκτον
1639 1298 1726 1333 πάντη
1740 1297 1825 1332 λόγων
1839 1297 1896 1333 (90)

1102 1345 1221 1380 θεωρίας
1242 1345 1289 1371 καὶ
1314 1344 1463 1378 θεολογίας,
1484 1345 1520 1378 μὴ
1537 1344 1720 1379 ὲμφωλευέτω
1741 1346 1801 1376 ταῖς
1819 1344 1897 1375 ὕλαις

1102 1391 1265 1425 κακούργως
1278 1391 1324 1417 καὶ
1340 1390 1495 1425 κακοήθως,
1514 1390 1558 1416 ἵνα
1575 1390 1646 1421 τινὸς
1665 1390 1780 1425 λάϐηται
1795 1390 1898 1425 δόγμα-

1101 1438 1173 1473 τοςῆ
1190 1438 1322 1473 ῥήματος,
1338 1437 1445 1471 ἀθρόως
1461 1436 1516 1471 (91)
1537 1436 1744 1472 προσπηδῆσαν,
1762 1437 1808 1463 καὶ
1825 1445 1895 1462 σπα-

1107 1483 1175 1519 ράξῃ
1198 1484 1260 1514 τοὺς
1281 1483 1451 1517 ὑγιαίνοντας
1468 1482 1562 1516 λόγους
1584 1483 1644 1514 ταῖς
1662 1482 1820 1518 ἑπηρείαιςο
1839 1483 1896 1509 ἀλλ’

1104 1529 1143 1555 ἔτι
1167 1529 1308 1565 πόρρωθεν
1329 1529 1462 1564 στηκέτω,
1484 1529 1530 1555 καὶ
1548 1529 1724 1564 ἁποχωρείτω
1737 1529 1783 1555 τοῦ
1799 1528 1895 1565 ὅρους·

1103 1574 1119 1609 ἢ
1136 1573 1383 1609 λιθοϐοληθήσεται,
1399 1574 1445 1600 καὶ
1462 1574 1680 1609 συντριϐήσεται,
1693 1574 1740 1601 καὶ
1756 1574 1896 1601 ἀπολεῖται

1105 1619 1200 1650 κακῶς
1214 1619 1310 1651 κακός·
1333 1619 1400 1646 λίθοι
1413 1619 1467 1654 γὰρ
1482 1620 1538 1651 τοῖς
1555 1619 1725 1655 θηριώδεσιν,
1747 1620 1771 1646 οἱ
1787 1619 1897 1655 ἀληθεῖς

1102 1666 1175 1700 λόγοι
1191 1666 1237 1693 καὶ
1250 1666 1368 1701 στερῤοί.
1385 1665 1446 1692 Εἴτε
1463 1666 1593 1701 πάρδαλις
1608 1666 1661 1701 εἴη,
1679 1665 1899 1702 συναποθνησκέ-

1103 1719 1141 1737 τω
1157 1712 1213 1742 τοῖς
1230 1710 1404 1745 ποικίλμασιν
1417 1719 1423 1726 ·
1442 1710 1499 1736 εἴτε
1517 1710 1585 1737 λέων
1602 1710 1732 1745 ἁρπάζων
1747 1711 1794 1737 καὶ
1810 1710 1898 1746 ὠρυό-

1106 1765 1195 1792 μενος,
1211 1757 1258 1783 καὶ
1274 1755 1364 1791 ζητῶν
1378 1756 1473 1791 ἥντινα
1486 1755 1587 1791 βρῶσιν
1600 1756 1743 1792 ποιήσεται
1762 1755 1817 1782 τῶν
1829 1757 1897 1791 ἠμε-

1103 1803 1190 1837 τὲρων
1205 1801 1297 1837 ψυχῶν
1312 1801 1328 1837 ἢ
1341 1801 1439 1834 λέξεων
1451 1810 1457 1816 ·
1471 1801 1525 1827 εἴτε
1538 1800 1586 1832 σῦς
1599 1801 1764 1828 καταπατῶν
1777 1802 1839 1833 τοὺς
1851 1809 1899 1828 κα-

1103 1848 1166 1879 λούς
1182 1856 1211 1874 τε
1226 1847 1274 1874 καὶ
1289 1847 1410 1881 διαυγεῖς
1422 1847 1596 1882 μαργαρίτας
1614 1846 1664 1881 τῆς
1677 1846 1806 1880 ἀληθείας
1817 1854 1823 1860 ο
1841 1846 1896 1872 εῖτε

1104 1895 1185 1926 λύκος
1208 1893 1351 1929 ’Λραὸικος
1369 1893 1425 1928 ((12)
1448 1894 1494 1919 καὶ
1511 1892 1668 1927 ἀλλόφυλος,
1695 1892 1710 1928 ἦ
1727 1893 1773 1931 καὶ
1794 1892 1898 1918 τούτων

1104 1939 1230 1974 ὀξύτερος
1249 1940 1305 1971 τοῖς
1325 1939 1503 1974 σοφίσμασιν·
1528 1939 1582 1965 εἴτε
1604 1937 1726 1973 ἀλώπηξ,
1742 1937 1838 1973 δολερὰ
1854 1947 1897 1970 τις

1103 1985 1176 2020 ψυχὴ
1195 1985 1242 2012 καὶ
1259 1985 1384 2016 ἄπιστος,
1398 1985 1445 2011 καὶ
1461 1984 1555 2011 ἄλλοτε
1569 1984 1635 2019 ἄλλη
1653 1985 1708 2015 τοῖς
1728 1985 1833 2019 καιροῖς
1849 1985 1897 2010 καὶ

1103 2033 1163 2062 ταῖς
1177 2031 1283 2066 χρείαις
1303 2030 1547 2066 συμμορφουμένη,
1578 2030 1610 2064 ἣν
1634 2029 1719 2065 νεκρὰ
1740 2029 1834 2064 τρέφει
1850 2030 1898 2056 καὶ

1104 2076 1220 2102 ὀδωδότα
1238 2075 1361 2110 σώματα,
1377 2076 1393 2111 ἦ
1412 2075 1574 2110 ἀμπελῶνες
1585 2076 1688 2111 μικροὶ,
1704 2075 1758 2101 τῶν
1770 2075 1897 2110 μεγάλων

1103 2121 1340 2155 διαπεφευγότων·
1372 2121 1426 2147 εἴτε
1451 2129 1477 2148 τι
1503 2121 1566 2148 ἄλλο
1590 2121 1644 2148 τῶν
1670 2121 1827 2156 ιῦμοὸὸρων,
1849 2122 1898 2148 καὶ

1104 2167 1265 2202 ἀποϐλήτων
1281 2167 1320 2202 τῷ
1336 2167 1419 2202 νόμῳ,
1435 2167 1481 2194 καὶ
1500 2167 1530 2194 οὐ
1545 2167 1671 2202 καθαρῶν
1690 2167 1730 2198 εὶς
1749 2166 1849 2202 βρῶσίν
1866 2175 1896 2192 τε

1105 2214 1152 2239 καὶ
1165 2213 1326 2240 ἀπόλαυσιν.
1344 2213 1471 2239 Βούλεται
1493 2213 1548 2248 γὰρ
1567 2213 1668 2240 τούτων
1685 2213 1868 2248 ἀποχωρήσας
1882 2213 1896 2238 ὀ

1103 2259 1190 2293 λόγος,
1199 2258 1270 2285 οὕτω
1282 2259 1362 2290 πλαξὶ
1376 2260 1502 2295 στερραῖς
1515 2259 1562 2285 καὶ
1572 2259 1686 2291 λιθίναις
1697 2258 1893 2294 ἐγγράφεσθαι,

1103 2305 1149 2332 καὶ
1165 2305 1277 2337 ταύταις
1291 2305 1495 2341 ἀμφοτέρωθεν,
1511 2305 1556 2332 διά
1573 2314 1603 2332 τε
1621 2305 1652 2332 τὺ
1671 2305 1833 2340 φαινόμενον
1847 2303 1895 2330 τοῦ

1103 2351 1196 2387 νόμου,
1216 2352 1264 2378 καὶ
1281 2352 1310 2378 τὺ
1324 2352 1525 2388 κρυπτόμενον·
1541 2352 1571 2378 τὸ
1586 2352 1634 2386 μὲν
1645 2353 1701 2383 τοῖς
1715 2351 1822 2382 πολλοῖς
1839 2350 1894 2386 (95)

262 2393 384 2428 aspirare
411 2400 544 2429 nequeat;
572 2396 629 2422 sive
659 2395 775 2430 denique
801 2396 873 2423 aliud
906 2398 1042 2432 quoddam
1068 2399 1238 2426 Cl‘tltllVOl‘lllll
1269 2398 1386 2431 animal,
1419 2398 1538 2432 legisque
1570 2399 1657 2425 edicto
1694 2398 1894 2432 rejectaneum’

297 2462 316 2478 ³¹
327 2461 522 2495 Exod.xtx,24.
541 2462 781 2495 "Matth.xxt,4l.
799 2463 1002 2499 "Jer.xttt,23.
1019 2465 1142 2493 3*chtr.
1155 2465 1218 2497 v.8.
1233 2465 1254 2480 ³⁸
1267 2465 1360 2491 lllattlt.
1371 2464 1454 2498 vtt,6.
1470 2464 1601 2492 “Ilabac.
1614 2463 1668 2493 1.8.
1685 2464 1705 2480 ³⁷
1718 2464 1834 2496 Cant.n,
1850 2463 1894 2491 l5.

280 2519 355 2560 χιιι)
381 2519 500 2560 Ἑνικὼις
521 2520 742 2560 διαιροιιμένςην,
767 2527 820 2550 ctc.
843 2532 852 2549 ι
878 2523 1048 2559 Cottjunctim

261 2555 415 2587 disdnctus,
427 2563 459 2583 ac
471 2556 618 2582 distiuctitu
633 2557 800 2589 coniunctus,
822 2568 831 2584 ι
848 2559 873 2585 id
884 2555 943 2588 est:
953 2569 962 2584 ‹
981 2560 1050 2587 sicut

261 2596 495 2628 untts‘permanet,
507 2591 812 2628 etiamsidistinguatur,
827 2594 862 2621 ita
876 2596 1051 2628 quodammo-

263 2627 298 2652 do
315 2625 499 2658 distiuguitur,
513 2627 560 2652 etsi
579 2625 722 2653 cohaereat.
740 2636 749 2653 ι

298 2660 355 2699 (85)
382 2660 562 2699 Ἀσθένειςιν.
578 2661 624 2688 Or.
640 2663 666 2694 1,
686 2662 824 2698 ἀλήθειαν,
841 2673 849 2690 ι
870 2665 1021 2699 veritatem,
1040 2675 1049 2692 ι

262 2699 290 2722 et
309 2695 341 2721 ad
359 2703 457 2730 marg,
473 2696 625 2723 ασθένειαν.

297 2730 353 2800 (86)
374 2730 519 2764 Γένωμαι.
538 2731 603 2767 Reg.
619 2740 644 2762 a.
661 2732 824 2767 γενώμενος.

297 2765 340 2800 (87
373 2766 517 2799 Προοιτω,
527 2767 563 2793 οὐ
572 2767 637 2800 γάρ.
647 2767 694 2796 0r.
709 2768 735 2798 1,
746 2777 824 2800 προσι

373 2766 517 2807 ζζροριτω.
527 2767 563 2793 οὐ
647 2765 720 2807 (Inui
728 2765 907 2807 ,ξπροσιτέτοῃ
917 2770 1050 2807 οὐδὲγάρ.

297 2800 354 2834 (88)
368 2801 545 2836 ξῌρόσκαιρα
561 2800 646 2836 γοῦν.
666 2812 673 2827 t
697 2800 797 2830 Saltettt
825 2806 857 2832 ad
885 2800 957 2833 Itone
980 2800 1047 2833 teni-

262 2842 323 2870 ptts.
340 2844 349 2860 ι
368 2834 424 2876 "ac
440 2834 816 2876 vqce’sigtltilieauGregorius
834 2845 939 2876 tempus
956 2847 980 2868 et
1003 2842 1049 2867 lto-

263 2878 332 2904 rant,
348 2871 446 2906 quibus
462 2871 505 2899 lex
525 2879 539 2899 a
558 2873 640 2901 certis
655 2872 834 2903 immunditiis
853 2871 988 2904 abitinere
1007 2875 1050 2911 ju-

1103 2525 1193 2552 behat.
1212 2524 1272 2550 Bill.
1295 2533 1302 2550 :
1320 2534 1329 2549 ‹
1351 2524 1445 2551 leviter
1456 2524 1561 2551 saltent.
1579 2533 1588 2549 ι

1140 2560 1196 2594 (89)
1217 2560 1365 2586 B.ls:réto).
1385 2559 1412 2586 ltt
1427 2559 1572 2590 nonnullis,
1587 2558 1703 2594 βλέπων.

1151 2595 1196 2629 90)
1216 2595 1328 2629 Λόγων.
1344 2595 1450 2625 Comb.,
1464 2594 1552 2628 λόγου.

1149 2630 1194 2663 91)
1220 2630 1356 2664 Ἀθρόως.
1374 2630 1481 2660 Conth.,
1495 2629 1542 2655 καὶ
1558 2629 1674 2664 ἁθρόως.

1138 2662 1194 2699 (θὲ)
1206 2662 1304 2698 Λύκος
1332 2665 1488 2699 Ἄραϐικός.
1501 2662 1601 2690 Alludit
1613 2665 1645 2690 ad
1662 2664 1718 2690 lucc
1730 2663 1810 2690 verba
1840 2662 1892 2699 [la-

1102 2697 1198 2733 baeuc,
1216 2708 1235 2733 ι,
1251 2697 1312 2726 8:}
1334 2697 1488 2726 Velociores
1505 2699 1573 2733 lupis
1586 2699 1756 2733 vespertinis.
1774 2707 1783 2724 ι
1799 2698 1825 2724 ltt
1841 2697 1890 2725 Se-

1104 2736 1243 2771 ptuaginta
1274 2735 1391 2771 legitur:
1421 2744 1430 2760 ι
1450 2735 1520 2766 lttpis
1543 2734 1662 2771 Arabiae,
1681 2742 1690 2759 ι
1716 2733 1762 2768 qui
1787 2734 1893 2760 caeteris

1104 2769 1200 2798 robore
1216 2775 1243 2796 et
1260 2769 1423 2803 proceritate
1437 2774 1500 2796 sunt
1521 2769 1697 2796 crudeliores.

1138 2805 1194 2839 (95)
1210 2805 1243 2832 Τὸ
1320 2805 1383 2837 τοῖς
1393 2805 1530 2837 πολλοῖς,
1546 2810 1598 2831 etc.
1614 2803 1673 2830 Bill.
1684 2812 1690 2829 :
1703 2812 1712 2827 σ
1728 2801 1780 2830 illis
1793 2801 1892 2836 pleris-

1104 2848 1164 2875 que,
1194 2845 1222 2867 et
1243 2840 1316 2866 humi
1341 2840 1521 2874 manentibus,
1544 2840 1594 2867 ltoc
1612 2839 1715 2874 paucis,
1730 2844 1891 2872 sursumque

1106 2875 1284 2903 tendentibus.
1306 2884 1315 2900 ι

1106 2877 1284 2903 tendentibus.
1306 2884 1315 2900 ι
