2049 3131
165 204 201 233 29
701 204 830 232 ORATIO
849 204 968 233 XXVIII.
988 220 1023 227 —-
1044 204 1263 233 THEOIDGICA
1283 205 1315 233 ΙΙ.
1763 206 1799 233 30

163 260 211 288 καὶ
221 259 295 286 κάτω
312 257 433 294 μένουσι,
447 258 477 285 τὸ
496 258 525 285 δὲ
545 260 600 291 τοῖς
619 258 718 293 ὀλίγοις
739 261 786 287 καὶ
810 261 865 287 ἄνω
890 261 960 296 φθά-

163 315 209 334 νου
213 315 263 333 σιν.

1015 270 1065 290 nec
1078 270 1184 297 purum,
1204 267 1233 289 ut
1252 262 1284 290 iis
1299 267 1326 290 et
1339 261 1411 289 vesci
1431 266 1458 289 et
1473 261 1523 289 frui
1540 262 1628 290 liceat.
1647 263 1709 291 Vult
1727 265 1798 292 enim

1014 313 1107 336 nostra
1125 309 1248 336 doctrina
1271 308 1304 336 ab
1317 309 1358 336 his
1380 309 1535 340 abscedere,
1550 314 1629 343 atque
1649 310 1684 336 ita
1708 311 1799 339 solidis

164 356 192 380 et
216 351 328 386 lapideis
351 350 450 378 tabulis
472 351 595 382 inscribi.
624 350 706 386 idque
726 353 873 387 utrinque,
889 355 960 388 quod
980 356 1107 382 nimirunt
1144 356 1185 382 lex
1219 356 1315 391 partim
1334 356 1474 390 perspicua
1493 356 1540 388 sit,
1555 357 1651 390 partim
1671 358 1759 385 abdita
1773 364 1799 386 et

164 398 311 424 abstrusa:
329 397 395 424 illud
409 397 519 432 quidem
533 397 669 432 plerisque
682 398 715 424 ad
734 398 839 426 radices
859 400 960 427 montis
981 401 1205 435 subsistentibus,
1222 402 1272 428 hoc
1291 407 1382 429 autem
1418 403 1511 437 pattcis
1529 403 1555 430 in
1573 408 1690 431 montem
1704 411 1800 432 ascen-

164 445 302 471 dentibus.

201 489 237 515 Γ’.
259 489 290 515 Τί
302 489 380 516 τοῦτο
398 489 507 520 ἔπαθον,
521 486 543 515 ὦ
558 489 641 524 φίλοι,
653 491 700 516 καὶ
719 490 828 525 μύσται,
844 491 890 517 καὶ
906 491 957 526 τῆς
972 499 994 526 Α

163 535 293 571 ἀληθείας
312 535 491 570 συνερασταί;
513 536 643 571 Ἔτρεχον
669 536 723 571 (94)
743 537 802 572 μὲν,
823 537 860 567 ὡς
891 537 956 564 Θεὸν

164 581 397 617 καταληψόμενος.
417 581 464 608 καὶ
485 581 570 613 οὕτως
590 582 703 617 ἀνῆλθον
719 583 765 608 ἐπὶ
781 583 811 608 τὸ
823 583 894 617 ὅρος,
910 584 957 609 καὶ

163 628 213 663 τὴν
234 627 348 663 νεφέλην
363 627 477 662 διέσχον,
503 627 568 653 εἵσω
589 628 732 663 γενόμενος
748 629 802 654 ἀπὸ
824 630 874 663 τῆς
891 629 956 663 ὕλης

163 674 211 701 καὶ
225 674 278 700 τῶν
293 673 403 706 ὺλικῶν,
426 674 472 700 καὶ
483 675 521 705 εἰς
538 674 665 709 ἐμαυτὸν,
678 674 714 705 ὡς
724 671 778 700 οἷόν
792 683 830 703 τε,
845 682 957 708 συστρα-

164 719 234 754 φείς.
256 719 331 746 Ἐπεὶ
350 719 378 745 δὲ
397 719 576 754 προσέϐλεψα,
596 719 671 754 μόλις
689 718 756 746 εἶδον
773 719 840 746 Θεοῦ
852 720 885 746 τὰ
897 720 956 747 ὀπί-

164 765 226 791 σθια
240 765 310 800 (95)“
327 765 374 791 καὶ
391 765 478 796 τοῦτο,
494 766 526 800 τῇ
545 765 631 800 πέτρᾳ
648 765 821 796 σκεπασθεὶς,
834 765 872 798 τῷ
891 774 956 801 σαρ-

164 811 278 838 κωθέντι
292 811 325 838 δι’
343 813 416 847 ἡμᾶς
430 812 509 847 Λόγῳ
528 812 595 848 (96).
618 813 672 839 Καὶ
696 813 793 847 μικρὸν
811 812 954 847 διακύψας,

163 859 193 885 οὐ
216 860 265 895 τὴν
284 859 395 895 πρώτην
411 869 440 886 τε
456 860 503 886 καὶ
521 861 658 895 ἀκήρατον
678 859 769 894 φύσιν,
792 860 839 886 καὶ
860 861 955 895 ἑαυτῇ,

163 905 234 939 λέγω
250 905 281 940 δὴ
341 905 445 940 Τριάδι,
459 905 676 940 γινωσκομένην,
692 905 738 931 καὶ
755 906 804 940 ὅση
819 905 866 932 τοῦ
880 905 955 941 πρώ-

163 960 211 978 του
234 951 481 986 καταπετάσματος
505 952 569 978 εἴσω
591 951 681 987 μένει,
703 952 748 978 καὶ
770 952 822 978 ὑπὸ
836 952 890 978 τῶν
909 960 956 986 χε-

164 999 263 1034 ρουεὶμ
279 997 500 1032 συγκαλύπτεται
519 998 586 1029 (97),
606 997 662 1023 ἀλλ’
677 997 726 1032 ὅση
749 998 891 1023 τελευταία
909 997 956 1023 καὶ

162 1045 202 1076 εἰς
218 1045 292 1080 ἡμᾶς
306 1044 455 1078 φθάνουσα.
474 1043 507 1069 Ἦ
520 1043 548 1070 δέ
565 1045 647 1076 ἐστιν,
666 1044 715 1070 ὅσα
737 1043 791 1079 (98)
814 1044 863 1078 ἐμὲ
876 1043 956 1078 γινώ-

162 1099 249 1123 σκειν,
264 1091 280 1125 ὴ
299 1091 326 1116 ὲν
337 1091 393 1121 τοῖς
408 1089 549 1125 κτίσμασι,
564 1090 611 1116 καὶ
626 1091 682 1122 τοῖς
697 1090 744 1116 ὑπ’
757 1090 838 1116 αὑτοῦ
855 1090 955 1125 προϐε-

161 1137 211 1172 617;
217 1137 306 1172 μένοις
316 1137 363 1163 καὶ
373 1136 567 1171 διοικουμένοις
580 1136 767 1171 μεγαλειότης,
780 1137 807 1171 ἢ,
816 1137 852 1176 ᾡς
861 1137 874 1162 ὁ
885 1136 955 1167 θεῖος

1044 491 1086 519 lll.
1107 492 1206 519 Verum
1218 492 1281 526 qttid
1302 491 1366 518 mihi
1385 492 1492 524 accidit,
1512 499 1529 519 ο
1547 492 1638 524 amici,
1656 500 1687 519 ac
1703 492 1799 519 iisdem

1009 539 1094 565 sacris
1110 538 1226 570 initiati,
1245 538 1419 572 ejusdemque
1438 538 1561 565 veritatis
1587 538 1716 566 studiosi?
1731 539 1798 565 Cur-

1008 584 1100 610 rebam
1120 584 1169 610 ltoe
1186 585 1287 616 animo,
1307 584 1382 618 quasi
1402 583 1484 610 Deum
1501 589 1693 618 percepturus,
1707 585 1799 619 sit-que

1008 630 1032 656 in
1047 633 1166 656 montem
1184 630 1304 661 ascendi,
1323 637 1354 657 ac
1373 631 1470 656 nubent
1487 630 1645 664 penetravi,
1659 638 1673 656 a
1687 631 1798 658 materia

1009 675 1144 708 rebusque
1163 675 1274 701 materia
1297 675 1486 702 constantibus
1510 675 1648 708 reductus,
1667 679 1748 710 atque
1772 676 1798 702 in

1007 721 1158 754 ntoipsum,
1185 721 1274 754 quoad
1300 720 1358 755 ejus
1377 720 1433 747 lieri
1449 725 1572 755 poterat,
1599 721 1738 748 collectus.
1765 720 1799 749 Ut

1007 769 1097 792 autent
1112 767 1251 792 oculorum
1281 766 1367 792 aciem
1392 765 1489 800 adjeci,
1505 766 1546 792 vix
1567 766 1617 793 hoc
1642 767 1722 794 etiam
1739 774 1798 794 sutn

1007 817 1187 843 consecutus,
1205 817 1232 838 ιιι
1250 811 1296 838 Dei
1324 812 1476 846 posteriora
1502 820 1642 839 cernerem
1660 812 1701 844 ",
1718 813 1800 847 idque

1007 863 1082 892 petra
1094 879 1101 889 ,
1122 858 1172 884 hnc
1186 864 1245 890 est,
1265 858 1355 885 Verbo
1370 863 1468 886 nostra
1493 859 1588 887 salutis
1606 867 1688 887 causa
1715 861 1800 888 incar-

1007 909 1081 934 nalo.
1096 910 1246 931 cautectus.
1268 905 1354 938 Atque
1370 905 1535 940 aliqttanttmt
1552 907 1728 941 prospiciens,
1745 915 1798 934 non

1007 950 1119 984 primam
1140 949 1212 976 illam
1229 953 1256 977 et
1271 951 1441 983 purissimam
1466 955 1603 984 naturam,
1618 952 1722 986 sibique
1736 951 1798 986 ipsi,

1007 995 1032 1022 id
1049 1000 1089 1022 est
1109 995 1246 1027 Trinitati,
1265 1001 1363 1027 notam,
1391 1003 1502 1030 qumque
1520 997 1607 1030 printo
1621 997 1680 1024 velo
1693 996 1798 1024 obtecta

1007 1045 1109 1072 manet,
1121 1045 1147 1067 et
1162 1048 1175 1066 a
1200 1041 1341 1068 cherubim
1358 1042 1509 1076 obtegitur,
1523 1043 1694 1076 conspicatus
1718 1050 1777 1070 sum
1789 1063 1798 1076 ,

1006 1094 1099 1114 verum
1126 1092 1289 1121 postremam
1309 1092 1390 1121 atque
1404 1088 1437 1114 ad
1464 1095 1511 1114 nos
1532 1089 1740 1123 pertingentem.
1760 1089 1798 1115 Ea

1007 1137 1096 1160 autem
1117 1137 1170 1166 est,
1182 1137 1212 1159 ut
1230 1133 1336 1167 quidem
1349 1133 1407 1167 ipse
1420 1134 1573 1166 cognitione
1588 1142 1728 1168 assequar,
1743 1142 1799 1161 tna-

161 1181 243 1208 Δαϐὶδ
256 1181 395 1217 ὀνομάζει,
413 1181 644 1217 μεγαλοπρέπεια.
663 1182 754 1209 Ταῦτα
767 1182 822 1217 γὰρ
838 1181 904 1208 Θεοῦ
919 1181 953 1208 τὰ

1008 1180 1088 1213 iestas
1101 1180 1144 1206 illa
1155 1200 1162 1212 ,
1181 1180 1221 1207 vel
1232 1200 1239 1212 ,
1255 1186 1284 1206 ut
1297 1180 1379 1207 David
1393 1181 1519 1215 appellat,
1539 1181 1738 1215 magniﬁcentia
1756 1181 1778 1197 "
1790 1201 1798 1214 ,

160 1228 272 1255 ὀπίσθια
290 1228 356 1263 (99),
373 1228 423 1254 ὅσα
444 1229 500 1262 μετ’
515 1228 619 1254 ἐκεῖνον
641 1228 746 1254 ἐκείνου
763 1228 952 1263 γνωρίσματα,

160 1273 256 1309 ὥσπερ
277 1275 303 1300 αἱ
326 1273 386 1300 καθ’
400 1273 503 1300 ὑδάτων
523 1273 600 1309 ἡλίου
618 1273 693 1300 σκιαὶ
710 1273 757 1300 καὶ
774 1273 878 1305 εἰκόνες
896 1274 956 1305 ταῖς

161 1320 277 1354 σαθραῖς
287 1320 364 1354 ὕψεσι
376 1319 591 1354 παραδεικνῦσαι.
602 1319 648 1346 τὸν
660 1319 747 1354 ἥλιον,
758 1319 818 1345 ἐπεὶ
831 1318 868 1353 μὴ
875 1319 957 1345 αὐτὸν

160 1366 279 1401 προσϐλέ
283 1375 342 1393 πειν
351 1366 359 1402 (
365 1367 388 1401 1)
394 1363 448 1393 οἷόν
454 1366 536 1401 τε,τῷ
542 1367 688 1402 ἀκραιφνεῖ
694 1365 739 1392 τοῦ
747 1365 835 1400 φωτὸς
841 1365 958 1391 νικῶντα

159 1412 210 1448 τὴν
220 1412 355 1448 αἴσθησιν.
374 1411 467 1443 Οὕτως
476 1410 521 1438 οὖν
538 1411 718 1447 θεολογὴσεις,
736 1411 787 1438 κᾶν
801 1409 834 1447 ᾗς
842 1410 954 1446 Μωσῆς,

159 1459 207 1486 καὶ
213 1459 312 1495 Φαραῶ
318 1459 397 1490 Θεὸς,
403 1458 454 1485 κᾶν
464 1459 545 1494 μέχρι
553 1458 643 1494 τρίτου
651 1457 699 1494 (2),
708 1458 777 1484 κατὰ
784 1457 829 1484 τὸν
840 1456 954 1490 Παῦλον,

159 1506 275 1541 οὐρανοῦ
286 1505 392 1541 φθάσῃς
402 1505 449 1532 καὶ
457 1505 578 1541 ἀκούσῃς
590 1505 695 1541 ἄρρητα
705 1505 736 1540 pf)
742 1511 822 1539 ματα’
832 1503 882 1530 κᾶν
889 1503 958 1538 ὑπὲρ

159 1552 280 1583 ἐκείνους
288 1552 325 1587 (5)
334 1551 412 1588 γένῃ,
422 1551 571 1586 ἀγγελικης
577 1551 673 1586 τινοςῆ
686 1549 888 1585 ἀρχαγγελικῆς
896 1550 959 1576 στά-

160 1598 230 1630 σεώς
246 1607 276 1625 τε
292 1598 339 1624 καὶ.
350 1598 453 1630 τάξεως
464 1598 627 1633 ἠξιωμένος.
638 1596 697 1623 Κᾶν
714 1596 768 1632 γὰρ
780 1596 903 1631 οὐράνιον
920 1596 958 1631 (xI)

162 1643 247 1677 ἅπαν,
255 1644 307 1671 κᾶν
316 1644 512 1679 ὑπερουρὰνιόν
523 1652 560 1674 τι,
577 1644 623 1670 καὶ
635 1642 702 1669 πολὺ
710 1643 759 1678 τὴν
769 1641 958 1677 (tamquam-

160 1698 238 1725 τερον
248 1688 364 1725 ἡμῶνῇ,
378 1690 425 1716 καὶ
436 1689 576 1725 ἐγγυτέρω
591 1689 669 1720 Θεοῦ,
683 1688 763 1715 πλέον
776 1688 872 1723 ἀπέχει
890 1687 957 1714 Θεοῦ

160 1735 262 1771 καὶτῆς
269 1735 374 1767 τελείας
383 1734 594 1770 καταλήψεως,ἢ
603 1735 665 1761 ὅσον
674 1733 753 1769 ἡμῶν
761 1733 956 1769 ὑπεραίρειτοῦ

162 1780 305 1813 συνθέτου,
317 1781 364 1807 καὶ
372 1780 513 1813 ταπεινοῦ,
523 1780 570 1806 καὶ
579 1780 653 1806 κάτω
663 1779 955 1815 βρίθοντοςκράματος.

1007 1235 1066 1262 qua:
1080 1227 1106 1253 in
1126 1226 1206 1254 rebus
1224 1227 1300 1253 abeo
1316 1227 1414 1254 creatis
1435 1227 1625 1261 productisque
1650 1232 1677 1254 et
1701 1229 1799 1261 guber-

1008 1273 1081 1300 natis
1093 1272 1192 1300 elucct.
1209 1272 1254 1299 Dei
1269 1272 1367 1307 quippe
1375 1272 1524 1307 posteriora
1536 1278 1636 1300 suutea
1649 1293 1656 1305 ,
1671 1281 1730 1308 qua:
1739 1277 1800 1308 post

1011 1326 1072 1345 eum
1094 1319 1266 1350 exstiterunt,
1279 1318 1410 1352 nobisque
1426 1319 1510 1353 ipsius
1527 1326 1625 1345 nuttten
1641 1319 1799 1352 declarant,

1010 1371 1062 1390 non
1081 1371 1160 1390 secus
1177 1363 1300 1390 videlicet
1322 1370 1354 1389 ac
1368 1363 1432 1390 solis
1455 1363 1480 1389 in
1499 1363 1577 1397 aquis
1592 1363 1694 1391 umbrat
1719 1368 1800 1399 atque

1010 1409 1154 1436 sintulacra
1173 1409 1287 1436 ittlirntis
1296 1409 1381 1436 oculis
1397 1409 1481 1436 solem
1498 1415 1703 1443 repraesentant,
1715 1418 1802 1445 quan-

1010 1454 1152 1488 doquidem
1172 1461 1232 1480 eum
1260 1454 1365 1480 ohtueri
1389 1461 1442 1480 non
1467 1461 1620 1488 possumus,
1638 1459 1729 1489 utpote
1754 1456 1800 1490 qui

1010 1500 1079 1527 lucis
1110 1499 1227 1534 puritate
1250 1499 1334 1534 498
1360 1507 1468 1526 sensum
1497 1507 1603 1527 onmem
1621 1505 1740 1535 superat.
1758 1501 1800 1528 Ad

1010 1547 1081 1573 ltunc
1099 1546 1191 1581 itaque
1206 1547 1314 1573 modum
1332 1546 1449 1581 theologi
1469 1554 1569 1574 munus
1584 1547 1685 1579 ohihis,
1705 1555 1801 1583 quant-

1008 1593 1051 1620 vis
1061 1593 1140 1619 etiant
1168 1591 1274 1627 Moyses
1294 1592 1340 1624 sis,
1356 1592 1481 1628 Deosque
1495 1592 1643 1620 Pharaonis
1658 1593 1692 1626 ‘°,
1708 1601 1801 1627 quam-

1012 1638 1051 1665 vis
1066 1638 1099 1665 ad
1114 1638 1222 1665 tertium
1250 1645 1335 1672 usque
1350 1639 1461 1670 ccelum,
1482 1639 1567 1666 instar
1585 1638 1660 1666 Pauli
1672 1639 1706 1673 “,
1722 1640 1801 1666 abre-

1010 1690 1071 1720 ptus
1087 1684 1182 1717 lucris,
1202 1688 1284 1719 atque
1300 1692 1398 1711 arcatta
1415 1685 1496 1711 verba
1515 1684 1666 1717 audiveris;
1680 1685 1802 1719 quamvis

1010 1732 1091 1759 etiam
1105 1738 1186 1766 supra
1201 1730 1261 1758 illos
1279 1736 1399 1763 evectus,
1420 1731 1568 1765 angelicam
1593 1731 1735 1766 quamdam
1755 1735 1803 1758 aut

1010 1776 1226 1812 archangelicam
1252 1777 1342 1804 sedem
1371 1781 1398 1805 et
1423 1777 1546 1805 ordinem
1569 1776 1607 1803 sis
1630 1781 1801 1804 consecutus.

160 1823 287 1853 Creatum
305 1826 376 1853 enim
389 1834 486 1858 omne,
504 1827 560 1853 sive
593 1825 705 1853 caeleste
736 1825 793 1852 sive
820 1823 1033 1859 supercmleste,
1066 1823 1130 1850 licet
1162 1822 1312 1850 sublimiori
1334 1830 1414 1857 quam
1438 1829 1486 1849 nos
1515 1825 1610 1848 natura
1637 1822 1776 1855 praeditum
1793 1843 1800 1854 ,

161 1872 270 1907 Deoque
283 1872 406 1903 vicinius,
422 1872 535 1906 longiori
563 1876 653 1899 tamen
676 1870 817 1898 intervallo
837 1879 852 1898 a
881 1871 944 1902 Deo.
966 1877 998 1897 ac
1025 1869 1104 1904 plena
1141 1869 1185 1896 illa
1218 1873 1245 1896 et
1271 1869 1394 1896 absoluta
1426 1868 1580 1902 cognitione
1600 1867 1699 1900 distat,
1723 1875 1803 1902 quam

160 1922 217 1950 quo
229 1917 401 1947 compositam
417 1917 487 1944 hanc
502 1921 621 1944 nostram
637 1936 645 1949 ,
665 1921 692 1944 et
713 1916 846 1950 abjcctant
871 1921 951 1951 atque
971 1915 1044 1942 humi
1064 1920 1220 1949 vergentem
1234 1922 1351 1942 massam
1368 1919 1489 1949 superat.

199 1966 237 1991 Δ’.
263 1963 388 1999 Ἀρκτέον
415 1960 460 1990 οὗν
479 1963 551 1990 οὕτω
579 1963 674 1990 πάλινο
696 1963 762 1990 Θεὸν
780 1963 873 1997 νοῆσαι
890 1963 950 1998 μὲν,
965 1967 986 1995 (ι

162 2011 279 2047 χαλεπόν
290 2019 297 2026 ’
314 2011 418 2046 φράσαι
433 2010 473 2043 δὲ,
490 2009 632 2042 ἀδύνατον,
647 2008 685 2040 ὣς
697 2017 738 2040 τις
755 2008 809 2035 τῶν
887 2009 952 2044 παρ’

164 2057 278 2092 Ἕλλησι
303 2056 434 2090 θεολόγων
461 2057 668 2091 ἐφιλοσόφησεν,
688 2056 739 2083 οὐκ
759 2056 878 2090 ἀτέχνως
892 2056 954 2091 ἐμοὶ

162 2102 246 2134 Sexti,
264 2102 307 2129 ἶνα
323 2103 371 2129 καὶ
387 2103 581 2138 κατειληφέναι
601 2103 663 2139 δόξῃ
682 2103 713 2128 τὸ
727 2102 843 2137 χαλεπὸν
855 2102 953 2135 εἰπεῖν,

162 2149 211 2175 καὶ
230 2149 350 2185 διαφύγῃ
373 2149 411 2184 τῷ
433 2149 614 2185 ἁνεκφράστῳ
641 2149 686 2176 τὸν
715 2148 836 2184 ἔλεγχον.
874 2148 953 2175 ’Δλλὰ

161 2193 266 2227 φράσαι
286 2194 346 2228 μὲν,
370 2193 510 2226 ἀδύνατον,
527 2194 564 2225 ὡς
578 2194 592 2220 ὁ
606 2194 671 2228 ἐμὸς
685 2193 776 2228 λόγος’
800 2193 896 2228 νοῆσαι
913 2192 952 2226 δὲ,

161 2238 374 2275 ἀδυνατώτερον.
402 2239 439 2265 Τὸ
461 2239 508 2274 μὲν
528 2239 582 2275 γὰρ
609 2239 712 2274 νοηθὲν1
738 2238 808 2274 τάχα
824 2237 856 2264 ἂν
873 2238 953 2272 λόγος

161 2285 318 2321 δηλώσειεν,
336 2286 360 2312 εἰ
378 2286 424 2312 καὶ
442 2286 480 2321 μὴ
496 2286 623 2321 μετρίως,
641 2285 698 2312 ἀλλ’
711 2284 839 2320 ἀμυδρῶς
856 2293 887 2318 γε
913 2284 952 2319 τῷ

164 2331 202 2368 μὴ
219 2332 307 2368 πάντη
321 2332 355 2359 τὰ
372 2328 429 2359 ὦτα
445 2331 645 2368 διεφθαρμένῳ,
661 2332 708 2358 καὶ
720 2330 817 2367 νωθρῷ
828 2330 877 2366 τὴν
893 2331 952 2358 διά-

198 2409 220 2424 ²⁸
235 2409 318 2436 Exod.
337 2417 434 2441 xxxm,
461 2409 505 2436 25.
545 2408 567 2424 ‘9
584 2409 654 2435 Psal.
672 2416 730 2441 vm,
744 2407 772 2435 ‘2.
809 2407 832 2424 ‘°
847 2408 992 2440 Exod.vu,
1008 2407 1033 2436 i.

199 2486 255 2522 (94)
280 2486 434 2521 Ἔτρεχον.
462 2486 527 2520 Reg.
544 2491 673 2522 ,ειμι-εδ,
689 2485 765 2513 Colb.
795 2490 822 2512 et
849 2485 896 2513 Or.
924 2486 950 2517 Ι,

163 2520 249 2557 εἷχονζ
265 2522 311 2549 Sic
325 2520 407 2557 etiam
426 2522 530 2548 videtur
543 2521 640 2556 legisse
664 2520 758 2553 Leuv.,
785 2522 830 2554 qui
848 2522 948 2549 vertit:
973 2541 982 2550 .

166 2567 175 2582 ι
191 2556 308 2584 ⁷Αιιίιηιιε
322 2562 381 2584 erat
398 2556 480 2583 Deum
495 2557 733 2591 comprehendere,
754 2566 762 2580 ι
780 2561 833 2582 etc.

200 2592 256 2627 (95)
273 2592 310 2619 Τὰ
320 2592 453 2619 ὀπίσθια.
469 2591 561 2619 Schol.
581 2600 587 2618 :
609 2591 780 2626 Οἰκονομίαν·
798 2600 807 2616 ι
824 2591 951 2618 lncarna—

164 2628 277 2654 tionem.
293 2637 303 2652 t

200 2662 257 2694 (96)
269 2663 362 2696 Λόγιῳ.
377 2661 444 2693 Heg.
462 2661 557 2697 3.856;:
568 2661 658 2696 Λόγῳ.

200 2697 256 2732 (97)
282 2698 539 2732 Συγκαλύπτεται.
556 2697 610 2724 lloc
623 2696 801 2730 propitiatorii
818 2696 950 2732 velamen,

165 2732 199 2759 de
211 2740 263 2766 quo
276 2732 363 2759 Exod.
379 2740 453 2762 xxw,
465 2733 509 2765 51,
527 2731 660 2766 signilicat
678 2732 703 2757 in
729 2739 809 2757 sensu
829 2731 952 2766 Gregorii

164 2767 372 2801 prohibitionem
387 2767 620 2800 contemplationis
632 2774 744 2794 summa;
757 2766 827 2794 illius
840 2772 951 2794 naturae.

202 2802 256 2836 (98)
276 2803 364 2829 Ὅσα.
382 2802 447 2835 Reg.
468 2811 493 2833 ιι,
505 2802 552 2834 ὡς.

201 2837 256 2872 (99)
280 2838 319 2864 Τὰ
340 2837 473 2864 ὀπίσθια.
489 2837 718 2870 Quemadmodum
740 2845 750 2872 ι
770 2835 921 2872 facicsDei
943 2846 952 2862 t

166 2871 343 2899 substantiam
355 2877 383 2899 et
399 2873 538 2902 deitatem,
553 2872 642 2899 mtntdi
668 2871 804 2899 creatione
827 2871 954 2906 priorem,

167 2906 206 2970 ἕρ
224 2916 232 2932 ε
252 2909 402 2941 posteriora
421 2916 431 2932 ι
457 2908 619 2935 creationem
636 2912 663 2935 et
686 2905 885 2934 Providentiam
911 2907 952 2934 in-

187 2947 265 2970 tcant.

187 2947 265 2971 tcant.

1038 1963 1082 1989 IV.
1100 1961 1164 1989 Esto
1188 1962 1268 1997 igitur
1293 1962 1342 1988 ltoc
1360 1961 1474 1988 alterum
1499 1961 1631 1989 orationis
1649 1962 1801 1991 exordium.

1005 2009 1088 2036 Deum
1109 2008 1245 2036 intellectu
1263 2007 1402 2042 percipere
1412 2006 1519 2034 diﬂieile
1531 2012 1588 2034 est:
1601 2007 1689 2042 eloqui
1712 2013 1802 2036 autem

1016 2054 1195 2089 mpossibile,
1217 2059 1245 2081 ut
1275 2053 1448 2082 profanorum
1479 2053 1664 2088 theologorum
1692 2054 1802 2088 quidam

1006 2101 1107 2134 docuit,
1126 2107 1185 2127 meo
1211 2099 1320 2134 quidem
1334 2098 1437 2132 judicio
1449 2119 1457 2130 ,
1472 2106 1524 2126 non
1543 2098 1668 2126 incallide
1682 2119 1689 2132 ,
1705 2107 1802 2134 nempe

1005 2151 1034 2173 ut
1051 2153 1084 2173 ex
1104 2153 1136 2172 eo
1151 2146 1222 2180 quod
1251 2145 1390 2173 intellectu
1406 2144 1539 2180 dilllcilem
1557 2145 1682 2178 aﬂirmat,
1698 2146 1803 2180 opinio-

1005 2199 1065 2219 nem
1087 2191 1242 2219 hominibus
1270 2191 1382 2224 all‘erat,
1395 2199 1425 2218 se
1450 2199 1511 2218 eum
1531 2191 1684 2226 cognitione
1705 2199 1796 2225 perce-

1005 2239 1092 2272 pisse;
1108 2245 1140 2264 ex
1153 2244 1185 2264 eo
1198 2242 1289 2265 autent
1307 2238 1378 2272 quod
1394 2237 1476 2264 mtilis
1491 2238 1583 2265 verbis
1594 2245 1656 2264 eum
1668 2237 1801 2272 explicari

1005 2291 1085 2318 posse
1100 2284 1148 2315 ait.
1171 2283 1222 2311 hoc
1248 2288 1321 2318 agat,
1355 2291 1388 2310 ne
1405 2283 1512 2310 inscitia
1536 2291 1585 2310 sua
1610 2284 1687 2319 prodi
1719 2288 1802 2318 atque

1005 2330 1129 2358 convinci
1143 2335 1234 2365 queat.
1254 2330 1308 2365 Ego
1326 2337 1389 2357 vero
1405 2330 1441 2357 ita
1457 2329 1546 2364 potius
1561 2330 1704 2357 dicendum
1730 2336 1795 2357 cen-

1073 2408 1094 2423 “
1110 2407 1129 2433 ll
1143 2408 1206 2435 Cor.
1217 2415 1266 2439 xu,
1279 2408 1306 2434 2.

1043 2485 1311 2519 (1)Προσϐλέ;τειν.
1334 2487 1399 2519 Reg.
1417 2494 1442 2518 τι,
1468 2486 1587 2521 βλέπειν.

1043 2520 1082 2556 (2)
1103 2521 1215 2555 Τρίτον.
1233 2521 1338 2555 Comb.,
1359 2521 1408 2548 τοῦ
1426 2520 1529 2557 τρίτου.

1007 2603 1019 2628 ὲ
1042 2567 1082 2609 (ᾗ)
1103 2567 1264 2600 Ἐκείνους.
1291 2568 1356 2603 Reg.
1383 2569 1438 2601 hnt,
1462 2569 1515 2596 duo
1543 2566 1619 2595 Colb.
1647 2572 1675 2594 et
1702 2566 1748 2596 Or.
1774 2568 1801 2602 I,

1023 2610 1122 2628 κεινον.

1023 2610 1122 2629 κεινον.

1041 2648 1078 2684 (λι)
1091 2647 1153 2675 Κᾶν
1164 2648 1219 2682 γὰρ
1238 2647 1394 2684 οὐράνιον,
1419 2653 1471 2675 etc.
1489 2647 1516 2684 Id
1540 2647 1753 2684 iitlelligilrElias
1768 2633 1818 2676 de.

1010 2693 1019 2709 ι
1040 2684 1120 2714 εωΙο,
1142 2693 1151 2708 t
1169 2689 1195 2710 et
1212 2683 1245 2710 de
1269 2693 1278 2707 ‹
1296 2683 1408 2717 angelis,
1428 2693 1437 2708 ι
1468 2683 1515 2717 qtti
1532 2683 1710 2718 superccelos
1725 2688 1800 2710 sunt.

1043 2729 1083 2765 (5)
1099 2730 1151 2762 Ὧς
1176 2738 1221 2762 τις
1234 2728 1303 2760 τῶν,
1320 2734 1373 2756 etc.
1397 2729 1472 2756 Plato
1490 2730 1533 2765 hic
1556 2730 1726 2763 intelligitur,
1754 2731 1801 2763 qui

1007 2765 1034 2801 in
1049 2763 1156 2801 ’Τίιηίιλο
1179 2765 1214 2790 ita
1227 2765 1308 2801 habet
1325 2774 1331 2790 ε
1349 2765 1469 2801 Τόνγμὲγν
1489 2763 1535 2791 οὖν
1553 2765 1668 2801 ποιητὴν
1683 2765 1730 2791 καὶ
1746 2773 1800 2791 πα-

1006 2800 1073 2841 τέρα
1084 2799 1255 2841 τοῦ-Ξαντὸς
1279 2799 1371 2841 ξυρεῖν
1392 2800 1422 2841 τί)
1444 2799 1739 2841 ἕρὩν,ηκα1τξ.εὖρξντα
1760 2801 1802 2840 είς

1008 2835 1111 2866 πάντας
1131 2835 1259 2860 ἀδύνατον
1279 2835 1379 2869 λέγειν.
1393 2836 1468 2868 Quod
1485 2835 1588 2862 Tullius
1602 2836 1648 2862 lib.
1676 2835 1715 2861 De
1736 2835 1799 2860 uui-

1007 2870 1127 2897 t-ersitate
1145 2871 1184 2897 sic
1195 2870 1301 2897 reddit:
1319 2880 1327 2896 ι
1345 2869 1420 2896 ΙΙΙιιιιι
1439 2871 1547 2903 quidem
1559 2871 1636 2905 qttasi
1657 2875 1797 2905 parentem

1008 2905 1086 2938 hujus
1102 2905 1285 2932 universitatis
1298 2905 1421 2932 invenire
1435 2905 1542 2932 dil'licile
1556 2903 1608 2940 est,
1618 2903 1728 2939 et,'cuut
1741 2903 1798 2939 jam

1011 2941 1157 2975 inveneris,
1175 2940 1294 2969 indicare
1308 2941 1334 2969 in
1349 2942 1454 2976 vulgus,
1469 2940 1553 2970 nefas.
1571 2950 1581 2966 ι
