2049 3131
261 181 293 208 5i

863 185 893 209 ὅ.
914 181 1075 209 ϐΗΙειῧυιὶιΙ
1098 181 1271 209 THEOLOGI

1854 178 1890 206 53

260 248 317 273 sco,
334 239 378 266 Dei
405 243 528 266 naturam
561 238 640 266 nullis
667 239 774 274 quidem
802 240 892 267 verbis
919 240 1048 274 explicari

1103 249 1186 267 νοιαν.
1207 240 1243 266 Τὸ
1258 240 1285 266 δὲ
1301 245 1412 265 τοτοντο
1425 238 1462 273 ((5)
1478 239 1593 274 πρᾶγμα
1605 239 1637 273 τῇ
1655 237 1758 272 διανοίᾳ
1776 236 1889 272 περιλα-

261 294 340 320 posse
357 286 468 319 ;anitno
485 290 576 313 autem
598 291 678 320 alque
693 286 828 314 intellectu
853 288 1047 321 comprehendi

261 332 346 358 multo
355 332 542 365 minus‘posse.
558 331 624 359 Nam
641 333 710 366 quod
725 333 785 366 quis
798 333 889 360 anitno
903 338 930 359 et
946 333 1048 361 ratione

261 376 416 411 complexus
427 376 517 409 fuerit,
547 377 573 404 id
588 385 694 411 qttoque
712 377 827 405 fortasse
850 386 977 406 sermone
1001 379 1049 406 de-

261 422 366 449 clarare
381 427 472 457 queat.
489 423 511 450 si
528 430 562 449 ne
580 423 754 450 tnediocriter
778 423 896 458 quidem,
911 429 939 451 at
953 424 1047 451 saltem

260 468 387 501 obscure,
407 469 486 496 modo
501 469 652 496 auditOrem
669 474 765 496 nacttts
795 471 832 496 sit
859 477 912 496 non
938 471 1048 497 omnino

263 514 387 547 surdum,
406 514 530 548 tardique
543 519 571 541 et
582 515 679 550 stttpidi
697 515 806 550 ingenii.
824 515 858 541 At
875 523 930 542 rem
945 519 1047 542 tantam

263 559 354 586 animo
370 560 610 593 comprehendere,
626 561 737 587 omnino
754 560 916 594 impossibile
931 565 981 593 est,
997 568 1050 587 non

262 604 344 631 modo
360 605 463 639 ignavis
479 611 506 632 et
532 605 678 639 languidis,
711 605 891 640 deorsumque
914 606 1049 640 vergenti-

262 650 324 682 bus,
354 651 401 678 sed
426 651 531 686 magnis
561 652 642 678 etiam
669 657 696 679 et
723 651 837 678 excelsis
859 651 924 679 viris
951 651 1050 685 Deique

263 703 356 724 amore
381 697 512 731 praditis,
541 705 573 724 ac
597 697 758 724 mortalibus
774 705 897 732 peraeque
913 698 1048 729 otnnibus,

263 742 360 776 quibus
373 743 406 770 ad
422 744 477 771 veri
502 743 684 777 cognitionem
712 743 798 777 caligo
824 744 879 770 baae
902 747 929 769 et
957 744 1047 770 carnis

263 789 401 816 crassities
418 790 541 817 tenebras
556 790 680 818 offundit.
710 791 798 825 Atque
821 791 892 817 haud
913 791 970 817 scio

1101 287 1168 318 ἢεῖν,
1196 286 1304 317 πάντως
1324 285 1453 312 ἀδύνατον
1475 285 1520 311 καὶ
1546 285 1697 319 ἀμήχανον,
1722 283 1759 318 μὴ
1778 283 1818 309 ὅτι
1834 284 1890 314 τοῖς

1102 331 1399 366 καταϐεδλακευμένοις
1415 330 1452 365 (7)
1464 330 1511 356 καὶ
1527 329 1602 356 κάτω
1616 329 1749 361 νεύουσιν,
1766 328 1832 354 ἀλλὰ
1843 328 1890 354 καὶ

1101 379 1156 409 τοῖς
1172 377 1231 404 λίαν
1249 377 1401 412 adﬁcique
1417 376 1463 402 καὶ
1479 375 1622 410 φιλοθέοις,
1633 375 1681 401 καὶ
1698 374 1799 409 ὁμοίιος
1814 374 1890 409 πάσῃ

1102 425 1216 459 γεννητῇ
1237 424 1274 458 (8)
1286 423 1375 457 φύσει,
1392 423 1438 449 καὶ
1450 421 1490 452 οἷς
1504 423 1518 448 ὁ
1531 421 1611 455 ζόφος
1625 417 1701 452 οὗτος
1718 419 1887 455 ἐπιπροσθεῖ,

1102 469 1147 495 καὶ
1172 468 1201 494 τὸ
1224 468 1296 503 παχὺ
1320 467 1398 494 τοῦτο
1421 467 1542 502 σαρκίον,
1561 466 1628 501 πρὸς
1648 465 1696 500 τὴν
1710 464 1756 491 τοῦ
1773 464 1890 500 ἀληθοῦς

1100 515 1264 549 κατανόησιν
1275 522 1281 528 ·
1292 514 1343 540 οὐκ
1357 511 1415 539 οἶδα
1426 513 1454 539 δὲ
1471 513 1519 547 (9),
1538 513 1561 538 εἰ
1579 512 1615 546 μὴ
1628 511 1674 538 καὶ
1690 512 1749 542 ταῖς
1762 510 1890 547 ἁνωτέρῳ

1100 560 1147 586 καὶ
1165 561 1270 594 νοεραῖς
1283 559 1409 594 φύσεσιν·
1429 558 1467 591 αἶ,
1481 558 1526 585 διὰ
1546 558 1576 584 τὸ
1592 558 1703 592 πλησίον
1722 555 1791 583 εἶναι
1809 556 1888 588 Θεοῦ,

1100 607 1148 632 καὶ
1160 606 1213 641 ὅλῳ
1225 606 1263 640 τῷ
1280 606 1349 639 φωτὶ
1365 604 1601 640 καταλάμπεςθαι,
1616 604 1697 638 τυχὸν
1710 603 1743 630 ἂν
1758 603 1804 629 καὶ
1819 611 1889 638 τρα-

1099 652 1195 683 νοῖντο,
1229 652 1252 677 εἰ
1281 652 1327 678 καὶ
1356 650 1393 686 μὴ
1425 651 1523 686 πάντη,
1547 649 1604 677 ἀλλ’
1633 649 1711 685 ὴμῶν
1734 657 1766 682 γε
1789 647 1889 674 τελεώ-

1098 698 1178 732 τερόν
1190 706 1217 723 τε
1234 697 1281 723 καὶ
1293 697 1491 732 ὲκτυπώτερον,
1508 696 1554 723 καὶ
1571 696 1657 722 ἄλλων
1672 695 1748 722 ἄλλαι
1765 695 1854 721 πλεῖον
1870 694 1888 729 ἦ

1100 742 1218 774 ἔλαττον,
1235 743 1304 768 κατὰ
1315 742 1363 777 τὴν
1376 742 1521 776 ἀναλογίαν
1539 742 1588 776 τῆς
1600 740 1711 773 τάξεως.

1015 797 1046 817 an
1067 791 1117 817 hoe
1133 798 1241 824 quoque
1258 790 1461 818 sublimioribus
1491 789 1543 817 illis
1572 794 1599 816 et
1612 789 1824 823 iutelligentibus
1839 795 1888 815 na-

265 835 341 867 turis,
360 840 483 870 negatum
514 843 566 863 non
594 836 645 868 sit;
672 844 731 870 qum
761 836 824 870 quia
851 836 904 863 Deo
924 836 1032 870 propius
1061 836 1161 870 juncta:
1185 841 1257 869 sunt,
1290 844 1321 863 ac
1337 841 1392 863 t0to
1417 835 1463 863 illo
1487 836 1627 870 splendore
1653 835 1796 866 collucent,
1827 842 1889 862 cer-

265 887 329 906 nere
357 881 450 914 utique
472 881 587 908 fortasse
615 887 730 915 queant,
760 882 781 908 si
797 889 850 908 non
868 889 979 915 prorsus
991 902 998 913 ,
1025 889 1056 908 ac
1075 886 1149 908 certe
1163 882 1268 916 plenius
1285 889 1365 916 quam
1382 889 1430 908 nos
1459 886 1484 908 et
1512 881 1634 912 solidius,
1653 885 1733 915 atque
1747 880 1806 907 alia:
1817 880 1888 911 aliis,

262 933 312 960 pro
326 927 456 962 cujusque
473 929 580 960 ordine,
596 929 636 955 vel
651 929 772 961 uberius,
783 929 825 955 vel
844 930 964 963 parcitis.

300 973 332 1001 ν.
349 973 401 1000 Sed
417 974 450 1001 de
463 974 512 1001 bac
527 982 555 1001 re
571 975 613 1002 hic
625 975 659 1002 sit
675 975 744 1002 ﬁnis.
763 975 838 1008 Quod
850 980 941 1002 autem
955 974 987 1001 ad
1002 981 1049 1001 nos

1136 973 1174 1000 E'.
1190 972 1275 1000 Τοῦτο
1285 972 1334 1008 μὲν
1346 970 1393 999 οὖν
1406 972 1523 999 ἐνταῦθα
1536 971 1635 998 κείσθω
1643 979 1650 986 θ
1665 971 1695 997 τὸ
1705 971 1732 996 δὲ
1743 970 1889 1005 ἡμέτερον,

263 1019 370 1052 attinet,
389 1026 440 1046 non
456 1027 506 1054 pax
523 1022 708 1048 tantummodo
725 1022 770 1048 Dei
788 1025 932 1055 exsuperat
943 1028 1048 1047 omnem

264 1069 380 1091 mentem
395 1069 422 1091 et
439 1065 618 1099 cognitionem
630 1066 662 1098 δ’,
676 1073 725 1093 nec
754 1074 920 1100 quazcunqne
938 1066 970 1093 iis
984 1086 991 1098 ,
1005 1066 1049 1100 qui

261 1107 392 1142 justitiam
409 1109 552 1140 coluerint.
565 1110 647 1146 499
661 1111 688 1137 in
699 1111 797 1137 divinis
812 1110 1050 1145 pollicitationibus

264 1154 402 1181 recondita
420 1160 494 1188 sunt,
506 1164 566 1190 quae
587 1165 635 1183 nec
648 1158 734 1184 oculis
751 1159 825 1185 cerni
838 1180 844 1189 ,
871 1166 920 1185 nec
942 1159 1051 1186 auribus

262 1199 361 1233 excipi,
374 1207 422 1226 nec
435 1200 525 1227 animo
540 1202 650 1234 cogitari
666 1210 697 1229 ac
710 1203 824 1236 perspici
837 1203 868 1234 ",
881 1204 930 1230 uisi
948 1205 1050 1231 tenuis-

263 1245 344 1277 :ime,
358 1250 471 1278 posstmt
481 1265 488 1278 ,
514 1254 563 1273 nec
577 1252 672 1274 exacta
686 1253 713 1274 ct
728 1249 850 1275 absoluta
867 1257 958 1276 rerum
976 1258 1051 1277 crea—

265 1292 352 1315 iarum
373 1290 491 1323 cognitio
515 1291 593 1326 (nam
615 1292 710 1319 harum
727 1302 833 1327 quoque
851 1300 875 1321 te
895 1295 966 1322 solas
991 1304 1049 1322 um-

263 1336 327 1362 bras
340 1339 431 1363 tenere
447 1337 517 1364 haud
533 1337 652 1369 dubites,
668 1346 728 1365 ctttn
750 1339 916 1373 Srripturam
935 1341 967 1367 ad
982 1340 1052 1367 htmc

264 1381 372 1408 modum
387 1382 538 1417 loquentem
553 1385 670 1411 audieris
685 1394 691 1412 ί
712 1384 808 1412 Videbo
820 1386 907 1419 rwlas,
921 1395 999 1421 opera
1009 1387 1051 1413 (li-

261 1428 374 1462 gitorum
391 1433 507 1461 tuorum,
523 1430 612 1456 lunam
638 1436 662 1457 ει
688 1431 776 1458 stellas
792 1432 823 1463 ”,
841 1440 965 1466 eamque,
993 1441 1052 1467 qua:

262 1473 328 1507 ipsis
344 1474 431 1507 inest,
450 1475 553 1502 [iratam
576 1481 603 1502 et
617 1477 740 1503 stabilem
767 1477 896 1504 rationem
911 1498 918 1510 ,
942 1479 1052 1514 perinde

264 1517 367 1545 scilicet
383 1523 463 1552 atque
479 1519 504 1545 in
521 1519 570 1546 hac
583 1521 637 1547 vita
652 1528 682 1547 ea
700 1522 809 1548 minime
824 1522 926 1554 videns,
942 1524 989 1549 sed
1001 1523 1051 1549 ali—

263 1563 372 1596 quando
400 1565 611 1599 perspecturus)
632 1575 638 1592 τ
661 1566 707 1592 sed
725 1566 808 1593 tnulto
838 1568 924 1602 magis
956 1573 1051 1594 natura

265 1606 309 1634 ilia
326 1607 367 1635 bis
381 1608 521 1635 sublimior
535 1630 541 1641 ,
562 1615 590 1636 et
608 1618 640 1637 ex
661 1618 712 1645 qua
730 1611 786 1638 haze
811 1612 941 1646 originem
963 1620 1052 1640 traxe-

1102 1020 1151 1054 οὺχ
1179 1020 1195 1054 ἡ
1215 1019 1311 1053 εἰρήνη
1325 1017 1371 1044 τοῦ
1384 1017 1451 1043 Θεοῦ
1478 1016 1558 1052 μόνον
1574 1016 1702 1052 ὑπερέχει
1725 1017 1812 1042 πάντα
1827 1015 1890 1042 νοῦν

1102 1065 1149 1092 καὶ¹
1166 1063 1326 1098 κατάληψιν,
1344 1063 1404 1090 οὐδὲ
1419 1064 1468 1090 ὅσα
1485 1065 1540 1094 τοῖς
1552 1062 1665 1094 δικαίοις
1678 1063 1750 1089 ἐστὶν
1761 1063 1789 1089 ἐν
1804 1063 1890 1095 ἑπαγ-

1101 1111 1205 1145 γελίαις
1220 1110 1398 1145 ἀποκείμενα,
1414 1110 1449 1136 τὰ
1463 1111 1529 1145 μήτε
1546 1109 1695 1144 ὀφθαλμοῖς
1715 1109 1771 1143 (10)
1789 1109 1888 1144 ὁρατὰ,

1104 1159 1172 1193 μήτε
1187 1157 1253 1183 ὼπὶν
1269 1156 1398 1184 ἁκοοςτὰ.
1417 1157 1483 1191 μήτε
1494 1156 1596 1191 διανοίᾳ
1611 1155 1745 1191 Θεωρητὰ,
1759 1155 1828 1181 κατὰ
1847 1163 1890 1188 μι-

1104 1203 1167 1237 κρὸν
1184 1201 1259 1235 γοῦν,
1274 1201 1334 1227 οὐδὲ
1356 1202 1371 1236 ἡ
1390 1201 1438 1235 τῆς
1457 1201 1571 1231 κτίσεως
1593 1200 1710 1236 ἀκριϐὴς
1726 1199 1890 1233 κατανόησις

1103 1247 1162 1281 (καὶ
1180 1246 1233 1282 γὰρ
1259 1246 1305 1272 καὶ
1318 1246 1417 1280 ταύτης
1434 1245 1558 1279 πείσθητι
1579 1245 1628 1276 τὰς
1649 1245 1727 1276 σκιὰς
1748 1244 1819 1279 ἔχειν
1840 1244 1889 1278 μό-

1102 1301 1157 1326 νον,
1171 1293 1234 1319 ὅταν
1253 1292 1384 1327 ἀκούσῃς’
1406 1292 1536 1325 ”Οψομαι
1555 1291 1624 1323 τοὺς
1645 1291 1802 1324 οὐχιανοὺς,
1818 1290 1891 1324 ἔργα

1102 1339 1161 1365 τῶν
1184 1338 1340 1364 δακτύλων
1362 1346 1431 1369 σοι’,
1452 1337 1589 1370 σελήνην
1609 1337 1657 1363 καὶ
1675 1336 1816 1369 ἀστέρας,
1843 1336 1891 1362 καὶ

1102 1385 1146 1410 τὸν
1160 1385 1189 1411 ἐν
1205 1385 1296 1415 αὐτοῖς
1310 1384 1407 1418 πάγιον
1422 1383 1512 1417 λόγον·
1529 1383 1566 1414 ὡς
1583 1383 1642 1417 οὐχὶ
1663 1382 1710 1408 νῦν
1724 1381 1803 1417 ὀρῶν.
1820 1381 1891 1414 ὀψό-

1104 1438 1184 1465 μενος
1197 1430 1224 1455 δὲ
1239 1429 1312 1455 ἐστιν
1326 1429 1392 1461 ὅτε)·
1410 1427 1477 1454 ἀλλὰ
1500 1427 1566 1453 πολὺ
1586 1426 1638 1460 πρὸ
1657 1425 1769 1454 τούτων.
1790 1425 1806 1459 ἡ
1821 1424 1891 1460 ὑπὲρ

1102 1477 1196 1508 ταῦτα,
1212 1477 1259 1502 καὶ
1274 1476 1302 1508 ἐξ
1315 1474 1348 1511 ἧς
1362 1476 1458 1507 ταῦτα,
1475 1475 1554 1508 φύσις
1574 1473 1692 1508 ἄληπτός
1715 1481 1740 1498 τε
1761 1472 1806 1498 καὶ
1822 1472 1889 1498 ἁπε-

1105 1522 1244 1557 ρίληπτος”
1260 1521 1331 1555 λέγω
1347 1521 1385 1553 δὲ,
1397 1521 1445 1556 οὐχ
1456 1522 1496 1548 ὅτι
1508 1520 1591 1552 ἔστιν,
1605 1519 1660 1546 ἀλλ’
1703 1519 1743 1550 τίς
1757 1519 1837 1544 ἐστιν.
1853 1519 1890 1544 Οὐ

1102 1568 1157 1603 γὰρ
1174 1568 1252 1594 κενὸν
1267 1568 1290 1601 (l
1301 1568 1323 1601 Ι)
1336 1568 1366 1594 τὸ
1379 1568 1412 1601 κή
1419 1575 1509 1602 ρογμα
1526 1565 1613 1601 ἡμῶν,
1625 1565 1684 1591 οὐδὲ
1697 1565 1798 1599 ματαία
1813 1565 1829 1599 ἡ
1847 1564 1889 1590 πί-

1104 1623 1161 1646 στις
1172 1614 1260 1649 ἡμῶν,
1280 1614 1340 1640 οὐδὲ
1355 1613 1432 1640 τοῦτό
1446 1614 1518 1639 ἐστιν
1534 1612 1548 1638 ὃ
1559 1611 1755 1647 δογματίζομεν
1772 1610 1820 1645 (μὴ
1838 1610 1891 1637 πά-

266 1657 339 1685 runt,
356 1658 464 1688 eaplum
478 1662 585 1682 omnem
604 1661 631 1683 et
648 1658 914 1691 comprehensionem
932 1666 1050 1694 superat.

1103 1661 1144 1686 λιν
1157 1660 1206 1695 τὴν
1225 1660 1434 1695 εὐγνωμοσύνην
1448 1659 1526 1694 ὴμῶν
1538 1658 1630 1688 illam;
1644 1657 1729 1693 λάῧῃς
1748 1656 1833 1692 ἀρχὴν
1845 1656 1892 1683 καὶ

266 1698 320 1726 Nec
330 1707 393 1726 vero
409 1701 466 1728 btec
482 1701 563 1728 verba
585 1702 621 1728 ita
639 1703 724 1737 accipi
743 1704 832 1736 velim,
857 1707 933 1739 quasi
954 1707 1053 1740 percipi

266 1753 318 1772 non
334 1753 413 1780 posse
426 1747 525 1780 dicam,
549 1748 620 1782 quod
633 1749 669 1776 sit
685 1749 766 1782 Deus,
785 1751 830 1776 sed
844 1751 918 1785 quid.
934 1756 960 1778 et
977 1751 1055 1786 quale

265 1791 311 1818 sit.
330 1791 421 1827 Neque
438 1793 509 1820 enim
528 1794 615 1821 inanis
639 1800 680 1821 est
695 1795 852 1828 pl‘mdicatio
878 1801 981 1827 nostra.
1006 1803 1055 1823 nec

1104 1707 1297 1740 συκοφαντίας,
1316 1706 1362 1733 καὶ
1376 1705 1551 1740 κατεπαροῇς
1568 1704 1605 1735 ὡς
1623 1704 1677 1739 (li)
1691 1703 1892 1738 ὁμολογούντων

1104 1751 1153 1786 τὴν
1171 1751 1301 1786 ἄγνοιαν).
1319 1751 1445 1777 Πλεῖστον
1459 1750 1512 1784 γὰρ
1522 1749 1643 1784 διαφέρει
1663 1748 1708 1775 τοῦ
1724 1747 1792 1775 εἶναί
1803 1757 1828 1774 τι
1843 1757 1893 1774 πε-

1106 1797 1227 1829 πεῖσθαι,
1242 1796 1272 1822 τὸ
1285 1795 1310 1822 τί
1328 1796 1392 1821 ποτέ
1405 1796 1461 1821 ἐστι
1479 1794 1557 1820 τοῦτο
1570 1795 1678 1821 εἰδέναι.

266 1845 332 1865 vana
352 1839 416 1866 tides
433 1844 523 1866 nostra
536 1839 578 1873 ‘5;
597 1848 645 1867 nec
671 1841 696 1867 id
725 1846 784 1874 est,
801 1842 872 1876 quod
904 1848 1050 1870 aslrtumus
1080 1843 1088 1877 (
1106 1851 1137 1870 ne
1154 1851 1245 1870 rursus
1260 1843 1285 1869 id
1311 1843 1380 1877 quod
1409 1841 1490 1876 probe
1515 1842 1682 1875 candidcque
1711 1841 1842 1871 dixinms,
1867 1840 1892 1866 in

266 1885 415 1919 impietatis
429 1891 456 1913 et
472 1887 614 1914 calumniae
631 1895 818 1923 argumentum
835 1890 926 1916 trahas
939 1910 946 1922 ,
963 1898 994 1917 ac
1025 1890 1112 1923 nobis,

1151 1896 1179 1917 ut
1212 1890 1391 1925 ignorantiam
1412 1889 1613 1919 conﬁtentibus,
1639 1887 1894 1922 arrogattlerittSul-

269 1940 308 1963 [es
322 1932 343 1968 ).
368 1933 513 1960 Plurimum
531 1942 646 1968 namque
661 1935 783 1968 interest,
814 1941 890 1964 certo
920 1937 966 1964 tibi
997 1938 1160 1972 persuadeas
1183 1937 1285 1972 aliquid
1308 1944 1380 1968 esse,
1396 1944 1440 1968 an,
1457 1935 1521 1970 quid
1550 1936 1656 1962 tandem
1675 1935 1738 1962 illud
1756 1936 1800 1967 sit,
1819 1943 1893 1961 cont—

267 1984 370 2012 pertum
382 1979 491 2006 habeas.

302 2027 343 2055 Vl.
360 2028 464 2055 Etenim
481 2028 551 2062 quod
576 2029 646 2056 Deus
672 2029 718 2059 sit.
735 2037 767 2056 ac
786 2031 910 2065 princeps
933 2032 1054 2065 quantam

267 2082 358 2106 causa,
374 2082 433 2109 (11Ιέῐὲ
449 2081 493 2101 [‘85
514 2082 607 2101 omnes
621 2077 780 2109 procrearit,
804 2081 884 2111 atque
900 2081 1053 2109 (ιοηςθι-νοι,

268 2126 322 2147 ttun
337 2119 406 2146 oeuli
423 2120 485 2154 ipsi,
503 2124 558 2146 tum
575 2120 617 2146 lex
639 2121 770 2148 naturalis
787 2123 902 2152 docent;
922 2123 969 2153 illi.
992 2123 1054 2150 dum

268 2165 387 2192 rebusin
413 2170 550 2198 aspectum
575 2165 732 2192 cadentibus
755 2166 840 2192 aciem
865 2166 1052 2201 alliguttt,eas-

267 2219 319 2245 que
338 2215 365 2238 et
380 2211 491 2244 pulchre
518 2211 585 2237 ﬁxas
603 2215 630 2238 et
648 2211 758 2238 stabiles
783 2219 854 2243 esse,
871 2217 897 2238 et
917 2213 1052 2246 progredi.

267 2262 349 2290 atqttc
362 2256 482 2288 immote,
494 2260 522 2282 ut
536 2256 572 2283 ita
585 2256 683 2288 dicam,
698 2255 797 2283 moveri
815 2257 938 2292 volvique
952 2258 1053 2292 perspi—

266 2303 342 2329 ciunt
358 2309 365 2328 2
381 2303 439 2328 haec
454 2306 542 2328 autent
555 2321 563 2334 ,
578 2302 640 2328 dum
656 2309 703 2336 per
728 2310 769 2329 res
792 2302 879 2329 oculis
896 2303 1030 2336 subjectas
1045 2324 1053 2335 .

267 2355 299 2374 ac
314 2351 385 2374 recto
400 2347 493 2374 ordine
508 2347 652 2374 collocatas
665 2368 672 2380 ,
704 2353 842 2374 auctorem
869 2356 962 2375 earnm
979 2353 1052 2377 certo

266 2393 374 2427 quidem
387 2392 573 2419 ratiocinando
583 2392 745 2427 assequitur.
757 2393 878 2426 Quonam
893 2395 962 2421 enim
975 2395 1054 2421 modo

267 2438 391 2464 universa
408 2438 467 2465 haec
491 2445 581 2465 rerum
603 2437 689 2465 moles
710 2437 752 2464 Vel
777 2438 907 2471 producta
934 2447 1051 2474 unquam

268 2484 375 2514 fuisset,
396 2483 437 2510 vel
449 2483 618 2514 consisteret,
635 2483 686 2509 nisi
713 2483 782 2510 Dens
802 2484 893 2510 omnia
909 2485 936 2511 in
964 2493 1052 2512 rerttm

302 2541 325 2555 ⁸³
341 2539 437 2573 Philip.
456 2546 493 2572 tv,
517 2539 542 2565 7.
581 2539 603 2554 ⁸³
616 2538 625 2565 l
639 2538 700 2566 Cor.
721 2546 755 2570 It,
772 2539 798 2566 9.
836 2539 860 2555 “
875 2539 919 2567 Ps.
942 2548 997 2569 vtu.
1024 2541 1050 2567 4.

304 2595 341 2630 (6)
369 2596 510 2623 Τοσοῦτο.
538 2595 620 2630 llegg.
641 2603 667 2628 a,
694 2596 737 2624 bm
755 2601 780 2623 cl.
807 2596 853 2624 Or.
883 2596 908 2629 1,
939 2598 1054 2630 τοιοῦτο,

271 2641 279 2656 l
300 2632 390 2656 |:tlt'ln.
411 2640 420 2656 Ι

305 2666 342 2700 (7)
359 2665 700 2700 Καταόεϐ.1ακευ,ιιέννοις.
731 2667 787 2694 Duo
805 2666 892 2698 Colb.,
921 2667 968 2695 Or.
992 2670 1002 2695 l
1029 2674 1055 2696 et

270 2701 348 2736 Both,
363 2701 634 2736 κατεϐλακευμένως.

305 2735 342 2773 (ἓ)
359 2735 592 2773 [Errasti-ﬁes-
608 2741 668 2773 ast
681 2736 728 2764 οτι
744 2738 769 2769 1.
784 2737 895 2773 γηνητῇ-

308 2768 346 2805 (9)
368 2768 438 2797 Οἶδα
452 2768 496 2798 δέζ
509 2771 553 2798 Sic
570 2772 645 2805 Regii
661 2777 688 2798 ct
702 2768 850 2799 Colliertiui
865 2768 966 2805 plures.
979 2774 1057 2801 Deest

270 2805 298 2831 δὲ
312 2806 337 2832 in
353 2805 396 2832 ed.
410 2805 515 2832 Nullum
527 2811 600 2833 certe
614 2811 655 2833 est
667 2807 788 2837 dubium,
798 2807 861 2841 quin
870 2809 957 2841 angeli
976 2809 1056 2835 Deum

273 2841 391 2871 videant,
414 2848 529 2874 eumqtte
553 2841 635 2868 visuri
659 2842 713 2868 sint
732 2842 864 2875 homines,
891 2849 953 2870 cum
980 2848 1055 2872 adcr-

272 2883 335 2903 natn
351 2875 542 2904 beatitudinem
557 2876 749 2911 adipiscentur.

1142 2030 1187 2061 (τ’.
1208 2025 1261 2053 Τοῦ
1293 2027 1341 2061 μὲν
1372 2025 1424 2060 γὰρ
1452 2022 1521 2052 εἶναι
1544 2025 1620 2056 Θεὸν,
1647 2024 1692 2051 καὶ
1715 2024 1763 2060 τὴν
1787 2025 1894 2051 πάντων

1106 2074 1250 2109 ποιητικήν
1274 2081 1302 2098 τε
1323 2071 1547 2105 καὶ¹συνεκτικὴν
1563 2071 1661 2103 αἰτίαν,
1679 2072 1724 2097 καὶ
1741 2071 1800 2106 Ἅλις
1820 2071 1894 2098 διδά-

1106 2120 1214 2151 σκαλος,
1232 2118 1278 2145 καὶ
1301 2118 1315 2143 ὁ
1333 2117 1447 2152 φυσικὸς
1461 2117 1542 2151 νόμος
1554 2125 1560 2131 ·
1581 2118 1597 2152 ἡ
1616 2117 1664 2151 μὲν
1678 2118 1734 2147 τοῖς
1745 2117 1894 2151 ὁρωμένοις

1107 2165 1328 2201 προσϐάλλουσα,
1354 2164 1401 2190 καὶ
1423 2164 1559 2198 πεπηγόσι
1579 2162 1680 2196 καλῶς,
1699 2162 1746 2189 καὶ
1761 2162 1892 2195 ὁδεύουσι,

1105 2213 1151 2238 καὶ
1165 2211 1310 2246 ἀκινήτως,
1328 2209 1371 2236 ἵνα
1395 2210 1480 2242 οὕτως
1497 2210 1578 2243 εἴπω,
1597 2209 1768 2244 κινουμένοις
1784 2209 1831 2235 καὶ
1848 2218 1895 2244 φε-

1107 2257 1242 2293 ρομένοις·
1260 2259 1274 2283 ὁ
1289 2257 1327 2289 δὲ,
1344 2256 1387 2282 διὰ
1411 2256 1464 2282 τῶν
1481 2256 1626 2291 ὁρωμένων
1648 2255 1695 2282 καὶ
1708 2255 1893 2290 τεταγμένων,

1105 2304 1150 2330 τὸν
1161 2302 1282 2338 ἀρχηγὸν
1297 2302 1399 2329 τούτων
1417 2301 1649 2336 συλλογιζόμενος.
1662 2301 1724 2332 Πῶς
1735 2301 1789 2336 γὰρ
1805 2301 1837 2327 ἂν
1848 2302 1894 2328 καὶ

1106 2349 1210 2384 ὑπέστη
1232 2348 1292 2375 τόδε
1312 2348 1343 2374 τὺ
1362 2349 1425 2380 πᾶν,
1447 2348 1463 2382 ἢ
1482 2347 1607 2382 συνέστη,
1626 2347 1662 2382 μὴ
1675 2347 1741 2373 Θεοῦ
1756 2347 1789 2373 τὰ
1805 2347 1894 2373 πάντα.

1105 2395 1152 2421 καὶ
1167 2393 1348 2424 οὺσιώσαντος
1369 2393 1415 2419 καὶ
1433 2393 1605 2427 συνέχοντος
1624 2392 1691 2418 Οὐδὲ
1712 2392 1764 2427 γὰρ
1777 2391 1893 2427 κιθάραν

1105 2450 1146 2472 τις
1156 2440 1225 2476 ὁρῶν
1240 2439 1370 2466 κάλλιστα
1384 2439 1553 2474 ἠσκημένην,
1565 2438 1612 2464 καὶ
1628 2438 1677 2473 τὴν
1692 2437 1792 2473 ταύτης
1810 2438 1893 2472 εὐαρ-

1107 2486 1219 2520 μοστίαν
1252 2485 1299 2512 καὶ
1327 2485 1469 2518 εὐταξίαν,
1497 2485 1513 2520 ἢ
1542 2485 1590 2519 τῆς
1618 2484 1781 2520 κιῦαρῳδίας
1810 2484 1894 2520 αὐτῆς

1087 2541 1109 2557 ’⁵⁵
1127 2540 1207 2568 lCor.
1232 2549 1276 2572 xv,
1295 2541 1339 2569 14.

1143 2599 1198 2634 (10)
1219 2598 1338 2632 Τὰμπήτε
1350 2597 1522 2633 ὀφθαλμοῖς,
1534 2603 1585 2624 etc.
1605 2597 1733 2634 Observat
1743 2597 1815 2625 Elias
1827 2598 1893 2625 Cre-

1111 2632 1195 2661 tensis
1217 2634 1272 2660 hau:
1285 2634 1404 2668 Apostoli
1431 2632 1511 2660 verba
1527 2638 1646 2659 mutuata
1668 2632 1749 2660 fuisse
1770 2640 1802 2660 ex
1830 2641 1893 2668 apo-

1110 2670 1212 2704 crypho
1227 2669 1307 2700 libro,
1321 2669 1365 2702 qui
1382 2669 1415 2696 ab
1429 2667 1486 2695 Elia
1505 2668 1634 2704 propheta
1652 2668 1769 2704 scriptus
1784 2667 1891 2704 dicitur.

1108 2704 1205 2737 Quidni
1228 2705 1315 2738 potius
1326 2705 1466 2738 desumpta
1482 2711 1513 2730 ex
1531 2703 1606 2730 Isaia:
1629 2711 1701 2735 LXIV,
1723 2703 1753 2736 ὁ,
1768 2712 1778 2728 t
1801 2703 1894 2730 oculus

1110 2747 1161 2766 non
1179 2739 1257 2768 vidit.
1276 2748 1284 2764 ι
1296 2743 1348 2764 etc.

1144 2773 1199 2808 (ll)
1217 2773 1321 2799 Ιιένόν.
1336 2773 1408 2803 PaL.
1423 2772 1526 2808 καινόν,
1541 2782 1550 2798 t
1569 2780 1645 2799 nova.
1671 2782 1681 2797 ι

1147 2809 1202 2841 (12)
1228 2808 1281 2835 Καὶ
1307 2807 1494 2842 κατεπαρθῇς
1513 2808 1563 2841 ὡς,
1584 2812 1636 2834 etv.
1658 2809 1684 2834 Id
1704 2812 1755 2839 est,
1776 2816 1785 2833 ι
1808 2812 1835 2834 et
1847 2807 1893 2834 ad-

1111 2851 1218 2871 vt-rsnm
1235 2851 1282 2869 nos
1297 2843 1430 2878 insnrgas,
1447 2843 1522 2878 quasi
1539 2849 1587 2870 nos
1602 2844 1775 2877 prolitcatuur
1787 2843 1892 2877 ignora-

1110 2885 1140 2905 re
1158 2886 1191 2905 an
1212 2878 1245 2906 sit
1257 2879 1336 2906 Deus.
1357 2887 1366 2904 ›
