  <div class='ocr_page' id='page_1' title='image "/cluster/home/n/w/nwhite01/storage/ocr_20150623/36/njp.32101013202633/026.png"; bbox 0 0 2049 3131; ppageno 0'>
   <div class='ocr_carea' id='block_1_1' title="bbox 151 156 1777 191">
    <p class='ocr_par' dir='ltr' id='par_1_1' title="bbox 151 156 1777 191">
     <span class='ocr_line' id='line_1_1' title="bbox 151 156 1777 191; baseline 0.006 -9"><span class='ocrx_word' id='word_1_1' title='bbox 151 156 184 183; x_wconf 71' lang='grc'><strong>55</strong></span> <span class='ocrx_word' id='word_1_2' title='bbox 644 157 776 186; x_wconf 78' lang='lat' dir='ltr'><strong>ORATIO</strong></span> <span class='ocrx_word' id='word_1_3' title='bbox 797 158 915 186; x_wconf 75' lang='lat' dir='ltr'>XXVIII.</span> <span class='ocrx_word' id='word_1_4' title='bbox 939 176 970 179; x_wconf 98' lang='lat'>—</span> <span class='ocrx_word' id='word_1_5' title='bbox 991 159 1210 188; x_wconf 80' lang='lat' dir='ltr'><strong>TIIEOLOGICA</strong></span> <span class='ocrx_word' id='word_1_6' title='bbox 1231 160 1262 188; x_wconf 90' lang='lat' dir='ltr'>II.</span> <span class='ocrx_word' id='word_1_7' title='bbox 1743 164 1777 191; x_wconf 72' lang='lat' dir='ltr'><strong>3i</strong></span> 
     </span>
    </p>
   </div>
   <div class='ocr_carea' id='block_1_2' title="bbox 149 211 930 253">
    <p class='ocr_par' dir='ltr' id='par_1_2' title="bbox 149 211 930 250">
     <span class='ocr_line' id='line_1_2' title="bbox 149 211 930 250; baseline 0.004 -11"><span class='ocrx_word' id='word_1_8' title='bbox 149 211 264 244; x_wconf 76' lang='grc' dir='ltr'>ἀκούων,</span> <span class='ocrx_word' id='word_1_9' title='bbox 280 212 344 239; x_wconf 80' lang='grc' dir='ltr'>ἄλλο</span> <span class='ocrx_word' id='word_1_10' title='bbox 361 213 417 248; x_wconf 77' lang='grc' dir='ltr'>τι,ἢ</span> <span class='ocrx_word' id='word_1_11' title='bbox 434 212 480 240; x_wconf 70' lang='grc' dir='ltr'><strong>τὸν</strong></span> <span class='ocrx_word' id='word_1_12' title='bbox 494 213 544 248; x_wconf 81' lang='grc' dir='ltr'>τῆς</span> <span class='ocrx_word' id='word_1_13' title='bbox 560 213 674 249; x_wconf 79' lang='grc' dir='ltr'><strong>κιθάρας</strong></span> <span class='ocrx_word' id='word_1_14' title='bbox 690 215 866 250; x_wconf 71' lang='grc' dir='ltr'>δημιουργὸν,</span> <span class='ocrx_word' id='word_1_15' title='bbox 890 217 930 242; x_wconf 70' lang='lat' dir='ltr'><strong>ml</strong></span> 
     </span>
    </p>
   </div>
   <div class='ocr_carea' id='block_1_3' title="bbox 982 211 1776 253">
    <p class='ocr_par' dir='ltr' id='par_1_3' title="bbox 990 218 1776 253">
     <span class='ocr_line' id='line_1_3' title="bbox 990 218 1776 253; baseline 0.005 -10"><span class='ocrx_word' id='word_1_16' title='bbox 990 221 1114 244; x_wconf 86' lang='lat' dir='ltr'><strong>naturam</strong></span> <span class='ocrx_word' id='word_1_17' title='bbox 1146 218 1312 252; x_wconf 88' lang='lat' dir='ltr'><strong>protulisset,</strong></span> <span class='ocrx_word' id='word_1_18' title='bbox 1338 221 1419 253; x_wconf 89' lang='lat' dir='ltr'><strong>atque</strong></span> <span class='ocrx_word' id='word_1_19' title='bbox 1435 219 1625 246; x_wconf 83' lang='lat' dir='ltr'><strong>conservaret?</strong></span> <span class='ocrx_word' id='word_1_20' title='bbox 1644 220 1776 253; x_wconf 82' lang='lat' dir='ltr'><strong>Quemad-</strong></span> 
     </span>
    </p>
   </div>
   <div class='ocr_carea' id='block_1_4' title="bbox 148 258 934 297">
    <p class='ocr_par' dir='ltr' id='par_1_4' title="bbox 148 258 934 297">
     <span class='ocr_line' id='line_1_4' title="bbox 148 258 934 297; baseline 0.004 -12"><span class='ocrx_word' id='word_1_21' title='bbox 148 259 192 285; x_wconf 79' lang='grc' dir='ltr'>τὸν</span> <span class='ocrx_word' id='word_1_22' title='bbox 201 258 351 294; x_wconf 75' lang='grc' dir='ltr'>κιθαρῳδὸν</span> <span class='ocrx_word' id='word_1_23' title='bbox 366 260 496 294; x_wconf 73' lang='grc' dir='ltr'>ἑννοήσει,</span> <span class='ocrx_word' id='word_1_24' title='bbox 509 260 556 286; x_wconf 81' lang='grc' dir='ltr'><strong>καὶ</strong></span> <span class='ocrx_word' id='word_1_25' title='bbox 567 261 634 295; x_wconf 83' lang='grc' dir='ltr'>πρὸς</span> <span class='ocrx_word' id='word_1_26' title='bbox 648 261 729 287; x_wconf 77' lang='grc' dir='ltr'>αὑτὸν</span> <span class='ocrx_word' id='word_1_27' title='bbox 739 261 934 297; x_wconf 82' lang='grc' dir='ltr'>ἁναδραμεῖται</span> 
     </span>
    </p>
   </div>
   <div class='ocr_carea' id='block_1_5' title="bbox 146 304 934 341">
    <p class='ocr_par' dir='ltr' id='par_1_5' title="bbox 146 304 934 341">
     <span class='ocr_line' id='line_1_5' title="bbox 146 304 934 341; baseline 0.006 -12"><span class='ocrx_word' id='word_1_28' title='bbox 146 305 179 340; x_wconf 83' lang='grc' dir='ltr'><strong>τῇ</strong></span> <span class='ocrx_word' id='word_1_29' title='bbox 193 304 306 340; x_wconf 78' lang='grc' dir='ltr'><strong>διανοίᾳ,</strong></span> <span class='ocrx_word' id='word_1_30' title='bbox 329 304 380 331; x_wconf 81' lang='grc' dir='ltr'>κᾶν</span> <span class='ocrx_word' id='word_1_31' title='bbox 400 305 504 339; x_wconf 83' lang='grc' dir='ltr'><strong>ἀγνοῶν</strong></span> <span class='ocrx_word' id='word_1_32' title='bbox 518 306 586 341; x_wconf 83' lang='grc' dir='ltr'><strong>τύχῃ</strong></span> <span class='ocrx_word' id='word_1_33' title='bbox 603 308 661 338; x_wconf 80' lang='grc' dir='ltr'>ταῖς</span> <span class='ocrx_word' id='word_1_34' title='bbox 674 306 782 341; x_wconf 65' lang='grc' dir='ltr'>ὄψεσιν·</span> <span class='ocrx_word' id='word_1_35' title='bbox 803 308 874 334; x_wconf 79' lang='grc' dir='ltr'>οὕτω</span> <span class='ocrx_word' id='word_1_36' title='bbox 889 309 934 334; x_wconf 74' lang='grc' dir='ltr'>καὶ</span> 
     </span>
    </p>
   </div>
   <div class='ocr_carea' id='block_1_6' title="bbox 146 350 934 389">
    <p class='ocr_par' dir='ltr' id='par_1_6' title="bbox 146 350 934 389">
     <span class='ocr_line' id='line_1_6' title="bbox 146 350 934 389; baseline 0.006 -14"><span class='ocrx_word' id='word_1_37' title='bbox 146 351 210 385; x_wconf 81' lang='grc' dir='ltr'>ἡμῖν</span> <span class='ocrx_word' id='word_1_38' title='bbox 226 350 256 376; x_wconf 74' lang='grc' dir='ltr'><strong>τὸ</strong></span> <span class='ocrx_word' id='word_1_39' title='bbox 277 351 418 384; x_wconf 74' lang='grc' dir='ltr'>ποιητικὸν</span> <span class='ocrx_word' id='word_1_40' title='bbox 434 351 521 387; x_wconf 82' lang='grc' dir='ltr'>δῆλον,</span> <span class='ocrx_word' id='word_1_41' title='bbox 538 352 583 378; x_wconf 73' lang='grc' dir='ltr'>καὶ</span> <span class='ocrx_word' id='word_1_42' title='bbox 599 353 629 379; x_wconf 81' lang='grc' dir='ltr'><strong>τὸ</strong></span> <span class='ocrx_word' id='word_1_43' title='bbox 647 352 748 384; x_wconf 72' lang='grc' dir='ltr'>κινοῦν,</span> <span class='ocrx_word' id='word_1_44' title='bbox 766 352 812 380; x_wconf 83' lang='grc' dir='ltr'>καὶ</span> <span class='ocrx_word' id='word_1_45' title='bbox 833 354 934 389; x_wconf 75' lang='grc' dir='ltr'>τηροῦν</span> 
     </span>
    </p>
   </div>
   <div class='ocr_carea' id='block_1_7' title="bbox 145 398 934 436">
    <p class='ocr_par' dir='ltr' id='par_1_7' title="bbox 145 398 934 436">
     <span class='ocr_line' id='line_1_7' title="bbox 145 398 934 436; baseline 0.005 -12"><span class='ocrx_word' id='word_1_46' title='bbox 145 398 179 424; x_wconf 77' lang='grc' dir='ltr'><strong>τὰ</strong></span> <span class='ocrx_word' id='word_1_47' title='bbox 193 399 373 434; x_wconf 78' lang='grc' dir='ltr'>πεποιημένα,</span> <span class='ocrx_word' id='word_1_48' title='bbox 390 400 440 426; x_wconf 85' lang='grc' dir='ltr'>κᾶν</span> <span class='ocrx_word' id='word_1_49' title='bbox 456 401 492 435; x_wconf 85' lang='grc' dir='ltr'>μὴ</span> <span class='ocrx_word' id='word_1_50' title='bbox 502 400 605 435; x_wconf 79' lang='grc' dir='ltr'>διανοίᾳ</span> <span class='ocrx_word' id='word_1_51' title='bbox 621 401 870 436; x_wconf 74' lang='grc' dir='ltr'>περιλαμῆάνηται·</span> <span class='ocrx_word' id='word_1_52' title='bbox 888 402 934 428; x_wconf 74' lang='grc' dir='ltr'><strong>καὶ</strong></span> 
     </span>
    </p>
   </div>
   <div class='ocr_carea' id='block_1_8' title="bbox 146 443 932 481">
    <p class='ocr_par' dir='ltr' id='par_1_8' title="bbox 146 443 932 481">
     <span class='ocr_line' id='line_1_8' title="bbox 146 443 932 481; baseline 0.004 -11"><span class='ocrx_word' id='word_1_53' title='bbox 146 443 203 470; x_wconf 80' lang='grc' dir='ltr'>λίαν</span> <span class='ocrx_word' id='word_1_54' title='bbox 219 443 364 479; x_wconf 84' lang='grc' dir='ltr'>ἀγνώμων,</span> <span class='ocrx_word' id='word_1_55' title='bbox 381 445 395 470; x_wconf 82' lang='grc' dir='ltr'>ὁ</span> <span class='ocrx_word' id='word_1_56' title='bbox 412 445 448 480; x_wconf 79' lang='grc' dir='ltr'>μὴ</span> <span class='ocrx_word' id='word_1_57' title='bbox 467 445 545 481; x_wconf 80' lang='grc' dir='ltr'>μέχρι</span> <span class='ocrx_word' id='word_1_58' title='bbox 559 447 661 473; x_wconf 80' lang='grc' dir='ltr'>τούτων</span> <span class='ocrx_word' id='word_1_59' title='bbox 675 447 777 481; x_wconf 82' lang='grc' dir='ltr'>προϊὼν</span> <span class='ocrx_word' id='word_1_60' title='bbox 792 446 932 480; x_wconf 75' lang='grc' dir='ltr'><strong>ἑκουσίως,</strong></span> 
     </span>
    </p>
   </div>
   <div class='ocr_carea' id='block_1_9' title="bbox 146 489 934 525">
    <p class='ocr_par' dir='ltr' id='par_1_9' title="bbox 146 489 934 525">
     <span class='ocr_line' id='line_1_9' title="bbox 146 489 934 525; baseline 0.001 -10"><span class='ocrx_word' id='word_1_61' title='bbox 146 489 192 515; x_wconf 76' lang='grc' dir='ltr'><strong>καὶ</strong></span> <span class='ocrx_word' id='word_1_62' title='bbox 216 489 277 520; x_wconf 83' lang='grc' dir='ltr'>ταῖς</span> <span class='ocrx_word' id='word_1_63' title='bbox 291 490 418 523; x_wconf 79' lang='grc' dir='ltr'><strong>φυσικαῖς</strong></span> <span class='ocrx_word' id='word_1_64' title='bbox 435 490 566 525; x_wconf 79' lang='grc' dir='ltr'>ἑπόμενος</span> <span class='ocrx_word' id='word_1_65' title='bbox 589 490 756 523; x_wconf 71' lang='grc' dir='ltr'><strong>ἀποδείξεσιν</strong></span> <span class='ocrx_word' id='word_1_66' title='bbox 768 499 774 505; x_wconf 87' lang='grc'>·</span> <span class='ocrx_word' id='word_1_67' title='bbox 799 490 857 517; x_wconf 71' lang='grc' dir='ltr'>ἀλλ’</span> <span class='ocrx_word' id='word_1_68' title='bbox 873 490 934 517; x_wconf 80' lang='grc' dir='ltr'>οὐδὲ</span> 
     </span>
    </p>
   </div>
   <div class='ocr_carea' id='block_1_10' title="bbox 144 532 933 572">
    <p class='ocr_par' dir='ltr' id='par_1_10' title="bbox 144 532 933 572">
     <span class='ocr_line' id='line_1_10' title="bbox 144 532 933 572; baseline 0.003 -12"><span class='ocrx_word' id='word_1_69' title='bbox 144 534 222 561; x_wconf 75' lang='grc' dir='ltr'>τοῦτο</span> <span class='ocrx_word' id='word_1_70' title='bbox 233 532 301 561; x_wconf 81' lang='grc' dir='ltr'>εῖναι</span> <span class='ocrx_word' id='word_1_71' title='bbox 316 535 391 566; x_wconf 77' lang='grc' dir='ltr'>θεὸν,</span> <span class='ocrx_word' id='word_1_72' title='bbox 408 536 475 571; x_wconf 78' lang='grc' dir='ltr'>ὅπερ</span> <span class='ocrx_word' id='word_1_73' title='bbox 491 535 709 572; x_wconf 79' lang='grc' dir='ltr'>ὲφαντάσθημεν,</span> <span class='ocrx_word' id='word_1_74' title='bbox 723 536 740 571; x_wconf 86' lang='grc' dir='ltr'>ἢ</span> <span class='ocrx_word' id='word_1_75' title='bbox 757 537 933 562; x_wconf 79' lang='grc' dir='ltr'>ἁνετυπωσὰ-</span> 
     </span>
    </p>
   </div>
   <div class='ocr_carea' id='block_1_11' title="bbox 145 580 933 618">
    <p class='ocr_par' dir='ltr' id='par_1_11' title="bbox 145 580 933 618">
     <span class='ocr_line' id='line_1_11' title="bbox 145 580 933 618; baseline 0.001 -11"><span class='ocrx_word' id='word_1_76' title='bbox 145 580 226 616; x_wconf 80' lang='grc' dir='ltr'>μεθα,</span> <span class='ocrx_word' id='word_1_77' title='bbox 242 581 259 616; x_wconf 77' lang='grc' dir='ltr'>ἢ</span> <span class='ocrx_word' id='word_1_78' title='bbox 270 581 348 615; x_wconf 78' lang='grc' dir='ltr'>λόγος</span> <span class='ocrx_word' id='word_1_79' title='bbox 363 582 417 617; x_wconf 85' lang='grc'><strong>(15)</strong></span> <span class='ocrx_word' id='word_1_80' title='bbox 432 582 600 617; x_wconf 75' lang='grc' dir='ltr'>ὑπέγραψεν.</span> <span class='ocrx_word' id='word_1_81' title='bbox 616 582 647 608; x_wconf 84' lang='grc' dir='ltr'><strong>Εἰ</strong></span> <span class='ocrx_word' id='word_1_82' title='bbox 665 581 693 608; x_wconf 81' lang='grc' dir='ltr'><em>δέ</em></span> <span class='ocrx_word' id='word_1_83' title='bbox 710 591 750 614; x_wconf 81' lang='grc' dir='ltr'><strong>τις</strong></span> <span class='ocrx_word' id='word_1_84' title='bbox 764 583 793 608; x_wconf 82' lang='grc' dir='ltr'>ἐν</span> <span class='ocrx_word' id='word_1_85' title='bbox 810 582 933 618; x_wconf 77' lang='grc' dir='ltr'>περινοίᾳ</span> 
     </span>
    </p>
   </div>
   <div class='ocr_carea' id='block_1_12' title="bbox 143 628 934 666">
    <p class='ocr_par' dir='ltr' id='par_1_12' title="bbox 143 628 934 666">
     <span class='ocr_line' id='line_1_12' title="bbox 143 628 934 666; baseline 0.004 -12"><span class='ocrx_word' id='word_1_86' title='bbox 143 628 240 654; x_wconf 83' lang='grc' dir='ltr'>τούτου</span> <span class='ocrx_word' id='word_1_87' title='bbox 255 628 322 654; x_wconf 77' lang='grc' dir='ltr'>ποτὲ</span> <span class='ocrx_word' id='word_1_88' title='bbox 341 629 396 662; x_wconf 77' lang='grc' dir='ltr'><strong>(Μ)</strong></span> <span class='ocrx_word' id='word_1_89' title='bbox 416 628 468 655; x_wconf 75' lang='grc' dir='ltr'>κᾶν</span> <span class='ocrx_word' id='word_1_90' title='bbox 489 630 536 656; x_wconf 74' lang='grc' dir='ltr'><strong>ἐπὶ</strong></span> <span class='ocrx_word' id='word_1_91' title='bbox 552 630 632 656; x_wconf 85' lang='grc' dir='ltr'>ποσὸν</span> <span class='ocrx_word' id='word_1_92' title='bbox 644 630 760 664; x_wconf 75' lang='grc' dir='ltr'>ἐγένετο,</span> <span class='ocrx_word' id='word_1_93' title='bbox 778 630 819 662; x_wconf 80' lang='grc' dir='ltr'><strong>τίς</strong></span> <span class='ocrx_word' id='word_1_94' title='bbox 835 632 851 666; x_wconf 88' lang='grc' dir='ltr'>ὴ</span> <span class='ocrx_word' id='word_1_95' title='bbox 867 630 934 657; x_wconf 67' lang='grc' dir='ltr'><strong>ἀητό-</strong></span> 
     </span>
    </p>
   </div>
   <div class='ocr_carea' id='block_1_13' title="bbox 143 674 933 711">
    <p class='ocr_par' dir='ltr' id='par_1_13' title="bbox 143 674 933 711">
     <span class='ocr_line' id='line_1_13' title="bbox 143 674 933 711; baseline 0.003 -11"><span class='ocrx_word' id='word_1_96' title='bbox 143 674 243 706; x_wconf 81' lang='grc' dir='ltr'>δειξις;</span> <span class='ocrx_word' id='word_1_97' title='bbox 259 674 300 706; x_wconf 85' lang='grc' dir='ltr'>τίς</span> <span class='ocrx_word' id='word_1_98' title='bbox 320 674 405 706; x_wconf 72' lang='grc' dir='ltr'>οὕτως</span> <span class='ocrx_word' id='word_1_99' title='bbox 431 675 470 706; x_wconf 80' lang='grc' dir='ltr'><strong>εἰς</strong></span> <span class='ocrx_word' id='word_1_100' title='bbox 491 675 603 710; x_wconf 78' lang='grc' dir='ltr'>ἔσχατον</span> <span class='ocrx_word' id='word_1_101' title='bbox 628 675 723 710; x_wconf 74' lang='grc' dir='ltr'>σοφίας</span> <span class='ocrx_word' id='word_1_102' title='bbox 740 676 869 711; x_wconf 72' lang='grc' dir='ltr'>ἀφίκετο;</span> <span class='ocrx_word' id='word_1_103' title='bbox 892 676 933 708; x_wconf 80' lang='grc' dir='ltr'><strong>τίς</strong></span> 
     </span>
    </p>
   </div>
   <div class='ocr_carea' id='block_1_14' title="bbox 142 718 934 756">
    <p class='ocr_par' dir='ltr' id='par_1_14' title="bbox 142 718 934 756">
     <span class='ocr_line' id='line_1_14' title="bbox 142 718 934 756; baseline 0.003 -11"><span class='ocrx_word' id='word_1_104' title='bbox 142 719 271 745; x_wconf 76' lang='grc' dir='ltr'>τοσούτου</span> <span class='ocrx_word' id='word_1_105' title='bbox 288 720 456 755; x_wconf 77' lang='grc' dir='ltr'><strong>χαρίσματος</strong></span> <span class='ocrx_word' id='word_1_106' title='bbox 469 719 570 756; x_wconf 74' lang='grc' dir='ltr'>ἠξιώθη</span> <span class='ocrx_word' id='word_1_107' title='bbox 585 721 665 753; x_wconf 86' lang='grc' dir='ltr'>ποτέ;</span> <span class='ocrx_word' id='word_1_108' title='bbox 681 721 723 752; x_wconf 79' lang='grc' dir='ltr'><strong>τίς</strong></span> <span class='ocrx_word' id='word_1_109' title='bbox 737 718 808 747; x_wconf 74' lang='grc' dir='ltr'>οὕτω</span> <span class='ocrx_word' id='word_1_110' title='bbox 828 721 856 747; x_wconf 73' lang='grc' dir='ltr'><strong>τὸ</strong></span> <span class='ocrx_word' id='word_1_111' title='bbox 874 721 934 747; x_wconf 87' lang='grc' dir='ltr'>στό-</span> 
     </span>
    </p>
   </div>
   <div class='ocr_carea' id='block_1_15' title="bbox 144 765 934 802">
    <p class='ocr_par' dir='ltr' id='par_1_15' title="bbox 144 765 934 802">
     <span class='ocr_line' id='line_1_15' title="bbox 144 765 934 802; baseline 0.003 -11"><span class='ocrx_word' id='word_1_112' title='bbox 144 774 181 800; x_wconf 84' lang='grc' dir='ltr'><strong>μα</strong></span> <span class='ocrx_word' id='word_1_113' title='bbox 195 766 247 800; x_wconf 84' lang='grc' dir='ltr'>τῆς</span> <span class='ocrx_word' id='word_1_114' title='bbox 260 765 378 797; x_wconf 76' lang='grc' dir='ltr'>διανοίας</span> <span class='ocrx_word' id='word_1_115' title='bbox 390 766 488 800; x_wconf 73' lang='grc' dir='ltr'>ἤνοιξε,</span> <span class='ocrx_word' id='word_1_116' title='bbox 511 767 558 793; x_wconf 72' lang='grc' dir='ltr'>καὶ</span> <span class='ocrx_word' id='word_1_117' title='bbox 572 767 681 793; x_wconf 79' lang='grc' dir='ltr'>εἵλκυσε</span> <span class='ocrx_word' id='word_1_118' title='bbox 701 767 823 802; x_wconf 79' lang='grc' dir='ltr'>Πνεῦμα,</span> <span class='ocrx_word' id='word_1_119' title='bbox 839 768 880 793; x_wconf 82' lang='grc' dir='ltr'>ἵνα</span> <span class='ocrx_word' id='word_1_120' title='bbox 894 767 934 802; x_wconf 82' lang='grc' dir='ltr'><strong>τῷ</strong></span> 
     </span>
    </p>
   </div>
   <div class='ocr_carea' id='block_1_16' title="bbox 142 810 931 848">
    <p class='ocr_par' dir='ltr' id='par_1_16' title="bbox 142 810 931 848">
     <span class='ocr_line' id='line_1_16' title="bbox 142 810 931 848; baseline 0.004 -12"><span class='ocrx_word' id='word_1_121' title='bbox 142 810 174 836; x_wconf 82' lang='grc' dir='ltr'><strong>τά</strong></span> <span class='ocrx_word' id='word_1_122' title='bbox 186 810 275 837; x_wconf 84' lang='grc' dir='ltr'>πάντα</span> <span class='ocrx_word' id='word_1_123' title='bbox 288 811 433 846; x_wconf 80' lang='grc' dir='ltr'>ὲρευνῶντι</span> <span class='ocrx_word' id='word_1_124' title='bbox 449 812 495 838; x_wconf 71' lang='grc' dir='ltr'>καὶ</span> <span class='ocrx_word' id='word_1_125' title='bbox 506 812 677 846; x_wconf 82' lang='grc' dir='ltr'>γινώσκοντι.</span> <span class='ocrx_word' id='word_1_126' title='bbox 694 813 741 840; x_wconf 73' lang='grc' dir='ltr'>καὶ</span> <span class='ocrx_word' id='word_1_127' title='bbox 754 814 789 839; x_wconf 75' lang='grc' dir='ltr'><strong>τὰ</strong></span> <span class='ocrx_word' id='word_1_128' title='bbox 801 813 870 848; x_wconf 72' lang='grc' dir='ltr'>βάθη</span> <span class='ocrx_word' id='word_1_129' title='bbox 884 813 931 839; x_wconf 77' lang='grc' dir='ltr'>τοῦ</span> 
     </span>
    </p>
   </div>
   <div class='ocr_carea' id='block_1_17' title="bbox 141 855 932 894">
    <p class='ocr_par' dir='ltr' id='par_1_17' title="bbox 141 855 932 894">
     <span class='ocr_line' id='line_1_17' title="bbox 141 855 932 894; baseline 0.005 -13"><span class='ocrx_word' id='word_1_130' title='bbox 141 855 220 886; x_wconf 79' lang='grc' dir='ltr'>Θεοῦ,</span> <span class='ocrx_word' id='word_1_131' title='bbox 248 856 397 892; x_wconf 78' lang='grc' dir='ltr'>Πνεύματι,</span> <span class='ocrx_word' id='word_1_132' title='bbox 427 857 492 883; x_wconf 78' lang='grc' dir='ltr'>Θεὸν</span> <span class='ocrx_word' id='word_1_133' title='bbox 518 858 668 894; x_wconf 76' lang='grc' dir='ltr'>καταλάϐῃ.</span> <span class='ocrx_word' id='word_1_134' title='bbox 699 860 746 885; x_wconf 70' lang='grc' dir='ltr'><strong>καὶ</strong></span> <span class='ocrx_word' id='word_1_135' title='bbox 771 859 867 894; x_wconf 80' lang='grc' dir='ltr'>μηκέτι</span> <span class='ocrx_word' id='word_1_136' title='bbox 885 858 932 885; x_wconf 79' lang='grc' dir='ltr'><strong>τοῦ</strong></span> 
     </span>
    </p>
   </div>
   <div class='ocr_carea' id='block_1_18' title="bbox 986 264 1775 298">
    <p class='ocr_par' dir='ltr' id='par_1_18' title="bbox 986 264 1775 298">
     <span class='ocr_line' id='line_1_18' title="bbox 986 264 1775 298; baseline 0 -8"><span class='ocrx_word' id='word_1_137' title='bbox 986 264 1093 290; x_wconf 90' lang='lat' dir='ltr'><strong>modum</strong></span> <span class='ocrx_word' id='word_1_138' title='bbox 1107 264 1180 291; x_wconf 92' lang='lat' dir='ltr'><strong>enim</strong></span> <span class='ocrx_word' id='word_1_139' title='bbox 1193 264 1327 298; x_wconf 82' lang='lat' dir='ltr'><strong>quispiam</strong></span> <span class='ocrx_word' id='word_1_140' title='bbox 1354 264 1486 291; x_wconf 83' lang='lat' dir='ltr'><strong>citharam</strong></span> <span class='ocrx_word' id='word_1_141' title='bbox 1510 264 1692 298; x_wconf 83' lang='lat' dir='ltr'><strong>pulcherrime</strong></span> <span class='ocrx_word' id='word_1_142' title='bbox 1710 273 1775 292; x_wconf 86' lang='lat' dir='ltr'><strong>eon-</strong></span> 
     </span>
    </p>
   </div>
   <div class='ocr_carea' id='block_1_19' title="bbox 985 309 1776 346">
    <p class='ocr_par' dir='ltr' id='par_1_19' title="bbox 985 309 1776 346">
     <span class='ocr_line' id='line_1_19' title="bbox 985 309 1776 346; baseline 0.001 -10"><span class='ocrx_word' id='word_1_143' title='bbox 985 309 1083 337; x_wconf 80' lang='lat' dir='ltr'><strong>fectam</strong></span> <span class='ocrx_word' id='word_1_144' title='bbox 1098 315 1122 337; x_wconf 88' lang='lat' dir='ltr'><strong>et</strong></span> <span class='ocrx_word' id='word_1_145' title='bbox 1138 310 1306 337; x_wconf 78' lang='lat' dir='ltr'><strong>elaboratam</strong></span> <span class='ocrx_word' id='word_1_146' title='bbox 1331 310 1517 345; x_wconf 80' lang='lat' dir='ltr'><strong>conspiciens,</strong></span> <span class='ocrx_word' id='word_1_147' title='bbox 1535 310 1646 346; x_wconf 83' lang='lat' dir='ltr'><strong>ejusque</strong></span> <span class='ocrx_word' id='word_1_148' title='bbox 1669 312 1776 338; x_wconf 85' lang='lat' dir='ltr'><strong>conciu-</strong></span> 
     </span>
    </p>
   </div>
   <div class='ocr_carea' id='block_1_20' title="bbox 985 356 1776 392">
    <p class='ocr_par' dir='ltr' id='par_1_20' title="bbox 985 356 1776 392">
     <span class='ocr_line' id='line_1_20' title="bbox 985 356 1776 392; baseline -0.001 -9"><span class='ocrx_word' id='word_1_149' title='bbox 985 357 1098 384; x_wconf 82' lang='lat' dir='ltr'><strong>nitatem</strong></span> <span class='ocrx_word' id='word_1_150' title='bbox 1115 361 1142 384; x_wconf 84' lang='lat' dir='ltr'><strong>et</strong></span> <span class='ocrx_word' id='word_1_151' title='bbox 1155 356 1390 389; x_wconf 70' lang='lat' dir='ltr'><strong>constitutionem,</strong></span> <span class='ocrx_word' id='word_1_152' title='bbox 1406 361 1451 383; x_wconf 85' lang='lat' dir='ltr'><strong>aut</strong></span> <span class='ocrx_word' id='word_1_153' title='bbox 1467 357 1548 384; x_wconf 87' lang='lat' dir='ltr'><strong>etiam</strong></span> <span class='ocrx_word' id='word_1_154' title='bbox 1568 357 1652 392; x_wconf 88' lang='lat' dir='ltr'><strong>ipsius</strong></span> <span class='ocrx_word' id='word_1_155' title='bbox 1665 357 1776 384; x_wconf 67' lang='lat' dir='ltr'><strong>cithara:</strong></span> 
     </span>
    </p>
   </div>
   <div class='ocr_carea' id='block_1_21' title="bbox 985 402 1775 437">
    <p class='ocr_par' dir='ltr' id='par_1_21' title="bbox 985 402 1775 437">
     <span class='ocr_line' id='line_1_21' title="bbox 985 402 1775 437; baseline 0 -8"><span class='ocrx_word' id='word_1_156' title='bbox 985 407 1093 429; x_wconf 87' lang='lat' dir='ltr'><strong>cantum</strong></span> <span class='ocrx_word' id='word_1_157' title='bbox 1120 403 1241 434; x_wconf 86' lang='lat' dir='ltr'><strong>audiens,</strong></span> <span class='ocrx_word' id='word_1_158' title='bbox 1269 402 1335 430; x_wconf 82' lang='lat' dir='ltr'><strong>nihil</strong></span> <span class='ocrx_word' id='word_1_159' title='bbox 1362 403 1433 430; x_wconf 85' lang='lat' dir='ltr'><strong>aliud</strong></span> <span class='ocrx_word' id='word_1_160' title='bbox 1455 410 1534 437; x_wconf 83' lang='lat' dir='ltr'><strong>quam</strong></span> <span class='ocrx_word' id='word_1_161' title='bbox 1562 403 1775 437; x_wconf 45' lang='lat' dir='ltr'><strong>ipsumcitbarai</strong></span> 
     </span>
    </p>
   </div>
   <div class='ocr_carea' id='block_1_22' title="bbox 985 449 1776 485">
    <p class='ocr_par' dir='ltr' id='par_1_22' title="bbox 985 449 1776 485">
     <span class='ocr_line' id='line_1_22' title="bbox 985 449 1776 485; baseline -0.001 -9"><span class='ocrx_word' id='word_1_162' title='bbox 985 449 1152 476; x_wconf 81' lang='lat' dir='ltr'><strong>conditorem</strong></span> <span class='ocrx_word' id='word_1_163' title='bbox 1171 454 1198 476; x_wconf 89' lang='lat' dir='ltr'><strong>et</strong></span> <span class='ocrx_word' id='word_1_164' title='bbox 1211 449 1390 477; x_wconf 72' lang='lat' dir='ltr'><strong>cithartedum</strong></span> <span class='ocrx_word' id='word_1_165' title='bbox 1407 455 1496 476; x_wconf 83' lang='lat' dir='ltr'><strong>mente</strong></span> <span class='ocrx_word' id='word_1_166' title='bbox 1515 454 1632 484; x_wconf 87' lang='lat' dir='ltr'><strong>reputat,</strong></span> <span class='ocrx_word' id='word_1_167' title='bbox 1648 455 1728 485; x_wconf 89' lang='lat' dir='ltr'><strong>atque</strong></span> <span class='ocrx_word' id='word_1_168' title='bbox 1742 450 1776 476; x_wconf 84' lang='lat' dir='ltr'><strong>ad</strong></span> 
     </span>
    </p>
   </div>
   <div class='ocr_carea' id='block_1_23' title="bbox 983 495 1774 530">
    <p class='ocr_par' dir='ltr' id='par_1_23' title="bbox 983 495 1774 530">
     <span class='ocr_line' id='line_1_23' title="bbox 983 495 1774 530; baseline 0.001 -9"><span class='ocrx_word' id='word_1_169' title='bbox 983 501 1044 521; x_wconf 85' lang='lat' dir='ltr'><strong>eum</strong></span> <span class='ocrx_word' id='word_1_170' title='bbox 1063 495 1228 530; x_wconf 82' lang='lat' dir='ltr'><strong>cogitatione</strong></span> <span class='ocrx_word' id='word_1_171' title='bbox 1244 495 1339 527; x_wconf 82' lang='lat' dir='ltr'><strong>fertur,</strong></span> <span class='ocrx_word' id='word_1_172' title='bbox 1362 495 1468 522; x_wconf 87' lang='lat' dir='ltr'><strong>etiamsi</strong></span> <span class='ocrx_word' id='word_1_173' title='bbox 1490 495 1522 522; x_wconf 90' lang='lat' dir='ltr'><strong>de</strong></span> <span class='ocrx_word' id='word_1_174' title='bbox 1539 495 1607 522; x_wconf 77' lang='lat' dir='ltr'><strong>facie</strong></span> <span class='ocrx_word' id='word_1_175' title='bbox 1629 496 1749 530; x_wconf 74' lang='lat' dir='ltr'><strong>ignotum</strong></span> <span class='ocrx_word' id='word_1_176' title='bbox 1768 504 1774 522; x_wconf 87' lang='lat'><strong>:</strong></span> 
     </span>
    </p>
   </div>
   <div class='ocr_carea' id='block_1_24' title="bbox 985 540 1778 576">
    <p class='ocr_par' dir='ltr' id='par_1_24' title="bbox 985 540 1778 576">
     <span class='ocr_line' id='line_1_24' title="bbox 985 540 1778 576; baseline 0 -9"><span class='ocrx_word' id='word_1_177' title='bbox 985 542 1078 568; x_wconf 88' lang='lat' dir='ltr'><strong>eodem</strong></span> <span class='ocrx_word' id='word_1_178' title='bbox 1105 549 1212 576; x_wconf 90' lang='lat' dir='ltr'><strong>quoque</strong></span> <span class='ocrx_word' id='word_1_179' title='bbox 1227 541 1306 568; x_wconf 89' lang='lat' dir='ltr'><strong>modo</strong></span> <span class='ocrx_word' id='word_1_180' title='bbox 1322 542 1409 575; x_wconf 87' lang='lat' dir='ltr'><strong>nobis,</strong></span> <span class='ocrx_word' id='word_1_181' title='bbox 1425 541 1459 573; x_wconf 89' lang='lat' dir='ltr'><strong>is,</strong></span> <span class='ocrx_word' id='word_1_182' title='bbox 1475 541 1519 576; x_wconf 89' lang='lat' dir='ltr'><strong>qui</strong></span> <span class='ocrx_word' id='word_1_183' title='bbox 1539 549 1581 568; x_wconf 89' lang='lat' dir='ltr'><strong>res</strong></span> <span class='ocrx_word' id='word_1_184' title='bbox 1595 540 1700 574; x_wconf 70' lang='lat' dir='ltr'><strong>effecit,</strong></span> <span class='ocrx_word' id='word_1_185' title='bbox 1715 541 1778 568; x_wconf 71' lang='lat' dir='ltr'><strong>cile—</strong></span> 
     </span>
    </p>
   </div>
   <div class='ocr_carea' id='block_1_25' title="bbox 985 586 1772 622">
    <p class='ocr_par' dir='ltr' id='par_1_25' title="bbox 985 586 1772 622">
     <span class='ocr_line' id='line_1_25' title="bbox 985 586 1772 622; baseline -0.001 -8"><span class='ocrx_word' id='word_1_186' title='bbox 985 592 1098 622; x_wconf 86' lang='lat' dir='ltr'><strong>etasque</strong></span> <span class='ocrx_word' id='word_1_187' title='bbox 1121 592 1209 614; x_wconf 88' lang='lat' dir='ltr'><strong>movet</strong></span> <span class='ocrx_word' id='word_1_188' title='bbox 1235 592 1317 621; x_wconf 88' lang='lat' dir='ltr'><strong>atque</strong></span> <span class='ocrx_word' id='word_1_189' title='bbox 1345 591 1508 619; x_wconf 81' lang='lat' dir='ltr'><strong>conservat,</strong></span> <span class='ocrx_word' id='word_1_190' title='bbox 1534 586 1694 613; x_wconf 77' lang='lat' dir='ltr'><strong>manifestus</strong></span> <span class='ocrx_word' id='word_1_191' title='bbox 1720 592 1772 617; x_wconf 85' lang='lat' dir='ltr'><strong>est,</strong></span> 
     </span>
    </p>
   </div>
   <div class='ocr_carea' id='block_1_26' title="bbox 984 630 1776 666">
    <p class='ocr_par' dir='ltr' id='par_1_26' title="bbox 984 630 1776 666">
     <span class='ocr_line' id='line_1_26' title="bbox 984 630 1776 666; baseline -0.003 -7"><span class='ocrx_word' id='word_1_192' title='bbox 984 632 1091 659; x_wconf 91' lang='lat' dir='ltr'><strong>etiamsi</strong></span> <span class='ocrx_word' id='word_1_193' title='bbox 1119 637 1209 659; x_wconf 85' lang='lat' dir='ltr'><strong>mente</strong></span> <span class='ocrx_word' id='word_1_194' title='bbox 1229 631 1340 658; x_wconf 84' lang='lat' dir='ltr'><strong>minime</strong></span> <span class='ocrx_word' id='word_1_195' title='bbox 1368 632 1621 666; x_wconf 84' lang='lat' dir='ltr'><strong>comprehendatur.</strong></span> <span class='ocrx_word' id='word_1_196' title='bbox 1640 631 1678 658; x_wconf 85' lang='lat' dir='ltr'><strong>Ac</strong></span> <span class='ocrx_word' id='word_1_197' title='bbox 1696 630 1776 658; x_wconf 88' lang='lat' dir='ltr'><strong>nimis</strong></span> 
     </span>
    </p>
   </div>
   <div class='ocr_carea' id='block_1_27' title="bbox 985 677 1776 712">
    <p class='ocr_par' dir='ltr' id='par_1_27' title="bbox 985 677 1776 712">
     <span class='ocr_line' id='line_1_27' title="bbox 985 677 1776 712; baseline 0 -9"><span class='ocrx_word' id='word_1_198' title='bbox 985 678 1104 712; x_wconf 71' lang='lat' dir='ltr'><strong>proferto</strong></span> <span class='ocrx_word' id='word_1_199' title='bbox 1125 678 1207 705; x_wconf 80' lang='lat' dir='ltr'><strong>hebes</strong></span> <span class='ocrx_word' id='word_1_200' title='bbox 1230 682 1257 705; x_wconf 86' lang='lat' dir='ltr'><strong>et</strong></span> <span class='ocrx_word' id='word_1_201' title='bbox 1279 677 1391 705; x_wconf 85' lang='lat' dir='ltr'><strong>stolidus</strong></span> <span class='ocrx_word' id='word_1_202' title='bbox 1416 683 1476 710; x_wconf 86' lang='lat' dir='ltr'><strong>est,</strong></span> <span class='ocrx_word' id='word_1_203' title='bbox 1498 677 1619 711; x_wconf 85' lang='lat' dir='ltr'><strong>quisquis</strong></span> <span class='ocrx_word' id='word_1_204' title='bbox 1639 684 1693 703; x_wconf 91' lang='lat' dir='ltr'><strong>non</strong></span> <span class='ocrx_word' id='word_1_205' title='bbox 1711 677 1776 703; x_wconf 89' lang='lat' dir='ltr'><strong>buc-</strong></span> 
     </span>
    </p>
   </div>
   <div class='ocr_carea' id='block_1_28' title="bbox 985 723 1776 759">
    <p class='ocr_par' dir='ltr' id='par_1_28' title="bbox 985 723 1776 759">
     <span class='ocr_line' id='line_1_28' title="bbox 985 723 1776 759; baseline -0.001 -8"><span class='ocrx_word' id='word_1_206' title='bbox 985 732 1069 759; x_wconf 81' lang='lat' dir='ltr'><strong>usqne</strong></span> <span class='ocrx_word' id='word_1_207' title='bbox 1084 729 1178 759; x_wconf 85' lang='lat' dir='ltr'><strong>sponte</strong></span> <span class='ocrx_word' id='word_1_208' title='bbox 1206 731 1254 751; x_wconf 89' lang='lat' dir='ltr'><strong>sua</strong></span> <span class='ocrx_word' id='word_1_209' title='bbox 1277 723 1466 759; x_wconf 82' lang='lat' dir='ltr'><strong>progreditur,</strong></span> <span class='ocrx_word' id='word_1_210' title='bbox 1494 723 1711 757; x_wconf 84' lang='lat' dir='ltr'><strong>naturaliumque</strong></span> <span class='ocrx_word' id='word_1_211' title='bbox 1731 723 1776 750; x_wconf 89' lang='lat' dir='ltr'><strong>de-</strong></span> 
     </span>
    </p>
   </div>
   <div class='ocr_carea' id='block_1_29' title="bbox 984 769 1776 806">
    <p class='ocr_par' dir='ltr' id='par_1_29' title="bbox 984 769 1776 806">
     <span class='ocr_line' id='line_1_29' title="bbox 984 769 1776 806; baseline -0.003 -9"><span class='ocrx_word' id='word_1_212' title='bbox 984 771 1210 798; x_wconf 86' lang='lat' dir='ltr'><strong>monstrationum</strong></span> <span class='ocrx_word' id='word_1_213' title='bbox 1239 771 1362 806; x_wconf 80' lang='lat' dir='ltr'><strong>vestigiis</strong></span> <span class='ocrx_word' id='word_1_214' title='bbox 1389 770 1512 798; x_wconf 82' lang='lat' dir='ltr'><strong>insistit:</strong></span> <span class='ocrx_word' id='word_1_215' title='bbox 1531 774 1611 804; x_wconf 86' lang='lat' dir='ltr'><strong>atque</strong></span> <span class='ocrx_word' id='word_1_216' title='bbox 1639 770 1705 797; x_wconf 87' lang='lat' dir='ltr'><strong>adeo</strong></span> <span class='ocrx_word' id='word_1_217' title='bbox 1725 769 1776 796; x_wconf 87' lang='lat' dir='ltr'><strong>hoe</strong></span> 
     </span>
    </p>
   </div>
   <div class='ocr_carea' id='block_1_30' title="bbox 985 814 1775 852">
    <p class='ocr_par' dir='ltr' id='par_1_30' title="bbox 985 814 1775 852">
     <span class='ocr_line' id='line_1_30' title="bbox 985 814 1775 852; baseline -0.006 -7"><span class='ocrx_word' id='word_1_218' title='bbox 985 818 1034 845; x_wconf 86' lang='lat' dir='ltr'><strong>sibi</strong></span> <span class='ocrx_word' id='word_1_219' title='bbox 1052 818 1216 852; x_wconf 87' lang='lat' dir='ltr'><strong>persuadet,</strong></span> <span class='ocrx_word' id='word_1_220' title='bbox 1234 825 1268 844; x_wconf 87' lang='lat' dir='ltr'><strong>ne</strong></span> <span class='ocrx_word' id='word_1_221' title='bbox 1281 817 1306 844; x_wconf 89' lang='lat' dir='ltr'><strong>id</strong></span> <span class='ocrx_word' id='word_1_222' title='bbox 1323 817 1431 851; x_wconf 85' lang='lat' dir='ltr'><strong>quidem</strong></span> <span class='ocrx_word' id='word_1_223' title='bbox 1445 815 1528 843; x_wconf 87' lang='lat' dir='ltr'><strong>Deum</strong></span> <span class='ocrx_word' id='word_1_224' title='bbox 1548 823 1607 843; x_wconf 87' lang='lat' dir='ltr'><strong>esse</strong></span> <span class='ocrx_word' id='word_1_225' title='bbox 1621 836 1627 848; x_wconf 93' lang='lat'><strong>,</strong></span> <span class='ocrx_word' id='word_1_226' title='bbox 1646 815 1716 850; x_wconf 88' lang='lat' dir='ltr'><strong>quod</strong></span> <span class='ocrx_word' id='word_1_227' title='bbox 1733 814 1775 841; x_wconf 96' lang='lat' dir='ltr'><strong>vel</strong></span> 
     </span>
    </p>
   </div>
   <div class='ocr_carea' id='block_1_31' title="bbox 986 860 1775 899">
    <p class='ocr_par' dir='ltr' id='par_1_31' title="bbox 986 860 1775 899">
     <span class='ocr_line' id='line_1_31' title="bbox 986 860 1775 899; baseline -0.005 -8"><span class='ocrx_word' id='word_1_228' title='bbox 986 865 1103 899; x_wconf 81' lang='lat' dir='ltr'><strong>imagine</strong></span> <span class='ocrx_word' id='word_1_229' title='bbox 1117 864 1234 898; x_wconf 89' lang='lat' dir='ltr'><strong>quadam</strong></span> <span class='ocrx_word' id='word_1_230' title='bbox 1250 864 1332 890; x_wconf 91' lang='lat' dir='ltr'><strong>animi</strong></span> <span class='ocrx_word' id='word_1_231' title='bbox 1347 863 1520 897; x_wconf 83' lang='lat' dir='ltr'><strong>concepimus</strong></span> <span class='ocrx_word' id='word_1_232' title='bbox 1531 882 1538 892; x_wconf 57' lang='grc' dir='ltr'><strong>ι</strong></span> <span class='ocrx_word' id='word_1_233' title='bbox 1556 861 1598 889; x_wconf 91' lang='lat' dir='ltr'><strong>vel</strong></span> <span class='ocrx_word' id='word_1_234' title='bbox 1616 860 1775 888; x_wconf 76' lang='lat' dir='ltr'><strong>informavi-</strong></span> 
     </span>
    </p>
   </div>
   <div class='ocr_carea' id='block_1_32' title="bbox 142 893 930 944">
    <p class='ocr_par' dir='ltr' id='par_1_32' title="bbox 142 893 930 940">
     <span class='ocr_line' id='line_1_32' title="bbox 142 893 930 940; baseline 0.003 -12"><span class='ocrx_word' id='word_1_235' title='bbox 142 902 236 937; x_wconf 78' lang='grc' dir='ltr'>πρόσω</span> <span class='ocrx_word' id='word_1_236' title='bbox 255 902 358 937; x_wconf 73' lang='grc' dir='ltr'>δέηται,</span> <span class='ocrx_word' id='word_1_237' title='bbox 376 903 406 929; x_wconf 73' lang='grc' dir='ltr'>τὸ</span> <span class='ocrx_word' id='word_1_238' title='bbox 422 902 534 938; x_wconf 82' lang='grc' dir='ltr'>ἔσχατον</span> <span class='ocrx_word' id='word_1_239' title='bbox 546 903 656 939; x_wconf 78' lang='grc' dir='ltr'>ὀρεκτὸν</span> <span class='ocrx_word' id='word_1_240' title='bbox 670 904 740 939; x_wconf 77' lang='grc' dir='ltr'>ἔχων</span> <span class='ocrx_word' id='word_1_241' title='bbox 753 893 813 940; x_wconf 69' lang='grc' dir='ltr'><strong>ἤδη,</strong></span> <span class='ocrx_word' id='word_1_242' title='bbox 833 905 879 932; x_wconf 72' lang='grc' dir='ltr'>καὶ</span> <span class='ocrx_word' id='word_1_243' title='bbox 893 905 930 936; x_wconf 77' lang='grc' dir='ltr'>εἰς</span> 
     </span>
    </p>
   </div>
   <div class='ocr_carea' id='block_1_33' title="bbox 982 893 1776 944">
    <p class='ocr_par' dir='ltr' id='par_1_33' title="bbox 989 906 1776 944">
     <span class='ocr_line' id='line_1_33' title="bbox 989 906 1776 944; baseline -0.005 -7"><span class='ocrx_word' id='word_1_244' title='bbox 989 919 1058 943; x_wconf 85' lang='lat' dir='ltr'><strong>nius,</strong></span> <span class='ocrx_word' id='word_1_245' title='bbox 1076 910 1117 937; x_wconf 88' lang='lat' dir='ltr'><strong>vel</strong></span> <span class='ocrx_word' id='word_1_246' title='bbox 1133 909 1264 937; x_wconf 87' lang='lat' dir='ltr'><strong>orationis</strong></span> <span class='ocrx_word' id='word_1_247' title='bbox 1280 909 1361 944; x_wconf 83' lang='lat'><strong>500</strong></span> <span class='ocrx_word' id='word_1_248' title='bbox 1379 908 1505 943; x_wconf 81' lang='lat' dir='ltr'><strong>penicillo</strong></span> <span class='ocrx_word' id='word_1_249' title='bbox 1522 912 1657 942; x_wconf 90' lang='lat' dir='ltr'><strong>utcunque</strong></span> <span class='ocrx_word' id='word_1_250' title='bbox 1675 906 1776 934; x_wconf 85' lang='lat' dir='ltr'><strong>descri-</strong></span> 
     </span>
    </p>
   </div>
   <div class='ocr_carea' id='block_1_34' title="bbox 141 947 934 986">
    <p class='ocr_par' dir='ltr' id='par_1_34' title="bbox 141 947 934 986">
     <span class='ocr_line' id='line_1_34' title="bbox 141 947 934 986; baseline 0.005 -13"><span class='ocrx_word' id='word_1_251' title='bbox 141 947 154 973; x_wconf 80' lang='grc' dir='ltr'><strong>ὃ</strong></span> <span class='ocrx_word' id='word_1_252' title='bbox 179 949 255 974; x_wconf 75' lang='grc' dir='ltr'>πᾶσα</span> <span class='ocrx_word' id='word_1_253' title='bbox 281 948 391 974; x_wconf 83' lang='grc' dir='ltr'>σπεύδει</span> <span class='ocrx_word' id='word_1_254' title='bbox 416 949 462 975; x_wconf 79' lang='grc' dir='ltr'><strong>καὶ</strong></span> <span class='ocrx_word' id='word_1_255' title='bbox 485 949 606 976; x_wconf 78' lang='grc' dir='ltr'>πολιτεία</span> <span class='ocrx_word' id='word_1_256' title='bbox 629 950 676 977; x_wconf 81' lang='grc' dir='ltr'>τοῦ</span> <span class='ocrx_word' id='word_1_257' title='bbox 693 950 795 986; x_wconf 70' lang='grc' dir='ltr'>ὑψηλοῦ</span> <span class='ocrx_word' id='word_1_258' title='bbox 820 951 866 977; x_wconf 78' lang='grc' dir='ltr'>κάὶ</span> <span class='ocrx_word' id='word_1_259' title='bbox 881 950 934 977; x_wconf 84' lang='grc' dir='ltr'>διά-</span> 
     </span>
    </p>
   </div>
   <div class='ocr_carea' id='block_1_35' title="bbox 141 1001 218 1027">
    <p class='ocr_par' dir='ltr' id='par_1_35' title="bbox 141 1001 218 1027">
     <span class='ocr_line' id='line_1_35' title="bbox 141 1001 218 1027; baseline 0.026 -9"><span class='ocrx_word' id='word_1_260' title='bbox 141 1001 201 1020; x_wconf 83' lang='grc' dir='ltr'>νοια</span> <span class='ocrx_word' id='word_1_261' title='bbox 211 1002 218 1027; x_wconf 86' lang='grc'>;</span> 
     </span>
    </p>
   </div>
   <div class='ocr_carea' id='block_1_36' title="bbox 985 951 1775 991">
    <p class='ocr_par' dir='ltr' id='par_1_36' title="bbox 985 951 1775 991">
     <span class='ocr_line' id='line_1_36' title="bbox 985 951 1775 991; baseline -0.006 -8"><span class='ocrx_word' id='word_1_262' title='bbox 985 957 1101 991; x_wconf 87' lang='lat' dir='ltr'><strong>psimus.</strong></span> <span class='ocrx_word' id='word_1_263' title='bbox 1122 955 1198 988; x_wconf 85' lang='lat' dir='ltr'><strong>Quod</strong></span> <span class='ocrx_word' id='word_1_264' title='bbox 1225 955 1246 982; x_wconf 91' lang='lat' dir='ltr'><strong>si</strong></span> <span class='ocrx_word' id='word_1_265' title='bbox 1273 955 1334 989; x_wconf 83' lang='lat' dir='ltr'><strong>quis</strong></span> <span class='ocrx_word' id='word_1_266' title='bbox 1361 961 1479 988; x_wconf 81' lang='lat' dir='ltr'><strong>unquam</strong></span> <span class='ocrx_word' id='word_1_267' title='bbox 1507 952 1670 987; x_wconf 84' lang='lat' dir='ltr'><strong>cogitatione</strong></span> <span class='ocrx_word' id='word_1_268' title='bbox 1691 951 1775 978; x_wconf 84' lang='lat' dir='ltr'><strong>Deum</strong></span> 
     </span>
    </p>
   </div>
   <div class='ocr_carea' id='block_1_37' title="bbox 986 999 1776 1038">
    <p class='ocr_par' dir='ltr' id='par_1_37' title="bbox 986 999 1776 1038">
     <span class='ocr_line' id='line_1_37' title="bbox 986 999 1776 1038; baseline -0.009 -8"><span class='ocrx_word' id='word_1_269' title='bbox 986 1011 1095 1038; x_wconf 90' lang='lat' dir='ltr'><strong>quoquo</strong></span> <span class='ocrx_word' id='word_1_270' title='bbox 1110 1003 1189 1029; x_wconf 87' lang='lat' dir='ltr'><strong>modo</strong></span> <span class='ocrx_word' id='word_1_271' title='bbox 1201 1000 1417 1036; x_wconf 84' lang='lat' dir='ltr'><strong>comprehendit,</strong></span> <span class='ocrx_word' id='word_1_272' title='bbox 1436 1007 1553 1034; x_wconf 85' lang='lat' dir='ltr'><strong>quonam</strong></span> <span class='ocrx_word' id='word_1_273' title='bbox 1570 1018 1577 1030; x_wconf 86' lang='lat'><strong>,</strong></span> <span class='ocrx_word' id='word_1_274' title='bbox 1593 999 1716 1030; x_wconf 87' lang='lat' dir='ltr'><strong>obsecro,</strong></span> <span class='ocrx_word' id='word_1_275' title='bbox 1733 1005 1776 1023; x_wconf 88' lang='lat' dir='ltr'><strong>ar-</strong></span> 
     </span>
    </p>
   </div>
   <div class='ocr_carea' id='block_1_38' title="bbox 140 1045 1778 1089">
    <p class='ocr_par' dir='ltr' id='par_1_38' title="bbox 140 1045 1778 1089">
     <span class='ocr_line' id='line_1_38' title="bbox 140 1045 1778 1089; baseline -0.004 -11"><span class='ocrx_word' id='word_1_276' title='bbox 140 1057 270 1085; x_wconf 78' lang='lat' dir='ltr'><strong>gumento</strong></span> <span class='ocrx_word' id='word_1_277' title='bbox 280 1052 306 1079; x_wconf 81' lang='lat' dir='ltr'><strong>id</strong></span> <span class='ocrx_word' id='word_1_278' title='bbox 326 1053 469 1087; x_wconf 81' lang='lat' dir='ltr'><strong>probabit?</strong></span> <span class='ocrx_word' id='word_1_279' title='bbox 482 1053 580 1089; x_wconf 83' lang='lat' dir='ltr'><strong>Ecquis</strong></span> <span class='ocrx_word' id='word_1_280' title='bbox 592 1054 663 1081; x_wconf 89' lang='lat' dir='ltr'><strong>enim</strong></span> <span class='ocrx_word' id='word_1_281' title='bbox 676 1061 708 1081; x_wconf 90' lang='lat' dir='ltr'><strong>eo</strong></span> <span class='ocrx_word' id='word_1_282' title='bbox 721 1054 861 1089; x_wconf 79' lang='lat' dir='ltr'><strong>sapientia:</strong></span> <span class='ocrx_word' id='word_1_283' title='bbox 873 1052 1011 1088; x_wconf 78' lang='lat' dir='ltr'><strong>pervenit?</strong></span> <span class='ocrx_word' id='word_1_284' title='bbox 1023 1050 1122 1086; x_wconf 83' lang='lat' dir='ltr'><strong>Ecquis</strong></span> <span class='ocrx_word' id='word_1_285' title='bbox 1140 1056 1259 1084; x_wconf 86' lang='lat' dir='ltr'><strong>unquam</strong></span> <span class='ocrx_word' id='word_1_286' title='bbox 1273 1052 1375 1074; x_wconf 85' lang='lat' dir='ltr'><strong>tantam</strong></span> <span class='ocrx_word' id='word_1_287' title='bbox 1391 1047 1505 1080; x_wconf 73' lang='lat' dir='ltr'><strong>gratiam</strong></span> <span class='ocrx_word' id='word_1_288' title='bbox 1531 1045 1660 1073; x_wconf 88' lang='lat' dir='ltr'><strong>divinitus</strong></span> <span class='ocrx_word' id='word_1_289' title='bbox 1682 1051 1778 1072; x_wconf 84' lang='lat' dir='ltr'><strong>conse-</strong></span> 
     </span>
    </p>
   </div>
   <div class='ocr_carea' id='block_1_39' title="bbox 141 1092 1776 1136">
    <p class='ocr_par' dir='ltr' id='par_1_39' title="bbox 141 1092 1776 1136">
     <span class='ocr_line' id='line_1_39' title="bbox 141 1092 1776 1136; baseline -0.004 -12"><span class='ocrx_word' id='word_1_290' title='bbox 141 1103 219 1126; x_wconf 88' lang='lat' dir='ltr'><strong>cutus</strong></span> <span class='ocrx_word' id='word_1_291' title='bbox 235 1100 295 1126; x_wconf 70' lang='lat' dir='ltr'><strong>est?</strong></span> <span class='ocrx_word' id='word_1_292' title='bbox 311 1099 410 1135; x_wconf 81' lang='lat' dir='ltr'><strong>Ecquis</strong></span> <span class='ocrx_word' id='word_1_293' title='bbox 425 1108 455 1128; x_wconf 90' lang='lat' dir='ltr'><strong>os</strong></span> <span class='ocrx_word' id='word_1_294' title='bbox 478 1101 580 1128; x_wconf 85' lang='lat' dir='ltr'><strong>mentis</strong></span> <span class='ocrx_word' id='word_1_295' title='bbox 605 1101 639 1128; x_wconf 85' lang='lat' dir='ltr'><strong>ita</strong></span> <span class='ocrx_word' id='word_1_296' title='bbox 661 1102 783 1136; x_wconf 82' lang='lat' dir='ltr'><strong>aperuit,</strong></span> <span class='ocrx_word' id='word_1_297' title='bbox 818 1109 850 1129; x_wconf 85' lang='lat' dir='ltr'><strong>ac</strong></span> <span class='ocrx_word' id='word_1_298' title='bbox 877 1101 1007 1136; x_wconf 87' lang='lat' dir='ltr'><strong>Spiritum</strong></span> <span class='ocrx_word' id='word_1_299' title='bbox 1041 1098 1210 1130; x_wconf 68' lang='lat' dir='ltr'><strong>attraxit“,</strong></span> <span class='ocrx_word' id='word_1_300' title='bbox 1240 1101 1268 1123; x_wconf 93' lang='lat' dir='ltr'><strong>ut</strong></span> <span class='ocrx_word' id='word_1_301' title='bbox 1293 1095 1413 1130; x_wconf 87' lang='lat' dir='ltr'><strong>Spiritus</strong></span> <span class='ocrx_word' id='word_1_302' title='bbox 1438 1094 1529 1122; x_wconf 89' lang='lat' dir='ltr'><strong>omnia</strong></span> <span class='ocrx_word' id='word_1_303' title='bbox 1559 1092 1776 1128; x_wconf 74' lang='lat' dir='ltr'><strong>perscrutantis,</strong></span> 
     </span>
    </p>
   </div>
   <div class='ocr_carea' id='block_1_40' title="bbox 140 1139 1775 1183">
    <p class='ocr_par' dir='ltr' id='par_1_40' title="bbox 140 1139 1775 1183">
     <span class='ocr_line' id='line_1_40' title="bbox 140 1139 1775 1183; baseline -0.004 -11"><span class='ocrx_word' id='word_1_304' title='bbox 140 1151 222 1180; x_wconf 81' lang='lat' dir='ltr'><strong>atque</strong></span> <span class='ocrx_word' id='word_1_305' title='bbox 238 1147 318 1173; x_wconf 85' lang='lat' dir='ltr'><strong>etiam</strong></span> <span class='ocrx_word' id='word_1_306' title='bbox 336 1147 382 1175; x_wconf 82' lang='lat' dir='ltr'><strong>Dei</strong></span> <span class='ocrx_word' id='word_1_307' title='bbox 413 1149 544 1182; x_wconf 81' lang='lat' dir='ltr'><strong>prolunda</strong></span> <span class='ocrx_word' id='word_1_308' title='bbox 560 1150 750 1183; x_wconf 77' lang='lat' dir='ltr'><strong>cognoscentis</strong></span> <span class='ocrx_word' id='word_1_309' title='bbox 763 1149 783 1164; x_wconf 69' lang='grc'><strong>⁵⁷</strong></span> <span class='ocrx_word' id='word_1_310' title='bbox 803 1156 854 1183; x_wconf 89' lang='lat' dir='ltr'><strong>ope</strong></span> <span class='ocrx_word' id='word_1_311' title='bbox 880 1153 960 1182; x_wconf 88' lang='lat' dir='ltr'><strong>atque</strong></span> <span class='ocrx_word' id='word_1_312' title='bbox 979 1146 1146 1180; x_wconf 81' lang='lat' dir='ltr'><strong>ndjumeulo,</strong></span> <span class='ocrx_word' id='word_1_313' title='bbox 1167 1144 1213 1171; x_wconf 88' lang='lat' dir='ltr'><strong>Dei</strong></span> <span class='ocrx_word' id='word_1_314' title='bbox 1228 1149 1352 1170; x_wconf 90' lang='lat' dir='ltr'><strong>naturam</strong></span> <span class='ocrx_word' id='word_1_315' title='bbox 1372 1140 1617 1176; x_wconf 72' lang='lat' dir='ltr'><strong>comprehenderit,</strong></span> <span class='ocrx_word' id='word_1_316' title='bbox 1642 1147 1698 1168; x_wconf 70' lang='grc' dir='ltr'>τιτι)</span> <span class='ocrx_word' id='word_1_317' title='bbox 1718 1139 1775 1175; x_wconf 81' lang='lat' dir='ltr'><strong>jam</strong></span> 
     </span>
    </p>
   </div>
   <div class='ocr_carea' id='block_1_41' title="bbox 141 1189 1777 1230">
    <p class='ocr_par' dir='ltr' id='par_1_41' title="bbox 141 1189 1777 1230">
     <span class='ocr_line' id='line_1_41' title="bbox 141 1189 1777 1230; baseline -0.002 -12"><span class='ocrx_word' id='word_1_318' title='bbox 141 1193 255 1219; x_wconf 87' lang='lat' dir='ltr'><strong>ulterius</strong></span> <span class='ocrx_word' id='word_1_319' title='bbox 269 1194 394 1228; x_wconf 77' lang='lat' dir='ltr'><strong>progredi</strong></span> <span class='ocrx_word' id='word_1_320' title='bbox 414 1202 525 1222; x_wconf 88' lang='lat' dir='ltr'><strong>necesse</strong></span> <span class='ocrx_word' id='word_1_321' title='bbox 543 1196 659 1227; x_wconf 83' lang='lat' dir='ltr'><strong>habeat,</strong></span> <span class='ocrx_word' id='word_1_322' title='bbox 694 1200 787 1230; x_wconf 82' lang='lat' dir='ltr'><strong>utpote</strong></span> <span class='ocrx_word' id='word_1_323' title='bbox 811 1195 856 1230; x_wconf 91' lang='lat' dir='ltr'><strong>qui</strong></span> <span class='ocrx_word' id='word_1_324' title='bbox 875 1200 1027 1222; x_wconf 79' lang='lat' dir='ltr'><strong>extremum</strong></span> <span class='ocrx_word' id='word_1_325' title='bbox 1043 1192 1109 1220; x_wconf 89' lang='lat' dir='ltr'><strong>illud</strong></span> <span class='ocrx_word' id='word_1_326' title='bbox 1123 1191 1303 1227; x_wconf 75' lang='lat' dir='ltr'><strong>appetendum</strong></span> <span class='ocrx_word' id='word_1_327' title='bbox 1316 1190 1372 1224; x_wconf 89' lang='lat' dir='ltr'><strong>jam</strong></span> <span class='ocrx_word' id='word_1_328' title='bbox 1402 1190 1511 1222; x_wconf 84' lang='lat' dir='ltr'><strong>habeat,</strong></span> <span class='ocrx_word' id='word_1_329' title='bbox 1541 1189 1574 1216; x_wconf 87' lang='lat' dir='ltr'><strong>ad</strong></span> <span class='ocrx_word' id='word_1_330' title='bbox 1595 1189 1667 1222; x_wconf 74' lang='lat' dir='ltr'><strong>Quod</strong></span> <span class='ocrx_word' id='word_1_331' title='bbox 1688 1189 1777 1214; x_wconf 70' lang='lat' dir='ltr'><strong>omnis</strong></span> 
     </span>
    </p>
   </div>
   <div class='ocr_carea' id='block_1_42' title="bbox 140 1241 929 1279">
    <p class='ocr_par' dir='ltr' id='par_1_42' title="bbox 140 1241 929 1279">
     <span class='ocr_line' id='line_1_42' title="bbox 140 1241 929 1279; baseline 0.003 -11"><span class='ocrx_word' id='word_1_332' title='bbox 140 1241 295 1268; x_wconf 84' lang='lat' dir='ltr'><strong>sublimium</strong></span> <span class='ocrx_word' id='word_1_333' title='bbox 323 1242 443 1269; x_wconf 88' lang='lat' dir='ltr'><strong>virorum</strong></span> <span class='ocrx_word' id='word_1_334' title='bbox 467 1248 494 1270; x_wconf 89' lang='lat' dir='ltr'><strong>et</strong></span> <span class='ocrx_word' id='word_1_335' title='bbox 516 1245 571 1270; x_wconf 87' lang='lat' dir='ltr'><strong>vita</strong></span> <span class='ocrx_word' id='word_1_336' title='bbox 587 1249 613 1270; x_wconf 88' lang='lat' dir='ltr'><strong>et</strong></span> <span class='ocrx_word' id='word_1_337' title='bbox 629 1244 757 1279; x_wconf 66' lang='lat' dir='ltr'><strong>cogitatio</strong></span> <span class='ocrx_word' id='word_1_338' title='bbox 773 1244 929 1271; x_wconf 85' lang='lat' dir='ltr'><strong>contendit?</strong></span> 
     </span>
    </p>
   </div>
   <div class='ocr_carea' id='block_1_43' title="bbox 174 1288 931 1326">
    <p class='ocr_par' dir='ltr' id='par_1_43' title="bbox 174 1288 931 1326">
     <span class='ocr_line' id='line_1_43' title="bbox 174 1288 931 1326; baseline 0.004 -12"><span class='ocrx_word' id='word_1_339' title='bbox 174 1289 210 1314; x_wconf 89' lang='lat' dir='ltr'><strong>Z&#39;.</strong></span> <span class='ocrx_word' id='word_1_340' title='bbox 233 1288 265 1314; x_wconf 88' lang='grc' dir='ltr'><em>Τί</em></span> <span class='ocrx_word' id='word_1_341' title='bbox 278 1289 331 1324; x_wconf 86' lang='grc' dir='ltr'><strong>γάρ</strong></span> <span class='ocrx_word' id='word_1_342' title='bbox 347 1298 410 1315; x_wconf 78' lang='grc' dir='ltr'>ποτε</span> <span class='ocrx_word' id='word_1_343' title='bbox 428 1289 553 1326; x_wconf 68' lang='grc' dir='ltr'>ὑπολήψῃ</span> <span class='ocrx_word' id='word_1_344' title='bbox 565 1290 594 1316; x_wconf 78' lang='grc' dir='ltr'>τὸ</span> <span class='ocrx_word' id='word_1_345' title='bbox 605 1291 692 1321; x_wconf 79' lang='grc' dir='ltr'>Θεῖον,</span> <span class='ocrx_word' id='word_1_346' title='bbox 706 1291 784 1326; x_wconf 81' lang='grc' dir='ltr'>εἴπερ</span> <span class='ocrx_word' id='word_1_347' title='bbox 795 1291 867 1322; x_wconf 75' lang='grc' dir='ltr'>ὅλαις</span> <span class='ocrx_word' id='word_1_348' title='bbox 877 1290 931 1326; x_wconf 80' lang='grc'><strong>(15)</strong></span> 
     </span>
    </p>
   </div>
   <div class='ocr_carea' id='block_1_44' title="bbox 139 1334 932 1373">
    <p class='ocr_par' dir='ltr' id='par_1_44' title="bbox 139 1334 932 1373">
     <span class='ocr_line' id='line_1_44' title="bbox 139 1334 932 1373; baseline 0.004 -14"><span class='ocrx_word' id='word_1_349' title='bbox 139 1335 197 1365; x_wconf 76' lang='grc' dir='ltr'>ταῖς</span> <span class='ocrx_word' id='word_1_350' title='bbox 213 1334 337 1368; x_wconf 79' lang='grc' dir='ltr'>λογικαῑς</span> <span class='ocrx_word' id='word_1_351' title='bbox 352 1336 490 1368; x_wconf 78' lang='grc' dir='ltr'>πιστεύεις</span> <span class='ocrx_word' id='word_1_352' title='bbox 502 1336 607 1370; x_wconf 70' lang='grc' dir='ltr'>ἐφόδοις</span> <span class='ocrx_word' id='word_1_353' title='bbox 623 1337 678 1372; x_wconf 81' lang='lat' dir='ltr'><strong>(IG)</strong></span> <span class='ocrx_word' id='word_1_354' title='bbox 691 1346 697 1370; x_wconf 86' lang='lat'><strong>;</strong></span> <span class='ocrx_word' id='word_1_355' title='bbox 716 1337 732 1373; x_wconf 85' lang='grc' dir='ltr'>ἣ</span> <span class='ocrx_word' id='word_1_356' title='bbox 751 1337 818 1373; x_wconf 78' lang='grc' dir='ltr'>πρὸς</span> <span class='ocrx_word' id='word_1_357' title='bbox 832 1337 858 1363; x_wconf 82' lang='grc' dir='ltr'><strong>τί</strong></span> <span class='ocrx_word' id='word_1_358' title='bbox 874 1346 903 1363; x_wconf 88' lang='grc' dir='ltr'><strong>σε</strong></span> <span class='ocrx_word' id='word_1_359' title='bbox 918 1337 932 1362; x_wconf 88' lang='grc' dir='ltr'>ὁ</span> 
     </span>
    </p>
   </div>
   <div class='ocr_carea' id='block_1_45' title="bbox 140 1379 930 1418">
    <p class='ocr_par' dir='ltr' id='par_1_45' title="bbox 140 1379 930 1418">
     <span class='ocr_line' id='line_1_45' title="bbox 140 1379 930 1418; baseline 0.004 -12"><span class='ocrx_word' id='word_1_360' title='bbox 140 1379 215 1413; x_wconf 74' lang='grc' dir='ltr'>λόγος</span> <span class='ocrx_word' id='word_1_361' title='bbox 230 1381 323 1412; x_wconf 80' lang='grc' dir='ltr'><strong>ἀνάξει</strong></span> <span class='ocrx_word' id='word_1_362' title='bbox 337 1381 547 1417; x_wconf 73' lang='grc' dir='ltr'>βασανιζόμενος</span> <span class='ocrx_word' id='word_1_363' title='bbox 561 1383 626 1417; x_wconf 75' lang='grc'><strong>(17),</strong></span> <span class='ocrx_word' id='word_1_364' title='bbox 640 1380 661 1410; x_wconf 82' lang='grc' dir='ltr'>ὧ</span> <span class='ocrx_word' id='word_1_365' title='bbox 673 1382 872 1418; x_wconf 64' lang='grc' dir='ltr'>φιλοσοφώτατε</span> <span class='ocrx_word' id='word_1_366' title='bbox 887 1383 930 1416; x_wconf 73' lang='grc' dir='ltr'>σὺ,</span> 
     </span>
    </p>
   </div>
   <div class='ocr_carea' id='block_1_46' title="bbox 139 1427 929 1465">
    <p class='ocr_par' dir='ltr' id='par_1_46' title="bbox 139 1427 929 1465">
     <span class='ocr_line' id='line_1_46' title="bbox 139 1427 929 1465; baseline 0.004 -13"><span class='ocrx_word' id='word_1_367' title='bbox 139 1427 185 1453; x_wconf 71' lang='grc' dir='ltr'>καὶ</span> <span class='ocrx_word' id='word_1_368' title='bbox 202 1427 427 1461; x_wconf 78' lang='grc' dir='ltr'>θεολογικώτατε,</span> <span class='ocrx_word' id='word_1_369' title='bbox 446 1428 492 1455; x_wconf 63' lang='grc' dir='ltr'><strong>καλ⁴</strong></span> <span class='ocrx_word' id='word_1_370' title='bbox 514 1429 673 1464; x_wconf 77' lang='grc' dir='ltr'>καυχώμενε</span> <span class='ocrx_word' id='word_1_371' title='bbox 696 1430 734 1461; x_wconf 84' lang='grc' dir='ltr'>εἰς</span> <span class='ocrx_word' id='word_1_372' title='bbox 759 1429 792 1456; x_wconf 74' lang='grc' dir='ltr'>τὰ</span> <span class='ocrx_word' id='word_1_373' title='bbox 808 1429 929 1465; x_wconf 76' lang='grc' dir='ltr'>ἅμετραι;</span> 
     </span>
    </p>
   </div>
   <div class='ocr_carea' id='block_1_47' title="bbox 139 1473 929 1511">
    <p class='ocr_par' dir='ltr' id='par_1_47' title="bbox 139 1473 929 1511">
     <span class='ocr_line' id='line_1_47' title="bbox 139 1473 929 1511; baseline 0.001 -12"><span class='ocrx_word' id='word_1_374' title='bbox 139 1473 258 1509; x_wconf 77' lang='grc' dir='ltr'>Πότερον</span> <span class='ocrx_word' id='word_1_375' title='bbox 275 1474 370 1509; x_wconf 53' lang='lat' dir='ltr'><strong>captat;</strong></span> <span class='ocrx_word' id='word_1_376' title='bbox 394 1476 440 1501; x_wconf 75' lang='grc' dir='ltr'><strong>καὶ</strong></span> <span class='ocrx_word' id='word_1_377' title='bbox 457 1475 515 1507; x_wconf 79' lang='grc' dir='ltr'>πῶς</span> <span class='ocrx_word' id='word_1_378' title='bbox 537 1475 567 1502; x_wconf 84' lang='grc' dir='ltr'><strong>τὺ</strong></span> <span class='ocrx_word' id='word_1_379' title='bbox 585 1476 707 1510; x_wconf 77' lang='grc' dir='ltr'>ἄπειρον,</span> <span class='ocrx_word' id='word_1_380' title='bbox 726 1476 773 1502; x_wconf 73' lang='grc' dir='ltr'><strong>καὶ</strong></span> <span class='ocrx_word' id='word_1_381' title='bbox 794 1475 929 1511; x_wconf 77' lang='grc' dir='ltr'>ἀόριστον,</span> 
     </span>
    </p>
   </div>
   <div class='ocr_carea' id='block_1_48' title="bbox 138 1520 931 1557">
    <p class='ocr_par' dir='ltr' id='par_1_48' title="bbox 138 1520 931 1557">
     <span class='ocr_line' id='line_1_48' title="bbox 138 1520 931 1557; baseline 0.001 -12"><span class='ocrx_word' id='word_1_382' title='bbox 138 1520 185 1545; x_wconf 77' lang='grc' dir='ltr'>καὶ</span> <span class='ocrx_word' id='word_1_383' title='bbox 201 1521 417 1555; x_wconf 73' lang='grc' dir='ltr'><strong>ἀσχημάτιστον,</strong></span> <span class='ocrx_word' id='word_1_384' title='bbox 441 1521 489 1547; x_wconf 77' lang='grc' dir='ltr'><strong>καὶ</strong></span> <span class='ocrx_word' id='word_1_385' title='bbox 506 1521 617 1555; x_wconf 71' lang='grc' dir='ltr'>ἀναφὲς,</span> <span class='ocrx_word' id='word_1_386' title='bbox 635 1522 681 1547; x_wconf 71' lang='grc' dir='ltr'>καὶ</span> <span class='ocrx_word' id='word_1_387' title='bbox 701 1521 831 1556; x_wconf 75' lang='grc' dir='ltr'>άόρατον;</span> <span class='ocrx_word' id='word_1_388' title='bbox 850 1521 865 1557; x_wconf 83' lang='grc' dir='ltr'><strong>ἢ</strong></span> <span class='ocrx_word' id='word_1_389' title='bbox 884 1520 931 1546; x_wconf 73' lang='grc' dir='ltr'><strong>καὶ</strong></span> 
     </span>
    </p>
   </div>
   <div class='ocr_carea' id='block_1_49' title="bbox 138 1565 931 1602">
    <p class='ocr_par' dir='ltr' id='par_1_49' title="bbox 138 1565 931 1602">
     <span class='ocr_line' id='line_1_49' title="bbox 138 1565 931 1602; baseline 0.001 -10"><span class='ocrx_word' id='word_1_390' title='bbox 138 1565 223 1592; x_wconf 84' lang='grc' dir='ltr'>ταῦτα</span> <span class='ocrx_word' id='word_1_391' title='bbox 252 1566 386 1602; x_wconf 50' lang='lat' dir='ltr'><strong>adipata;</strong></span> <span class='ocrx_word' id='word_1_392' title='bbox 407 1568 437 1593; x_wconf 85' lang='grc' dir='ltr'><em>Ὦ</em></span> <span class='ocrx_word' id='word_1_393' title='bbox 453 1568 503 1602; x_wconf 73' lang='grc' dir='ltr'>τῆς</span> <span class='ocrx_word' id='word_1_394' title='bbox 523 1567 663 1599; x_wconf 75' lang='grc' dir='ltr'>ἐξουσίαςῐ</span> <span class='ocrx_word' id='word_1_395' title='bbox 681 1568 711 1593; x_wconf 75' lang='grc' dir='ltr'>οὐ</span> <span class='ocrx_word' id='word_1_396' title='bbox 728 1567 782 1602; x_wconf 72' lang='grc' dir='ltr'><strong>γὰρ</strong></span> <span class='ocrx_word' id='word_1_397' title='bbox 798 1567 865 1602; x_wconf 68' lang='grc' dir='ltr'>αὑτὴ</span> <span class='ocrx_word' id='word_1_398' title='bbox 882 1567 931 1601; x_wconf 73' lang='grc' dir='ltr'><strong>φύ-</strong></span> 
     </span>
    </p>
   </div>
   <div class='ocr_carea' id='block_1_50' title="bbox 140 1612 930 1649">
    <p class='ocr_par' dir='ltr' id='par_1_50' title="bbox 140 1612 930 1649">
     <span class='ocr_line' id='line_1_50' title="bbox 140 1612 930 1649; baseline 0.001 -11"><span class='ocrx_word' id='word_1_399' title='bbox 140 1620 179 1643; x_wconf 74' lang='grc' dir='ltr'><strong>σις</strong></span> <span class='ocrx_word' id='word_1_400' title='bbox 194 1613 338 1647; x_wconf 81' lang='grc' dir='ltr'>σωμάτων.</span> <span class='ocrx_word' id='word_1_401' title='bbox 357 1614 391 1639; x_wconf 83' lang='grc' dir='ltr'><strong>Ἢ</strong></span> <span class='ocrx_word' id='word_1_402' title='bbox 414 1613 493 1648; x_wconf 74' lang='grc' dir='ltr'>σῶμα</span> <span class='ocrx_word' id='word_1_403' title='bbox 512 1615 571 1649; x_wconf 73' lang='grc' dir='ltr'>μὲν,</span> <span class='ocrx_word' id='word_1_404' title='bbox 592 1614 652 1649; x_wconf 69' lang='grc' dir='ltr'>οὐχὶ</span> <span class='ocrx_word' id='word_1_405' title='bbox 673 1614 757 1640; x_wconf 72' lang='grc' dir='ltr'>ταῦτα</span> <span class='ocrx_word' id='word_1_406' title='bbox 772 1613 816 1645; x_wconf 79' lang='grc' dir='ltr'><strong>δέ;</strong></span> <span class='ocrx_word' id='word_1_407' title='bbox 833 1614 864 1639; x_wconf 84' lang='grc' dir='ltr'><strong>’Ὠ</strong></span> <span class='ocrx_word' id='word_1_408' title='bbox 880 1612 930 1647; x_wconf 71' lang='grc' dir='ltr'>τῆς</span> 
     </span>
    </p>
   </div>
   <div class='ocr_carea' id='block_1_51' title="bbox 139 1658 927 1695">
    <p class='ocr_par' dir='ltr' id='par_1_51' title="bbox 139 1658 927 1695">
     <span class='ocr_line' id='line_1_51' title="bbox 139 1658 927 1695; baseline 0.001 -11"><span class='ocrx_word' id='word_1_409' title='bbox 139 1658 293 1694; x_wconf 83' lang='grc' dir='ltr'>παχύτητος</span> <span class='ocrx_word' id='word_1_410' title='bbox 310 1659 380 1694; x_wconf 82' lang='lat'><strong>(18)!</strong></span> <span class='ocrx_word' id='word_1_411' title='bbox 399 1659 440 1686; x_wconf 73' lang='grc' dir='ltr'>ἵνα</span> <span class='ocrx_word' id='word_1_412' title='bbox 458 1660 538 1695; x_wconf 72' lang='grc' dir='ltr'>μηδὲν</span> <span class='ocrx_word' id='word_1_413' title='bbox 553 1659 634 1686; x_wconf 77' lang='grc' dir='ltr'>πλέον</span> <span class='ocrx_word' id='word_1_414' title='bbox 645 1659 724 1694; x_wconf 79' lang='grc' dir='ltr'>ἡμῶν</span> <span class='ocrx_word' id='word_1_415' title='bbox 735 1659 782 1695; x_wconf 73' lang='grc' dir='ltr'>ἔχῃ</span> <span class='ocrx_word' id='word_1_416' title='bbox 800 1659 830 1685; x_wconf 88' lang='grc' dir='ltr'>τὸ</span> <span class='ocrx_word' id='word_1_417' title='bbox 841 1659 927 1686; x_wconf 81' lang='grc' dir='ltr'>Θεῖον.</span> 
     </span>
    </p>
   </div>
   <div class='ocr_carea' id='block_1_52' title="bbox 139 1704 929 1742">
    <p class='ocr_par' dir='ltr' id='par_1_52' title="bbox 139 1704 929 1742">
     <span class='ocr_line' id='line_1_52' title="bbox 139 1704 929 1742; baseline 0.004 -13"><span class='ocrx_word' id='word_1_418' title='bbox 139 1704 199 1735; x_wconf 80' lang='grc' dir='ltr'><strong>Πῶς</strong></span> <span class='ocrx_word' id='word_1_419' title='bbox 212 1704 267 1739; x_wconf 72' lang='grc' dir='ltr'><strong>γὰρ</strong></span> <span class='ocrx_word' id='word_1_420' title='bbox 282 1705 379 1732; x_wconf 79' lang='grc' dir='ltr'>σεπτὸν</span> <span class='ocrx_word' id='word_1_421' title='bbox 390 1706 495 1741; x_wconf 26' lang='grc' dir='ltr'><strong>(ί9),ὶεξ</strong></span> <span class='ocrx_word' id='word_1_422' title='bbox 511 1707 712 1742; x_wconf 78' lang='grc' dir='ltr'>περιγραπτόν;</span> <span class='ocrx_word' id='word_1_423' title='bbox 729 1707 745 1741; x_wconf 83' lang='grc' dir='ltr'>ἣ</span> <span class='ocrx_word' id='word_1_424' title='bbox 762 1706 817 1737; x_wconf 80' lang='grc' dir='ltr'><strong>πῶς</strong></span> <span class='ocrx_word' id='word_1_425' title='bbox 834 1706 929 1740; x_wconf 77' lang='grc' dir='ltr'>φεύξε-</span> 
     </span>
    </p>
   </div>
   <div class='ocr_carea' id='block_1_53' title="bbox 138 1749 930 1785">
    <p class='ocr_par' dir='ltr' id='par_1_53' title="bbox 138 1749 930 1785">
     <span class='ocr_line' id='line_1_53' title="bbox 138 1749 930 1785; baseline 0.005 -11"><span class='ocrx_word' id='word_1_426' title='bbox 138 1756 181 1774; x_wconf 87' lang='grc' dir='ltr'><strong>ται</strong></span> <span class='ocrx_word' id='word_1_427' title='bbox 204 1749 234 1775; x_wconf 82' lang='grc' dir='ltr'><strong>τὺ</strong></span> <span class='ocrx_word' id='word_1_428' title='bbox 254 1751 287 1775; x_wconf 85' lang='grc' dir='ltr'>ὲκ</span> <span class='ocrx_word' id='word_1_429' title='bbox 303 1751 442 1785; x_wconf 77' lang='grc' dir='ltr'>στοιχείων</span> <span class='ocrx_word' id='word_1_430' title='bbox 461 1752 630 1785; x_wconf 71' lang='grc' dir='ltr'>συγκεῖσθαι,</span> <span class='ocrx_word' id='word_1_431' title='bbox 647 1752 694 1778; x_wconf 79' lang='grc' dir='ltr'>καὶ</span> <span class='ocrx_word' id='word_1_432' title='bbox 711 1753 749 1783; x_wconf 75' lang='grc' dir='ltr'><strong>εἰς</strong></span> <span class='ocrx_word' id='word_1_433' title='bbox 762 1752 833 1778; x_wconf 71' lang='grc' dir='ltr'>αὐτὰ</span> <span class='ocrx_word' id='word_1_434' title='bbox 850 1752 930 1778; x_wconf 78' lang='grc' dir='ltr'>πάλιν</span> 
     </span>
    </p>
   </div>
   <div class='ocr_carea' id='block_1_54' title="bbox 138 1787 930 1833">
    <p class='ocr_par' dir='ltr' id='par_1_54' title="bbox 138 1787 930 1833">
     <span class='ocr_line' id='line_1_54' title="bbox 138 1787 930 1833; baseline 0.005 -13"><span class='ocrx_word' id='word_1_435' title='bbox 138 1795 311 1828; x_wconf 71' lang='grc' dir='ltr'>ἀναλύεσθαι,</span> <span class='ocrx_word' id='word_1_436' title='bbox 327 1796 343 1831; x_wconf 82' lang='grc' dir='ltr'><strong>ἢ</strong></span> <span class='ocrx_word' id='word_1_437' title='bbox 362 1797 408 1823; x_wconf 80' lang='grc' dir='ltr'><strong>καὶ</strong></span> <span class='ocrx_word' id='word_1_438' title='bbox 428 1797 496 1829; x_wconf 78' lang='grc' dir='ltr'>ὅλως</span> <span class='ocrx_word' id='word_1_439' title='bbox 507 1798 635 1830; x_wconf 75' lang='grc' dir='ltr'>λύεσθαι;</span> <span class='ocrx_word' id='word_1_440' title='bbox 653 1797 779 1827; x_wconf 75' lang='grc' dir='ltr'>Σύνθεσις</span> <span class='ocrx_word' id='word_1_441' title='bbox 796 1798 864 1833; x_wconf 78' lang='grc' dir='ltr'>γὰρ,</span> <span class='ocrx_word' id='word_1_442' title='bbox 881 1787 930 1832; x_wconf 62' lang='grc' dir='ltr'><strong>ἀδ-</strong></span> 
     </span>
    </p>
   </div>
   <div class='ocr_carea' id='block_1_55' title="bbox 139 1841 927 1879">
    <p class='ocr_par' dir='ltr' id='par_1_55' title="bbox 139 1841 927 1879">
     <span class='ocr_line' id='line_1_55' title="bbox 139 1841 927 1879; baseline 0.003 -12"><span class='ocrx_word' id='word_1_443' title='bbox 139 1841 173 1875; x_wconf 77' lang='grc' dir='ltr'>χὴ</span> <span class='ocrx_word' id='word_1_444' title='bbox 189 1841 279 1876; x_wconf 77' lang='grc' dir='ltr'>μάχης</span> <span class='ocrx_word' id='word_1_445' title='bbox 292 1850 297 1856; x_wconf 92' lang='grc'>·</span> <span class='ocrx_word' id='word_1_446' title='bbox 319 1842 392 1878; x_wconf 82' lang='grc' dir='ltr'>μάχη</span> <span class='ocrx_word' id='word_1_447' title='bbox 409 1843 448 1876; x_wconf 75' lang='grc' dir='ltr'><strong>δὲ,</strong></span> <span class='ocrx_word' id='word_1_448' title='bbox 463 1843 644 1875; x_wconf 78' lang='grc' dir='ltr'><strong>διαστάσεως·</strong></span> <span class='ocrx_word' id='word_1_449' title='bbox 665 1845 680 1879; x_wconf 79' lang='grc' dir='ltr'>ἡ</span> <span class='ocrx_word' id='word_1_450' title='bbox 695 1843 732 1875; x_wconf 79' lang='grc' dir='ltr'><strong>δὲ,</strong></span> <span class='ocrx_word' id='word_1_451' title='bbox 746 1843 847 1875; x_wconf 73' lang='grc' dir='ltr'>λύσεως</span> <span class='ocrx_word' id='word_1_452' title='bbox 857 1850 863 1857; x_wconf 90' lang='grc'><strong>·</strong></span> <span class='ocrx_word' id='word_1_453' title='bbox 880 1843 927 1869; x_wconf 80' lang='grc' dir='ltr'><strong>λύ-</strong></span> 
     </span>
    </p>
   </div>
   <div class='ocr_carea' id='block_1_56' title="bbox 140 1886 928 1924">
    <p class='ocr_par' dir='ltr' id='par_1_56' title="bbox 140 1886 928 1924">
     <span class='ocr_line' id='line_1_56' title="bbox 140 1886 928 1924; baseline 0.004 -14"><span class='ocrx_word' id='word_1_454' title='bbox 140 1893 181 1916; x_wconf 90' lang='grc' dir='ltr'><strong>σις</strong></span> <span class='ocrx_word' id='word_1_455' title='bbox 201 1886 228 1912; x_wconf 75' lang='grc' dir='ltr'><strong>δὲ</strong></span> <span class='ocrx_word' id='word_1_456' title='bbox 246 1887 384 1924; x_wconf 76' lang='grc' dir='ltr'>ἀλλότριον</span> <span class='ocrx_word' id='word_1_457' title='bbox 411 1888 499 1924; x_wconf 77' lang='grc' dir='ltr'>πάντη</span> <span class='ocrx_word' id='word_1_458' title='bbox 523 1888 600 1919; x_wconf 73' lang='grc' dir='ltr'>Θεοῦ,</span> <span class='ocrx_word' id='word_1_459' title='bbox 622 1890 668 1915; x_wconf 75' lang='grc' dir='ltr'><strong>καὶ</strong></span> <span class='ocrx_word' id='word_1_460' title='bbox 685 1889 735 1924; x_wconf 81' lang='grc' dir='ltr'>τῆς</span> <span class='ocrx_word' id='word_1_461' title='bbox 750 1888 860 1924; x_wconf 77' lang='grc' dir='ltr'>πρώτης</span> <span class='ocrx_word' id='word_1_462' title='bbox 876 1888 928 1922; x_wconf 61' lang='grc' dir='ltr'><strong>φύ-</strong></span> 
     </span>
    </p>
   </div>
   <div class='ocr_carea' id='block_1_57' title="bbox 141 1932 929 1970">
    <p class='ocr_par' dir='ltr' id='par_1_57' title="bbox 141 1932 929 1970">
     <span class='ocr_line' id='line_1_57' title="bbox 141 1932 929 1970; baseline 0.009 -13"><span class='ocrx_word' id='word_1_463' title='bbox 141 1939 218 1963; x_wconf 83' lang='grc' dir='ltr'>σεως.</span> <span class='ocrx_word' id='word_1_464' title='bbox 240 1932 342 1959; x_wconf 66' lang='grc' dir='ltr'>Οὔκουν</span> <span class='ocrx_word' id='word_1_465' title='bbox 366 1934 516 1966; x_wconf 78' lang='grc' dir='ltr'><strong>διάστασις,</strong></span> <span class='ocrx_word' id='word_1_466' title='bbox 545 1935 587 1961; x_wconf 74' lang='grc' dir='ltr'>ἵνα</span> <span class='ocrx_word' id='word_1_467' title='bbox 611 1935 648 1970; x_wconf 82' lang='grc' dir='ltr'>μὴ</span> <span class='ocrx_word' id='word_1_468' title='bbox 661 1935 750 1966; x_wconf 69' lang='grc' dir='ltr'>λύσις·</span> <span class='ocrx_word' id='word_1_469' title='bbox 769 1934 828 1960; x_wconf 73' lang='grc' dir='ltr'>οὐδὲ</span> <span class='ocrx_word' id='word_1_470' title='bbox 843 1934 929 1969; x_wconf 72' lang='grc' dir='ltr'>μάχη,</span> 
     </span>
    </p>
   </div>
   <div class='ocr_carea' id='block_1_58' title="bbox 139 1978 929 2016">
    <p class='ocr_par' dir='ltr' id='par_1_58' title="bbox 139 1978 929 2016">
     <span class='ocr_line' id='line_1_58' title="bbox 139 1978 929 2016; baseline 0.003 -13"><span class='ocrx_word' id='word_1_471' title='bbox 139 1978 182 2003; x_wconf 84' lang='grc' dir='ltr'><strong>ἴνα</strong></span> <span class='ocrx_word' id='word_1_472' title='bbox 198 1978 234 2013; x_wconf 85' lang='grc' dir='ltr'>μὴ</span> <span class='ocrx_word' id='word_1_473' title='bbox 250 1979 404 2011; x_wconf 80' lang='grc' dir='ltr'>διάστασις·</span> <span class='ocrx_word' id='word_1_474' title='bbox 427 1980 485 2006; x_wconf 73' lang='grc' dir='ltr'><strong>οὐδὲ</strong></span> <span class='ocrx_word' id='word_1_475' title='bbox 502 1980 634 2013; x_wconf 79' lang='grc' dir='ltr'>σύνθεσις,</span> <span class='ocrx_word' id='word_1_476' title='bbox 653 1981 696 2006; x_wconf 80' lang='grc' dir='ltr'>ἵνα</span> <span class='ocrx_word' id='word_1_477' title='bbox 714 1980 751 2016; x_wconf 86' lang='grc' dir='ltr'>μὴ</span> <span class='ocrx_word' id='word_1_478' title='bbox 775 1981 865 2015; x_wconf 75' lang='grc' dir='ltr'>μάχη⁴</span> <span class='ocrx_word' id='word_1_479' title='bbox 885 1980 929 2006; x_wconf 72' lang='grc' dir='ltr'>διὰ</span> 
     </span>
    </p>
   </div>
   <div class='ocr_carea' id='block_1_59' title="bbox 137 2023 928 2062">
    <p class='ocr_par' dir='ltr' id='par_1_59' title="bbox 137 2023 928 2062">
     <span class='ocr_line' id='line_1_59' title="bbox 137 2023 928 2062; baseline 0.001 -12"><span class='ocrx_word' id='word_1_480' title='bbox 137 2023 215 2050; x_wconf 75' lang='grc' dir='ltr'>τοῦτο</span> <span class='ocrx_word' id='word_1_481' title='bbox 242 2025 302 2051; x_wconf 71' lang='grc' dir='ltr'>οὐδὲ</span> <span class='ocrx_word' id='word_1_482' title='bbox 329 2026 419 2061; x_wconf 82' lang='grc' dir='ltr'>σῶμα,</span> <span class='ocrx_word' id='word_1_483' title='bbox 448 2026 491 2052; x_wconf 82' lang='grc' dir='ltr'>ἵνα</span> <span class='ocrx_word' id='word_1_484' title='bbox 517 2027 554 2062; x_wconf 82' lang='grc' dir='ltr'>μὴ</span> <span class='ocrx_word' id='word_1_485' title='bbox 581 2026 715 2057; x_wconf 74' lang='grc' dir='ltr'>σύνθεσις.</span> <span class='ocrx_word' id='word_1_486' title='bbox 735 2026 782 2052; x_wconf 76' lang='grc' dir='ltr'><strong>Ἐκ</strong></span> <span class='ocrx_word' id='word_1_487' title='bbox 808 2026 861 2051; x_wconf 82' lang='grc' dir='ltr'>τῶν</span> <span class='ocrx_word' id='word_1_488' title='bbox 883 2034 928 2051; x_wconf 85' lang='grc' dir='ltr'>τε-</span> 
     </span>
    </p>
   </div>
   <div class='ocr_carea' id='block_1_60' title="bbox 137 2069 928 2108">
    <p class='ocr_par' dir='ltr' id='par_1_60' title="bbox 137 2069 928 2108">
     <span class='ocr_line' id='line_1_60' title="bbox 137 2069 928 2108; baseline 0.003 -12"><span class='ocrx_word' id='word_1_489' title='bbox 137 2069 269 2098; x_wconf 79' lang='grc' dir='ltr'>λευταίων</span> <span class='ocrx_word' id='word_1_490' title='bbox 285 2072 332 2098; x_wconf 71' lang='grc' dir='ltr'><strong>ἐπὶ</strong></span> <span class='ocrx_word' id='word_1_491' title='bbox 345 2071 381 2098; x_wconf 74' lang='grc' dir='ltr'>τὰ</span> <span class='ocrx_word' id='word_1_492' title='bbox 399 2072 494 2108; x_wconf 80' lang='grc' dir='ltr'>πρῶτα</span> <span class='ocrx_word' id='word_1_493' title='bbox 512 2074 526 2099; x_wconf 89' lang='grc' dir='ltr'>ὁ</span> <span class='ocrx_word' id='word_1_494' title='bbox 543 2073 620 2106; x_wconf 78' lang='grc' dir='ltr'>λόγος</span> <span class='ocrx_word' id='word_1_495' title='bbox 640 2071 733 2105; x_wconf 80' lang='grc' dir='ltr'>ἀνιὼν,</span> <span class='ocrx_word' id='word_1_496' title='bbox 750 2071 836 2103; x_wconf 68' lang='grc' dir='ltr'>οὕτως</span> <span class='ocrx_word' id='word_1_497' title='bbox 855 2072 928 2098; x_wconf 78' lang='grc' dir='ltr'>ἵστα-</span> 
     </span>
    </p>
   </div>
   <div class='ocr_carea' id='block_1_61' title="bbox 137 2124 191 2143">
    <p class='ocr_par' dir='ltr' id='par_1_61' title="bbox 137 2124 191 2143">
     <span class='ocr_line' id='line_1_61' title="bbox 137 2124 191 2143; baseline 0.019 -1"><span class='ocrx_word' id='word_1_498' title='bbox 137 2124 191 2143; x_wconf 80' lang='grc' dir='ltr'>ται.</span> 
     </span>
    </p>
   </div>
   <div class='ocr_carea' id='block_1_62' title="bbox 1023 1281 1776 1322">
    <p class='ocr_par' dir='ltr' id='par_1_62' title="bbox 1023 1281 1776 1322">
     <span class='ocr_line' id='line_1_62' title="bbox 1023 1281 1776 1322; baseline -0.012 -7"><span class='ocrx_word' id='word_1_499' title='bbox 1023 1287 1161 1322; x_wconf 76' lang='lat' dir='ltr'><strong>V&#39;Il.Quid</strong></span> <span class='ocrx_word' id='word_1_500' title='bbox 1181 1287 1252 1314; x_wconf 85' lang='lat' dir='ltr'><strong>enim</strong></span> <span class='ocrx_word' id='word_1_501' title='bbox 1276 1286 1383 1313; x_wconf 74' lang='lat' dir='ltr'><strong>tandem</strong></span> <span class='ocrx_word' id='word_1_502' title='bbox 1409 1284 1492 1312; x_wconf 90' lang='lat' dir='ltr'><strong>Deum</strong></span> <span class='ocrx_word' id='word_1_503' title='bbox 1517 1291 1579 1311; x_wconf 79' lang='lat' dir='ltr'><strong>esse</strong></span> <span class='ocrx_word' id='word_1_504' title='bbox 1594 1282 1728 1313; x_wconf 78' lang='lat' dir='ltr'><strong>censebis.</strong></span> <span class='ocrx_word' id='word_1_505' title='bbox 1754 1281 1776 1307; x_wconf 62' lang='lat' dir='ltr'><strong>si</strong></span> 
     </span>
    </p>
   </div>
   <div class='ocr_carea' id='block_1_63' title="bbox 989 1328 1777 1369">
    <p class='ocr_par' dir='ltr' id='par_1_63' title="bbox 989 1328 1777 1369">
     <span class='ocr_line' id='line_1_63' title="bbox 989 1328 1777 1369; baseline -0.011 -7"><span class='ocrx_word' id='word_1_506' title='bbox 989 1334 1156 1369; x_wconf 77' lang='lat' dir='ltr'><strong>argumentis</strong></span> <span class='ocrx_word' id='word_1_507' title='bbox 1172 1342 1185 1360; x_wconf 75' lang='grc' dir='ltr'>ιι</span> <span class='ocrx_word' id='word_1_508' title='bbox 1205 1333 1311 1360; x_wconf 79' lang='lat' dir='ltr'><strong>ratione</strong></span> <span class='ocrx_word' id='word_1_509' title='bbox 1328 1332 1417 1367; x_wconf 82' lang='lat' dir='ltr'><strong>petitis</strong></span> <span class='ocrx_word' id='word_1_510' title='bbox 1433 1331 1511 1358; x_wconf 85' lang='lat' dir='ltr'><strong>Iidem</strong></span> <span class='ocrx_word' id='word_1_511' title='bbox 1535 1330 1644 1356; x_wconf 88' lang='lat' dir='ltr'><strong>omnino</strong></span> <span class='ocrx_word' id='word_1_512' title='bbox 1668 1328 1750 1355; x_wconf 74' lang='lat' dir='ltr'><strong>habes</strong></span> <span class='ocrx_word' id='word_1_513' title='bbox 1765 1328 1777 1353; x_wconf 85' lang='lat'><strong>?</strong></span> 
     </span>
    </p>
   </div>
   <div class='ocr_carea' id='block_1_64' title="bbox 985 1370 1776 1417">
    <p class='ocr_par' dir='ltr' id='par_1_64' title="bbox 985 1370 1776 1417">
     <span class='ocr_line' id='line_1_64' title="bbox 985 1370 1776 1417; baseline -0.011 -8"><span class='ocrx_word' id='word_1_514' title='bbox 985 1384 1039 1410; x_wconf 89' lang='lat' dir='ltr'><strong>Aul</strong></span> <span class='ocrx_word' id='word_1_515' title='bbox 1055 1389 1110 1417; x_wconf 88' lang='lat' dir='ltr'><strong>quo</strong></span> <span class='ocrx_word' id='word_1_516' title='bbox 1128 1380 1235 1407; x_wconf 82' lang='lat' dir='ltr'><strong>tandem</strong></span> <span class='ocrx_word' id='word_1_517' title='bbox 1254 1384 1279 1406; x_wconf 87' lang='lat' dir='ltr'><strong>te</strong></span> <span class='ocrx_word' id='word_1_518' title='bbox 1297 1379 1428 1406; x_wconf 89' lang='lat' dir='ltr'><strong>subvchel</strong></span> <span class='ocrx_word' id='word_1_519' title='bbox 1441 1370 1659 1409; x_wconf 37' lang='lat' dir='ltr'><strong>ltazc&#39;disputatio</strong></span> <span class='ocrx_word' id='word_1_520' title='bbox 1671 1395 1677 1406; x_wconf 89' lang='lat'><strong>,</strong></span> <span class='ocrx_word' id='word_1_521' title='bbox 1693 1375 1715 1402; x_wconf 89' lang='lat' dir='ltr'><strong>si</strong></span> <span class='ocrx_word' id='word_1_522' title='bbox 1729 1382 1776 1401; x_wconf 84' lang='lat' dir='ltr'><strong>ac-</strong></span> 
     </span>
    </p>
   </div>
   <div class='ocr_carea' id='block_1_65' title="bbox 985 1421 1776 1458">
    <p class='ocr_par' dir='ltr' id='par_1_65' title="bbox 985 1421 1776 1458">
     <span class='ocr_line' id='line_1_65' title="bbox 985 1421 1776 1458; baseline -0.011 -3"><span class='ocrx_word' id='word_1_523' title='bbox 985 1429 1108 1456; x_wconf 81' lang='lat' dir='ltr'><strong>curatius</strong></span> <span class='ocrx_word' id='word_1_524' title='bbox 1125 1426 1317 1454; x_wconf 81' lang='lat' dir='ltr'><strong>examinetur&#39;!</strong></span> <span class='ocrx_word' id='word_1_525' title='bbox 1333 1424 1380 1457; x_wconf 73' lang='lat' dir='ltr'><strong>Te,</strong></span> <span class='ocrx_word' id='word_1_526' title='bbox 1396 1425 1515 1458; x_wconf 80' lang='lat' dir='ltr'><strong>inquam,</strong></span> <span class='ocrx_word' id='word_1_527' title='bbox 1528 1422 1645 1457; x_wconf 84' lang='lat' dir='ltr'><strong>appello,</strong></span> <span class='ocrx_word' id='word_1_528' title='bbox 1658 1421 1703 1456; x_wconf 89' lang='lat' dir='ltr'><strong>qui</strong></span> <span class='ocrx_word' id='word_1_529' title='bbox 1717 1421 1776 1455; x_wconf 87' lang='lat' dir='ltr'><strong>phi-</strong></span> 
     </span>
    </p>
   </div>
   <div class='ocr_carea' id='block_1_66' title="bbox 983 1466 1774 1509">
    <p class='ocr_par' dir='ltr' id='par_1_66' title="bbox 983 1466 1774 1509">
     <span class='ocr_line' id='line_1_66' title="bbox 983 1466 1774 1509; baseline -0.01 -9"><span class='ocrx_word' id='word_1_530' title='bbox 983 1474 1112 1509; x_wconf 75' lang='lat' dir='ltr'><strong>losophia:</strong></span> <span class='ocrx_word' id='word_1_531' title='bbox 1140 1481 1171 1500; x_wconf 91' lang='lat' dir='ltr'><strong>ac</strong></span> <span class='ocrx_word' id='word_1_532' title='bbox 1200 1471 1340 1505; x_wconf 70' lang='lat' dir='ltr'><strong>theologirc</strong></span> <span class='ocrx_word' id='word_1_533' title='bbox 1370 1470 1548 1505; x_wconf 80' lang='lat' dir='ltr'><strong>principatum</strong></span> <span class='ocrx_word' id='word_1_534' title='bbox 1574 1468 1622 1494; x_wconf 87' lang='lat' dir='ltr'><strong>tibi</strong></span> <span class='ocrx_word' id='word_1_535' title='bbox 1643 1466 1774 1498; x_wconf 86' lang='lat' dir='ltr'><strong>vindicas,</strong></span> 
     </span>
    </p>
   </div>
   <div class='ocr_carea' id='block_1_67' title="bbox 983 1515 1776 1555">
    <p class='ocr_par' dir='ltr' id='par_1_67' title="bbox 983 1515 1776 1555">
     <span class='ocr_line' id='line_1_67' title="bbox 983 1515 1776 1555; baseline -0.011 -8"><span class='ocrx_word' id='word_1_536' title='bbox 983 1526 1064 1555; x_wconf 81' lang='lat' dir='ltr'><strong>atque</strong></span> <span class='ocrx_word' id='word_1_537' title='bbox 1081 1521 1107 1546; x_wconf 89' lang='lat' dir='ltr'><strong>in</strong></span> <span class='ocrx_word' id='word_1_538' title='bbox 1127 1519 1288 1546; x_wconf 89' lang='lat' dir='ltr'><strong>immensum</strong></span> <span class='ocrx_word' id='word_1_539' title='bbox 1310 1516 1446 1551; x_wconf 82' lang='lat' dir='ltr'><strong>gloriaris.</strong></span> <span class='ocrx_word' id='word_1_540' title='bbox 1470 1515 1509 1542; x_wconf 82' lang='lat' dir='ltr'><strong>An</strong></span> <span class='ocrx_word' id='word_1_541' title='bbox 1527 1521 1625 1548; x_wconf 85' lang='lat' dir='ltr'><strong>corpus</strong></span> <span class='ocrx_word' id='word_1_542' title='bbox 1639 1520 1699 1540; x_wconf 88' lang='lat' dir='ltr'><strong>eum</strong></span> <span class='ocrx_word' id='word_1_543' title='bbox 1715 1519 1776 1540; x_wconf 88' lang='lat' dir='ltr'><strong>esse</strong></span> 
     </span>
    </p>
   </div>
   <div class='ocr_carea' id='block_1_68' title="bbox 984 1558 1774 1599">
    <p class='ocr_par' dir='ltr' id='par_1_68' title="bbox 984 1558 1774 1599">
     <span class='ocr_line' id='line_1_68' title="bbox 984 1558 1774 1599; baseline -0.01 -6"><span class='ocrx_word' id='word_1_544' title='bbox 984 1567 1075 1594; x_wconf 69' lang='lat' dir='ltr'><strong>dines?</strong></span> <span class='ocrx_word' id='word_1_545' title='bbox 1089 1565 1212 1599; x_wconf 89' lang='lat' dir='ltr'><strong>Quonam</strong></span> <span class='ocrx_word' id='word_1_546' title='bbox 1227 1572 1292 1599; x_wconf 82' lang='lat' dir='ltr'><strong>ergo</strong></span> <span class='ocrx_word' id='word_1_547' title='bbox 1305 1563 1383 1590; x_wconf 88' lang='lat' dir='ltr'><strong>modo</strong></span> <span class='ocrx_word' id='word_1_548' title='bbox 1399 1563 1558 1594; x_wconf 82' lang='lat' dir='ltr'><strong>immensus,</strong></span> <span class='ocrx_word' id='word_1_549' title='bbox 1585 1559 1717 1592; x_wconf 79' lang='lat' dir='ltr'><strong>inﬁnitus,</strong></span> <span class='ocrx_word' id='word_1_550' title='bbox 1741 1558 1774 1585; x_wconf 87' lang='lat' dir='ltr'><strong>Ii-</strong></span> 
     </span>
    </p>
   </div>
   <div class='ocr_carea' id='block_1_69' title="bbox 944 1604 1774 1649">
    <p class='ocr_par' dir='ltr' id='par_1_69' title="bbox 944 1604 1774 1649">
     <span class='ocr_line' id='line_1_69' title="bbox 944 1604 1774 1649; baseline -0.013 -8"><span class='ocrx_word' id='word_1_551' title='bbox 944 1604 964 1632; x_wconf 77' lang='lat' dir='ltr'><strong><em>C</em></strong></span> <span class='ocrx_word' id='word_1_552' title='bbox 983 1621 1057 1649; x_wconf 76' lang='lat' dir='ltr'><strong>gnra:</strong></span> <span class='ocrx_word' id='word_1_553' title='bbox 1075 1619 1173 1646; x_wconf 79' lang='lat' dir='ltr'><strong>expers</strong></span> <span class='ocrx_word' id='word_1_554' title='bbox 1188 1616 1238 1642; x_wconf 86' lang='lat' dir='ltr'><strong>est,</strong></span> <span class='ocrx_word' id='word_1_555' title='bbox 1256 1618 1288 1636; x_wconf 83' lang='lat' dir='ltr'><strong>ac</strong></span> <span class='ocrx_word' id='word_1_556' title='bbox 1304 1609 1421 1643; x_wconf 88' lang='lat' dir='ltr'><strong>denique</strong></span> <span class='ocrx_word' id='word_1_557' title='bbox 1432 1606 1575 1642; x_wconf 85' lang='lat' dir='ltr'><strong>ejusmodi,</strong></span> <span class='ocrx_word' id='word_1_558' title='bbox 1590 1611 1618 1632; x_wconf 93' lang='lat' dir='ltr'><strong>ut</strong></span> <span class='ocrx_word' id='word_1_559' title='bbox 1630 1612 1680 1632; x_wconf 84' lang='lat' dir='ltr'><strong>nec</strong></span> <span class='ocrx_word' id='word_1_560' title='bbox 1691 1604 1774 1638; x_wconf 82' lang='lat' dir='ltr'><strong>tangi,</strong></span> 
     </span>
    </p>
   </div>
   <div class='ocr_carea' id='block_1_70' title="bbox 984 1652 1775 1692">
    <p class='ocr_par' dir='ltr' id='par_1_70' title="bbox 984 1652 1775 1692">
     <span class='ocr_line' id='line_1_70' title="bbox 984 1652 1775 1692; baseline -0.011 -6"><span class='ocrx_word' id='word_1_561' title='bbox 984 1667 1034 1686; x_wconf 85' lang='lat' dir='ltr'><strong>nec</strong></span> <span class='ocrx_word' id='word_1_562' title='bbox 1049 1658 1134 1686; x_wconf 87' lang='lat' dir='ltr'><strong>oculis</strong></span> <span class='ocrx_word' id='word_1_563' title='bbox 1149 1657 1222 1684; x_wconf 89' lang='lat' dir='ltr'><strong>cerni</strong></span> <span class='ocrx_word' id='word_1_564' title='bbox 1241 1655 1343 1692; x_wconf 83' lang='lat' dir='ltr'><strong>queat?</strong></span> <span class='ocrx_word' id='word_1_565' title='bbox 1358 1655 1397 1681; x_wconf 82' lang='lat' dir='ltr'><strong>Au</strong></span> <span class='ocrx_word' id='word_1_566' title='bbox 1417 1655 1472 1682; x_wconf 78' lang='lat' dir='ltr'><strong>haec</strong></span> <span class='ocrx_word' id='word_1_567' title='bbox 1489 1652 1645 1688; x_wconf 87' lang='lat' dir='ltr'><strong>quoqne&#39;in</strong></span> <span class='ocrx_word' id='word_1_568' title='bbox 1662 1658 1775 1685; x_wconf 79' lang='lat' dir='ltr'><strong>corpora</strong></span> 
     </span>
    </p>
   </div>
   <div class='ocr_carea' id='block_1_71' title="bbox 984 1700 1775 1733">
    <p class='ocr_par' dir='ltr' id='par_1_71' title="bbox 984 1700 1775 1733">
     <span class='ocr_line' id='line_1_71' title="bbox 984 1700 1775 1733; baseline -0.014 0"><span class='ocrx_word' id='word_1_569' title='bbox 984 1704 1103 1733; x_wconf 88' lang='lat' dir='ltr'><strong>cadunt?</strong></span> <span class='ocrx_word' id='word_1_570' title='bbox 1115 1704 1137 1732; x_wconf 92' lang='grc' dir='ltr'>Ο</span> <span class='ocrx_word' id='word_1_571' title='bbox 1149 1703 1287 1730; x_wconf 82' lang='lat' dir='ltr'><strong>licentiam</strong></span> <span class='ocrx_word' id='word_1_572' title='bbox 1300 1703 1306 1728; x_wconf 75' lang='grc' dir='ltr'><strong>ῑ</strong></span> <span class='ocrx_word' id='word_1_573' title='bbox 1321 1701 1378 1727; x_wconf 85' lang='lat' dir='ltr'><strong>Non</strong></span> <span class='ocrx_word' id='word_1_574' title='bbox 1391 1701 1462 1727; x_wconf 84' lang='lat' dir='ltr'><strong>enim</strong></span> <span class='ocrx_word' id='word_1_575' title='bbox 1489 1700 1545 1726; x_wconf 74' lang='lat' dir='ltr'><strong>lucc</strong></span> <span class='ocrx_word' id='word_1_576' title='bbox 1566 1705 1708 1732; x_wconf 87' lang='lat' dir='ltr'><strong>corporum</strong></span> <span class='ocrx_word' id='word_1_577' title='bbox 1727 1704 1775 1723; x_wconf 89' lang='lat' dir='ltr'><strong>na-</strong></span> 
     </span>
    </p>
   </div>
   <div class='ocr_carea' id='block_1_72' title="bbox 985 1743 1773 1782">
    <p class='ocr_par' dir='ltr' id='par_1_72' title="bbox 985 1743 1773 1782">
     <span class='ocr_line' id='line_1_72' title="bbox 985 1743 1773 1782; baseline -0.011 -5"><span class='ocrx_word' id='word_1_578' title='bbox 985 1755 1043 1778; x_wconf 84' lang='lat' dir='ltr'><strong>tura</strong></span> <span class='ocrx_word' id='word_1_579' title='bbox 1061 1753 1113 1776; x_wconf 85' lang='lat' dir='ltr'><strong>est.</strong></span> <span class='ocrx_word' id='word_1_580' title='bbox 1129 1749 1169 1775; x_wconf 76' lang='lat' dir='ltr'><strong>An</strong></span> <span class='ocrx_word' id='word_1_581' title='bbox 1185 1755 1284 1782; x_wconf 88' lang='lat' dir='ltr'><strong>corpus</strong></span> <span class='ocrx_word' id='word_1_582' title='bbox 1294 1746 1403 1781; x_wconf 90' lang='lat' dir='ltr'><strong>quidem</strong></span> <span class='ocrx_word' id='word_1_583' title='bbox 1414 1753 1474 1772; x_wconf 79' lang='lat' dir='ltr'><strong>esse</strong></span> <span class='ocrx_word' id='word_1_584' title='bbox 1487 1750 1598 1775; x_wconf 87' lang='lat' dir='ltr'><strong>statues,</strong></span> <span class='ocrx_word' id='word_1_585' title='bbox 1612 1743 1773 1770; x_wconf 87' lang='lat' dir='ltr'><strong>immensum</strong></span> 
     </span>
    </p>
   </div>
   <div class='ocr_carea' id='block_1_73' title="bbox 986 1789 1775 1830">
    <p class='ocr_par' dir='ltr' id='par_1_73' title="bbox 986 1789 1775 1830">
     <span class='ocr_line' id='line_1_73' title="bbox 986 1789 1775 1830; baseline -0.01 -7"><span class='ocrx_word' id='word_1_586' title='bbox 986 1804 1062 1828; x_wconf 80' lang='lat' dir='ltr'><strong>vero,</strong></span> <span class='ocrx_word' id='word_1_587' title='bbox 1084 1800 1166 1830; x_wconf 86' lang='lat' dir='ltr'><strong>atque</strong></span> <span class='ocrx_word' id='word_1_588' title='bbox 1179 1794 1324 1825; x_wconf 84' lang='lat' dir='ltr'><strong>inﬁnitum,</strong></span> <span class='ocrx_word' id='word_1_589' title='bbox 1341 1797 1492 1826; x_wconf 67' lang='lat' dir='ltr'><strong>catteraqne</strong></span> <span class='ocrx_word' id='word_1_590' title='bbox 1503 1791 1581 1825; x_wconf 84' lang='lat' dir='ltr'><strong>hujus</strong></span> <span class='ocrx_word' id='word_1_591' title='bbox 1594 1789 1700 1824; x_wconf 68' lang='lat' dir='ltr'><strong>generis</strong></span> <span class='ocrx_word' id='word_1_592' title='bbox 1714 1795 1775 1815; x_wconf 82' lang='lat' dir='ltr'><strong>esse</strong></span> 
     </span>
    </p>
   </div>
   <div class='ocr_carea' id='block_1_74' title="bbox 985 1836 1774 1877">
    <p class='ocr_par' dir='ltr' id='par_1_74' title="bbox 985 1836 1774 1877">
     <span class='ocr_line' id='line_1_74' title="bbox 985 1836 1774 1877; baseline -0.01 -8"><span class='ocrx_word' id='word_1_593' title='bbox 985 1841 1117 1877; x_wconf 72' lang='lat' dir='ltr'><strong>negabis?</strong></span> <span class='ocrx_word' id='word_1_594' title='bbox 1136 1841 1158 1868; x_wconf 89' lang='lat'><strong>0</strong></span> <span class='ocrx_word' id='word_1_595' title='bbox 1170 1840 1322 1867; x_wconf 84' lang='lat' dir='ltr'><strong>crassitiem</strong></span> <span class='ocrx_word' id='word_1_596' title='bbox 1335 1839 1341 1865; x_wconf 74' lang='grc' dir='ltr'>ί</span> <span class='ocrx_word' id='word_1_597' title='bbox 1356 1843 1384 1865; x_wconf 91' lang='lat' dir='ltr'><strong>ut</strong></span> <span class='ocrx_word' id='word_1_598' title='bbox 1399 1838 1471 1865; x_wconf 87' lang='lat' dir='ltr'><strong>nulla</strong></span> <span class='ocrx_word' id='word_1_599' title='bbox 1486 1844 1514 1864; x_wconf 86' lang='lat' dir='ltr'><strong>re</strong></span> <span class='ocrx_word' id='word_1_600' title='bbox 1530 1838 1599 1864; x_wconf 91' lang='lat' dir='ltr'><strong>Deus</strong></span> <span class='ocrx_word' id='word_1_601' title='bbox 1614 1836 1690 1862; x_wconf 84' lang='lat' dir='ltr'><strong>nobis</strong></span> <span class='ocrx_word' id='word_1_602' title='bbox 1706 1842 1774 1870; x_wconf 62' lang='lat' dir='ltr'><strong>pric-</strong></span> 
     </span>
    </p>
   </div>
   <div class='ocr_carea' id='block_1_75' title="bbox 983 1881 1775 1921">
    <p class='ocr_par' dir='ltr' id='par_1_75' title="bbox 983 1881 1775 1921">
     <span class='ocr_line' id='line_1_75' title="bbox 983 1881 1775 1921; baseline -0.011 -6"><span class='ocrx_word' id='word_1_603' title='bbox 983 1893 1046 1916; x_wconf 85' lang='lat' dir='ltr'><strong>stet.</strong></span> <span class='ocrx_word' id='word_1_604' title='bbox 1057 1887 1126 1921; x_wconf 85' lang='lat' dir='ltr'><strong>Quid</strong></span> <span class='ocrx_word' id='word_1_605' title='bbox 1139 1887 1210 1914; x_wconf 86' lang='lat' dir='ltr'><strong>enim</strong></span> <span class='ocrx_word' id='word_1_606' title='bbox 1225 1886 1316 1912; x_wconf 66' lang='lat' dir='ltr'><strong>afferri</strong></span> <span class='ocrx_word' id='word_1_607' title='bbox 1328 1889 1426 1919; x_wconf 84' lang='lat' dir='ltr'><strong>potest,</strong></span> <span class='ocrx_word' id='word_1_608' title='bbox 1440 1891 1488 1910; x_wconf 82' lang='lat' dir='ltr'><strong>cur</strong></span> <span class='ocrx_word' id='word_1_609' title='bbox 1500 1883 1605 1910; x_wconf 84' lang='lat' dir='ltr'><strong>colatur</strong></span> <span class='ocrx_word' id='word_1_610' title='bbox 1616 1886 1696 1916; x_wconf 87' lang='lat' dir='ltr'><strong>atque</strong></span> <span class='ocrx_word' id='word_1_611' title='bbox 1711 1881 1775 1908; x_wconf 84' lang='lat' dir='ltr'><strong>ado-</strong></span> 
     </span>
    </p>
   </div>
   <div class='ocr_carea' id='block_1_76' title="bbox 984 1929 1774 1965">
    <p class='ocr_par' dir='ltr' id='par_1_76' title="bbox 984 1929 1774 1965">
     <span class='ocr_line' id='line_1_76' title="bbox 984 1929 1774 1965; baseline -0.008 -5"><span class='ocrx_word' id='word_1_612' title='bbox 984 1939 1068 1965; x_wconf 86' lang='lat' dir='ltr'><strong>retur,</strong></span> <span class='ocrx_word' id='word_1_613' title='bbox 1086 1933 1108 1959; x_wconf 84' lang='lat' dir='ltr'><strong>si</strong></span> <span class='ocrx_word' id='word_1_614' title='bbox 1126 1931 1349 1965; x_wconf 88' lang='lat' dir='ltr'><strong>circumscriptus</strong></span> <span class='ocrx_word' id='word_1_615' title='bbox 1373 1930 1432 1957; x_wconf 84' lang='lat' dir='ltr'><strong>est?</strong></span> <span class='ocrx_word' id='word_1_616' title='bbox 1449 1929 1503 1956; x_wconf 85' lang='lat' dir='ltr'><strong>Aut</strong></span> <span class='ocrx_word' id='word_1_617' title='bbox 1527 1929 1591 1963; x_wconf 93' lang='lat' dir='ltr'><strong>quid</strong></span> <span class='ocrx_word' id='word_1_618' title='bbox 1607 1935 1695 1955; x_wconf 71' lang='lat' dir='ltr'><strong>causa:</strong></span> <span class='ocrx_word' id='word_1_619' title='bbox 1713 1934 1774 1954; x_wconf 81' lang='lat' dir='ltr'><strong>esse</strong></span> 
     </span>
    </p>
   </div>
   <div class='ocr_carea' id='block_1_77' title="bbox 982 1974 1772 2014">
    <p class='ocr_par' dir='ltr' id='par_1_77' title="bbox 982 1974 1772 2014">
     <span class='ocr_line' id='line_1_77' title="bbox 982 1974 1772 2014; baseline -0.009 -7"><span class='ocrx_word' id='word_1_620' title='bbox 982 1981 1114 2011; x_wconf 88' lang='lat' dir='ltr'><strong>dicemus,</strong></span> <span class='ocrx_word' id='word_1_621' title='bbox 1132 1979 1195 2014; x_wconf 90' lang='lat' dir='ltr'><strong>quin</strong></span> <span class='ocrx_word' id='word_1_622' title='bbox 1209 1987 1240 2006; x_wconf 82' lang='lat' dir='ltr'><strong>ex</strong></span> <span class='ocrx_word' id='word_1_623' title='bbox 1256 1977 1397 2006; x_wconf 86' lang='lat' dir='ltr'><strong>elementis</strong></span> <span class='ocrx_word' id='word_1_624' title='bbox 1421 1975 1553 2004; x_wconf 86' lang='lat' dir='ltr'><strong>conﬂatus</strong></span> <span class='ocrx_word' id='word_1_625' title='bbox 1570 1975 1615 2007; x_wconf 85' lang='lat' dir='ltr'><strong>sit,</strong></span> <span class='ocrx_word' id='word_1_626' title='bbox 1639 1979 1721 2009; x_wconf 81' lang='lat' dir='ltr'><strong>atque</strong></span> <span class='ocrx_word' id='word_1_627' title='bbox 1745 1974 1772 2001; x_wconf 92' lang='lat' dir='ltr'><strong>in</strong></span> 
     </span>
    </p>
   </div>
   <div class='ocr_carea' id='block_1_78' title="bbox 981 2020 1770 2058">
    <p class='ocr_par' dir='ltr' id='par_1_78' title="bbox 981 2020 1770 2058">
     <span class='ocr_line' id='line_1_78' title="bbox 981 2020 1770 2058; baseline -0.011 -4"><span class='ocrx_word' id='word_1_628' title='bbox 981 2027 1074 2054; x_wconf 87' lang='lat' dir='ltr'><strong>eadem</strong></span> <span class='ocrx_word' id='word_1_629' title='bbox 1094 2026 1182 2052; x_wconf 88' lang='lat' dir='ltr'><strong>dentto</strong></span> <span class='ocrx_word' id='word_1_630' title='bbox 1209 2025 1346 2058; x_wconf 80' lang='lat' dir='ltr'><strong>redigatur</strong></span> <span class='ocrx_word' id='word_1_631' title='bbox 1360 2042 1367 2055; x_wconf 92' lang='lat'><strong>,</strong></span> <span class='ocrx_word' id='word_1_632' title='bbox 1397 2026 1441 2048; x_wconf 88' lang='lat' dir='ltr'><strong>attt</strong></span> <span class='ocrx_word' id='word_1_633' title='bbox 1457 2021 1538 2049; x_wconf 87' lang='lat' dir='ltr'><strong>etiam</strong></span> <span class='ocrx_word' id='word_1_634' title='bbox 1559 2028 1670 2054; x_wconf 89' lang='lat' dir='ltr'><strong>prorsus</strong></span> <span class='ocrx_word' id='word_1_635' title='bbox 1685 2020 1770 2046; x_wconf 88' lang='lat' dir='ltr'><strong>inter—</strong></span> 
     </span>
    </p>
   </div>
   <div class='ocr_carea' id='block_1_79' title="bbox 984 2065 1770 2102">
    <p class='ocr_par' dir='ltr' id='par_1_79' title="bbox 984 2065 1770 2102">
     <span class='ocr_line' id='line_1_79' title="bbox 984 2065 1770 2102; baseline -0.009 -6"><span class='ocrx_word' id='word_1_636' title='bbox 984 2070 1047 2097; x_wconf 80' lang='lat' dir='ltr'><strong>eat?</strong></span> <span class='ocrx_word' id='word_1_637' title='bbox 1066 2068 1234 2102; x_wconf 82' lang='lat' dir='ltr'><strong>Compositio</strong></span> <span class='ocrx_word' id='word_1_638' title='bbox 1260 2068 1360 2102; x_wconf 90' lang='lat' dir='ltr'><strong>quippe</strong></span> <span class='ocrx_word' id='word_1_639' title='bbox 1378 2073 1472 2101; x_wconf 66' lang='lat' dir='ltr'><strong>pugnae</strong></span> <span class='ocrx_word' id='word_1_640' title='bbox 1492 2065 1597 2092; x_wconf 89' lang='lat' dir='ltr'><strong>initium</strong></span> <span class='ocrx_word' id='word_1_641' title='bbox 1615 2068 1667 2096; x_wconf 88' lang='lat' dir='ltr'><strong>est,</strong></span> <span class='ocrx_word' id='word_1_642' title='bbox 1683 2071 1770 2098; x_wconf 79' lang='lat' dir='ltr'><strong>pugna</strong></span> 
     </span>
    </p>
   </div>
   <div class='ocr_carea' id='block_1_80' title="bbox 980 2110 1768 2145">
    <p class='ocr_par' dir='ltr' id='par_1_80' title="bbox 980 2110 1768 2145">
     <span class='ocr_line' id='line_1_80' title="bbox 980 2110 1768 2145; baseline -0.01 -2"><span class='ocrx_word' id='word_1_643' title='bbox 980 2122 1069 2142; x_wconf 81' lang='lat' dir='ltr'><strong>autem</strong></span> <span class='ocrx_word' id='word_1_644' title='bbox 1086 2114 1200 2145; x_wconf 86' lang='lat' dir='ltr'><strong>dissidii,</strong></span> <span class='ocrx_word' id='word_1_645' title='bbox 1216 2113 1358 2140; x_wconf 89' lang='lat' dir='ltr'><strong>dissidium</strong></span> <span class='ocrx_word' id='word_1_646' title='bbox 1384 2111 1544 2138; x_wconf 81' lang='lat' dir='ltr'><strong>solutionis:</strong></span> <span class='ocrx_word' id='word_1_647' title='bbox 1562 2110 1658 2137; x_wconf 89' lang='lat' dir='ltr'><strong>solutio</strong></span> <span class='ocrx_word' id='word_1_648' title='bbox 1687 2116 1768 2143; x_wconf 88' lang='lat' dir='ltr'><strong>porro</strong></span> 
     </span>
    </p>
   </div>
   <div class='ocr_carea' id='block_1_81' title="bbox 138 2155 1770 2200">
    <p class='ocr_par' dir='ltr' id='par_1_81' title="bbox 138 2155 1770 2200">
     <span class='ocr_line' id='line_1_81' title="bbox 138 2155 1770 2200; baseline -0.006 -10"><span class='ocrx_word' id='word_1_649' title='bbox 138 2163 209 2191; x_wconf 90' lang='lat' dir='ltr'><strong>nullo</strong></span> <span class='ocrx_word' id='word_1_650' title='bbox 221 2164 301 2191; x_wconf 84' lang='lat' dir='ltr'><strong>modo</strong></span> <span class='ocrx_word' id='word_1_651' title='bbox 313 2165 338 2191; x_wconf 90' lang='lat' dir='ltr'><strong>in</strong></span> <span class='ocrx_word' id='word_1_652' title='bbox 350 2164 432 2192; x_wconf 89' lang='lat' dir='ltr'><strong>Deum</strong></span> <span class='ocrx_word' id='word_1_653' title='bbox 445 2172 476 2192; x_wconf 83' lang='lat' dir='ltr'><strong>ac</strong></span> <span class='ocrx_word' id='word_1_654' title='bbox 490 2165 603 2200; x_wconf 83' lang='lat' dir='ltr'><strong>primam</strong></span> <span class='ocrx_word' id='word_1_655' title='bbox 615 2164 686 2191; x_wconf 88' lang='lat' dir='ltr'><strong>illam</strong></span> <span class='ocrx_word' id='word_1_656' title='bbox 698 2168 820 2190; x_wconf 87' lang='lat' dir='ltr'><strong>naturam</strong></span> <span class='ocrx_word' id='word_1_657' title='bbox 836 2163 916 2190; x_wconf 85' lang='lat' dir='ltr'><strong>cadit.</strong></span> <span class='ocrx_word' id='word_1_658' title='bbox 933 2161 1063 2195; x_wconf 74' lang='lat' dir='ltr'><strong>Quocirca</strong></span> <span class='ocrx_word' id='word_1_659' title='bbox 1076 2161 1177 2187; x_wconf 82' lang='lat' dir='ltr'><strong>nullum</strong></span> <span class='ocrx_word' id='word_1_660' title='bbox 1192 2159 1332 2187; x_wconf 88' lang='lat' dir='ltr'><strong>dissidium</strong></span> <span class='ocrx_word' id='word_1_661' title='bbox 1350 2157 1544 2185; x_wconf 84' lang='lat' dir='ltr'><strong>admittendum</strong></span> <span class='ocrx_word' id='word_1_662' title='bbox 1561 2161 1612 2188; x_wconf 89' lang='lat' dir='ltr'><strong>est,</strong></span> <span class='ocrx_word' id='word_1_663' title='bbox 1626 2163 1659 2183; x_wconf 88' lang='lat' dir='ltr'><strong>ne</strong></span> <span class='ocrx_word' id='word_1_664' title='bbox 1671 2155 1770 2183; x_wconf 89' lang='lat' dir='ltr'><strong>solutio</strong></span> 
     </span>
    </p>
   </div>
   <div class='ocr_carea' id='block_1_82' title="bbox 137 2205 1771 2248">
    <p class='ocr_par' dir='ltr' id='par_1_82' title="bbox 137 2205 1771 2248">
     <span class='ocr_line' id='line_1_82' title="bbox 137 2205 1771 2248; baseline -0.005 -11"><span class='ocrx_word' id='word_1_665' title='bbox 137 2216 320 2246; x_wconf 87' lang='lat' dir='ltr'><strong>consequatur</strong></span> <span class='ocrx_word' id='word_1_666' title='bbox 341 2221 346 2238; x_wconf 95' lang='lat'><strong>:</strong></span> <span class='ocrx_word' id='word_1_667' title='bbox 363 2219 411 2239; x_wconf 86' lang='lat' dir='ltr'><strong>nec</strong></span> <span class='ocrx_word' id='word_1_668' title='bbox 429 2220 528 2248; x_wconf 79' lang='lat' dir='ltr'><strong>pugna,</strong></span> <span class='ocrx_word' id='word_1_669' title='bbox 544 2220 578 2239; x_wconf 91' lang='lat' dir='ltr'><strong>ne</strong></span> <span class='ocrx_word' id='word_1_670' title='bbox 591 2212 729 2239; x_wconf 85' lang='lat' dir='ltr'><strong>dissidium</strong></span> <span class='ocrx_word' id='word_1_671' title='bbox 742 2212 847 2239; x_wconf 83' lang='lat' dir='ltr'><strong>oriatur</strong></span> <span class='ocrx_word' id='word_1_672' title='bbox 863 2220 870 2238; x_wconf 84' lang='lat'><strong>:</strong></span> <span class='ocrx_word' id='word_1_673' title='bbox 891 2219 940 2238; x_wconf 78' lang='lat' dir='ltr'><strong>nec</strong></span> <span class='ocrx_word' id='word_1_674' title='bbox 965 2210 1135 2244; x_wconf 87' lang='lat' dir='ltr'><strong>compositio,</strong></span> <span class='ocrx_word' id='word_1_675' title='bbox 1150 2216 1184 2236; x_wconf 85' lang='lat' dir='ltr'><strong>ne</strong></span> <span class='ocrx_word' id='word_1_676' title='bbox 1198 2216 1285 2243; x_wconf 82' lang='lat' dir='ltr'><strong>pugna</strong></span> <span class='ocrx_word' id='word_1_677' title='bbox 1298 2207 1421 2235; x_wconf 80' lang='lat' dir='ltr'><strong>exsistat.</strong></span> <span class='ocrx_word' id='word_1_678' title='bbox 1439 2208 1477 2233; x_wconf 79' lang='lat' dir='ltr'><strong>Ac</strong></span> <span class='ocrx_word' id='word_1_679' title='bbox 1501 2205 1613 2240; x_wconf 88' lang='lat' dir='ltr'><strong>proinde</strong></span> <span class='ocrx_word' id='word_1_680' title='bbox 1624 2211 1657 2231; x_wconf 87' lang='lat' dir='ltr'><strong>ne</strong></span> <span class='ocrx_word' id='word_1_681' title='bbox 1673 2210 1771 2238; x_wconf 81' lang='lat' dir='ltr'><strong>corpus</strong></span> 
     </span>
    </p>
   </div>
   <div class='ocr_carea' id='block_1_83' title="bbox 138 2250 1764 2294">
    <p class='ocr_par' dir='ltr' id='par_1_83' title="bbox 138 2250 1764 2294">
     <span class='ocr_line' id='line_1_83' title="bbox 138 2250 1764 2294; baseline -0.004 -10"><span class='ocrx_word' id='word_1_682' title='bbox 138 2258 244 2292; x_wconf 86' lang='lat' dir='ltr'><strong>quidem</strong></span> <span class='ocrx_word' id='word_1_683' title='bbox 252 2263 304 2291; x_wconf 84' lang='lat' dir='ltr'><strong>est,</strong></span> <span class='ocrx_word' id='word_1_684' title='bbox 315 2266 349 2285; x_wconf 86' lang='lat' dir='ltr'><strong>ne</strong></span> <span class='ocrx_word' id='word_1_685' title='bbox 359 2259 458 2294; x_wconf 89' lang='lat' dir='ltr'><strong>alioqui</strong></span> <span class='ocrx_word' id='word_1_686' title='bbox 467 2259 644 2293; x_wconf 88' lang='lat' dir='ltr'><strong>compositum</strong></span> <span class='ocrx_word' id='word_1_687' title='bbox 655 2259 762 2293; x_wconf 85' lang='lat' dir='ltr'><strong>quidem</strong></span> <span class='ocrx_word' id='word_1_688' title='bbox 772 2267 832 2286; x_wconf 88' lang='lat' dir='ltr'><strong>eum</strong></span> <span class='ocrx_word' id='word_1_689' title='bbox 843 2265 953 2286; x_wconf 84' lang='lat' dir='ltr'><strong>necesse</strong></span> <span class='ocrx_word' id='word_1_690' title='bbox 965 2259 1009 2285; x_wconf 86' lang='lat' dir='ltr'><strong>sit.</strong></span> <span class='ocrx_word' id='word_1_691' title='bbox 1020 2257 1065 2284; x_wconf 82' lang='lat' dir='ltr'><strong>Sic</strong></span> <span class='ocrx_word' id='word_1_692' title='bbox 1074 2259 1106 2284; x_wconf 84' lang='lat' dir='ltr'><strong>ab</strong></span> <span class='ocrx_word' id='word_1_693' title='bbox 1117 2255 1245 2284; x_wconf 80' lang='lat' dir='ltr'><strong>extremis</strong></span> <span class='ocrx_word' id='word_1_694' title='bbox 1254 2255 1286 2282; x_wconf 88' lang='lat' dir='ltr'><strong>ad</strong></span> <span class='ocrx_word' id='word_1_695' title='bbox 1301 2255 1386 2289; x_wconf 86' lang='lat' dir='ltr'><strong>prima</strong></span> <span class='ocrx_word' id='word_1_696' title='bbox 1403 2259 1546 2280; x_wconf 83' lang='lat' dir='ltr'><strong>recurrens</strong></span> <span class='ocrx_word' id='word_1_697' title='bbox 1558 2250 1645 2278; x_wconf 86' lang='lat' dir='ltr'><strong>oratio</strong></span> <span class='ocrx_word' id='word_1_698' title='bbox 1656 2250 1764 2277; x_wconf 87' lang='lat' dir='ltr'><strong>insistit.</strong></span> 
     </span>
    </p>
   </div>
   <div class='ocr_carea' id='block_1_84' title="bbox 172 2296 930 2339">
    <p class='ocr_par' dir='ltr' id='par_1_84' title="bbox 172 2303 926 2339">
     <span class='ocr_line' id='line_1_84' title="bbox 172 2303 926 2339; baseline 0 -9"><span class='ocrx_word' id='word_1_699' title='bbox 172 2303 213 2330; x_wconf 83' lang='lat' dir='ltr'><strong>H’.</strong></span> <span class='ocrx_word' id='word_1_700' title='bbox 234 2304 297 2335; x_wconf 85' lang='grc' dir='ltr'><strong>Πῶς</strong></span> <span class='ocrx_word' id='word_1_701' title='bbox 313 2304 400 2330; x_wconf 80' lang='grc' dir='ltr'>δὲκαὶ</span> <span class='ocrx_word' id='word_1_702' title='bbox 417 2304 567 2339; x_wconf 83' lang='grc' dir='ltr'>σωθήσεται</span> <span class='ocrx_word' id='word_1_703' title='bbox 584 2305 614 2330; x_wconf 81' lang='grc' dir='ltr'>τὸ</span> <span class='ocrx_word' id='word_1_704' title='bbox 633 2304 675 2330; x_wconf 79' lang='grc' dir='ltr'><strong>διὰ</strong></span> <span class='ocrx_word' id='word_1_705' title='bbox 690 2304 798 2330; x_wconf 82' lang='grc' dir='ltr'>πάντων</span> <span class='ocrx_word' id='word_1_706' title='bbox 812 2304 926 2339; x_wconf 82' lang='grc' dir='ltr'>διήκειν.</span> 
     </span>
    </p>
   </div>
   <div class='ocr_carea' id='block_1_85' title="bbox 982 2296 1768 2339">
    <p class='ocr_par' dir='ltr' id='par_1_85' title="bbox 1016 2296 1768 2335">
     <span class='ocr_line' id='line_1_85' title="bbox 1016 2296 1768 2335; baseline -0.012 -4"><span class='ocrx_word' id='word_1_707' title='bbox 1016 2303 1082 2331; x_wconf 82' lang='lat' dir='ltr'>VIII.</span> <span class='ocrx_word' id='word_1_708' title='bbox 1103 2303 1161 2330; x_wconf 72' lang='lat' dir='ltr'><strong>Jam</strong></span> <span class='ocrx_word' id='word_1_709' title='bbox 1178 2309 1242 2329; x_wconf 84' lang='lat' dir='ltr'><strong>vero</strong></span> <span class='ocrx_word' id='word_1_710' title='bbox 1269 2301 1402 2335; x_wconf 86' lang='lat' dir='ltr'><strong>quomodo</strong></span> <span class='ocrx_word' id='word_1_711' title='bbox 1429 2299 1493 2326; x_wconf 90' lang='lat' dir='ltr'><strong>illud</strong></span> <span class='ocrx_word' id='word_1_712' title='bbox 1520 2299 1587 2325; x_wconf 89' lang='lat' dir='ltr'><strong>tueri</strong></span> <span class='ocrx_word' id='word_1_713' title='bbox 1610 2296 1768 2332; x_wconf 80' lang='lat' dir='ltr'><strong>poterimus,</strong></span> 
     </span>
    </p>
   </div>
   <div class='ocr_carea' id='block_1_86' title="bbox 138 2349 925 2385">
    <p class='ocr_par' dir='ltr' id='par_1_86' title="bbox 138 2349 925 2385">
     <span class='ocr_line' id='line_1_86' title="bbox 138 2349 925 2385; baseline -0.001 -9"><span class='ocrx_word' id='word_1_714' title='bbox 138 2350 185 2376; x_wconf 73' lang='grc' dir='ltr'><strong>καὶ</strong></span> <span class='ocrx_word' id='word_1_715' title='bbox 201 2349 321 2385; x_wconf 74' lang='grc' dir='ltr'>πληροῦν</span> <span class='ocrx_word' id='word_1_716' title='bbox 331 2349 366 2376; x_wconf 69' lang='grc' dir='ltr'>τὰ</span> <span class='ocrx_word' id='word_1_717' title='bbox 382 2349 471 2376; x_wconf 80' lang='grc' dir='ltr'>πάντα</span> <span class='ocrx_word' id='word_1_718' title='bbox 485 2350 562 2382; x_wconf 77' lang='grc' dir='ltr'>Θεὸν,</span> <span class='ocrx_word' id='word_1_719' title='bbox 579 2350 648 2376; x_wconf 81' lang='grc' dir='ltr'>κατὰ</span> <span class='ocrx_word' id='word_1_720' title='bbox 661 2350 701 2381; x_wconf 83' lang='grc' dir='ltr'>τὸ,</span> <span class='ocrx_word' id='word_1_721' title='bbox 719 2350 791 2383; x_wconf 79' lang='grc' dir='ltr'><strong>Οὐχὶ</strong></span> <span class='ocrx_word' id='word_1_722' title='bbox 807 2349 859 2376; x_wconf 72' lang='grc' dir='ltr'><strong>τὸν</strong></span> <span class='ocrx_word' id='word_1_723' title='bbox 874 2350 925 2375; x_wconf 81' lang='grc' dir='ltr'><strong>οὺ-</strong></span> 
     </span>
    </p>
   </div>
   <div class='ocr_carea' id='block_1_87' title="bbox 136 2395 924 2430">
    <p class='ocr_par' dir='ltr' id='par_1_87' title="bbox 136 2395 924 2430">
     <span class='ocr_line' id='line_1_87' title="bbox 136 2395 924 2430; baseline -0.001 -8"><span class='ocrx_word' id='word_1_724' title='bbox 136 2396 229 2429; x_wconf 79' lang='grc' dir='ltr'>ρανὸν</span> <span class='ocrx_word' id='word_1_725' title='bbox 240 2396 289 2422; x_wconf 84' lang='grc' dir='ltr'><strong>καὶ</strong></span> <span class='ocrx_word' id='word_1_726' title='bbox 299 2395 355 2430; x_wconf 77' lang='grc' dir='ltr'><strong>τὴν</strong></span> <span class='ocrx_word' id='word_1_727' title='bbox 365 2395 423 2430; x_wconf 83' lang='grc' dir='ltr'><strong>γῆν</strong></span> <span class='ocrx_word' id='word_1_728' title='bbox 433 2395 490 2430; x_wconf 52' lang='grc' dir='ltr'><strong>ἠὼ</strong></span> <span class='ocrx_word' id='word_1_729' title='bbox 506 2395 625 2429; x_wconf 65' lang='grc' dir='ltr'><strong>πλίηρῶ;</strong></span> <span class='ocrx_word' id='word_1_730' title='bbox 640 2395 720 2430; x_wconf 79' lang='grc' dir='ltr'>λέγει</span> <span class='ocrx_word' id='word_1_731' title='bbox 732 2397 849 2429; x_wconf 58' lang='grc' dir='ltr'>Κύριος</span> <span class='ocrx_word' id='word_1_732' title='bbox 867 2395 924 2426; x_wconf 72' lang='grc' dir='ltr'>καὶ,</span> 
     </span>
    </p>
   </div>
   <div class='ocr_carea' id='block_1_88' title="bbox 137 2441 926 2477">
    <p class='ocr_par' dir='ltr' id='par_1_88' title="bbox 137 2441 926 2477">
     <span class='ocr_line' id='line_1_88' title="bbox 137 2441 926 2477; baseline -0.003 -8"><span class='ocrx_word' id='word_1_733' title='bbox 137 2442 258 2477; x_wconf 79' lang='grc' dir='ltr'>Πνεῦμα</span> <span class='ocrx_word' id='word_1_734' title='bbox 274 2443 382 2476; x_wconf 75' lang='grc' dir='ltr'>Κυρίου</span> <span class='ocrx_word' id='word_1_735' title='bbox 394 2442 572 2476; x_wconf 79' lang='grc' dir='ltr'>πεπλήρωκε</span> <span class='ocrx_word' id='word_1_736' title='bbox 588 2441 645 2476; x_wconf 77' lang='grc' dir='ltr'><strong>τὴν</strong></span> <span class='ocrx_word' id='word_1_737' title='bbox 656 2441 846 2476; x_wconf 73' lang='grc' dir='ltr'>οἰκουμένην,</span> <span class='ocrx_word' id='word_1_738' title='bbox 859 2442 883 2467; x_wconf 82' lang='grc' dir='ltr'>εἰ</span> <span class='ocrx_word' id='word_1_739' title='bbox 897 2441 926 2467; x_wconf 84' lang='grc' dir='ltr'><strong>τὺ</strong></span> 
     </span>
    </p>
   </div>
   <div class='ocr_carea' id='block_1_89' title="bbox 139 2487 925 2524">
    <p class='ocr_par' dir='ltr' id='par_1_89' title="bbox 139 2487 925 2524">
     <span class='ocr_line' id='line_1_89' title="bbox 139 2487 925 2524; baseline -0.001 -9"><span class='ocrx_word' id='word_1_740' title='bbox 139 2488 187 2523; x_wconf 80' lang='grc' dir='ltr'>μὲν</span> <span class='ocrx_word' id='word_1_741' title='bbox 204 2489 368 2524; x_wconf 82' lang='grc' dir='ltr'>περιγράφοι</span> <span class='ocrx_word' id='word_1_742' title='bbox 382 2489 449 2524; x_wconf 73' lang='grc'><strong>(20),</strong></span> <span class='ocrx_word' id='word_1_743' title='bbox 466 2489 496 2515; x_wconf 81' lang='grc' dir='ltr'>τὸ</span> <span class='ocrx_word' id='word_1_744' title='bbox 520 2489 548 2515; x_wconf 74' lang='grc' dir='ltr'><strong>δὲ</strong></span> <span class='ocrx_word' id='word_1_745' title='bbox 573 2489 786 2524; x_wconf 78' lang='grc' dir='ltr'>περιγράφοιτο;</span> <span class='ocrx_word' id='word_1_746' title='bbox 812 2488 847 2514; x_wconf 91' lang='lat' dir='ltr'><strong>&quot;ll</strong></span> <span class='ocrx_word' id='word_1_747' title='bbox 871 2487 925 2522; x_wconf 83' lang='grc' dir='ltr'><strong>γὰρ</strong></span> 
     </span>
    </p>
   </div>
   <div class='ocr_carea' id='block_1_90' title="bbox 137 2533 926 2570">
    <p class='ocr_par' dir='ltr' id='par_1_90' title="bbox 137 2533 926 2570">
     <span class='ocr_line' id='line_1_90' title="bbox 137 2533 926 2570; baseline -0.001 -10"><span class='ocrx_word' id='word_1_748' title='bbox 137 2533 181 2560; x_wconf 79' lang='grc' dir='ltr'><strong>διὰ</strong></span> <span class='ocrx_word' id='word_1_749' title='bbox 195 2535 274 2561; x_wconf 81' lang='grc' dir='ltr'>κενοῦ</span> <span class='ocrx_word' id='word_1_750' title='bbox 290 2535 410 2570; x_wconf 78' lang='grc' dir='ltr'>χωρήσει</span> <span class='ocrx_word' id='word_1_751' title='bbox 424 2535 469 2561; x_wconf 74' lang='grc' dir='ltr'>τοῦ</span> <span class='ocrx_word' id='word_1_752' title='bbox 479 2535 588 2568; x_wconf 77' lang='grc' dir='ltr'>παντὸς,</span> <span class='ocrx_word' id='word_1_753' title='bbox 604 2535 651 2561; x_wconf 68' lang='grc' dir='ltr'><strong>καὶ</strong></span> <span class='ocrx_word' id='word_1_754' title='bbox 664 2534 698 2561; x_wconf 71' lang='grc' dir='ltr'><strong>τὰ</strong></span> <span class='ocrx_word' id='word_1_755' title='bbox 716 2535 805 2561; x_wconf 81' lang='grc' dir='ltr'>πάντα</span> <span class='ocrx_word' id='word_1_756' title='bbox 817 2533 926 2569; x_wconf 82' lang='grc' dir='ltr'>οἰχήσε-</span> 
     </span>
    </p>
   </div>
   <div class='ocr_carea' id='block_1_91' title="bbox 171 2611 764 2644">
    <p class='ocr_par' dir='ltr' id='par_1_91' title="bbox 171 2611 764 2644">
     <span class='ocr_line' id='line_1_91' title="bbox 171 2611 764 2644; baseline 0 -6"><span class='ocrx_word' id='word_1_757' title='bbox 171 2612 194 2628; x_wconf 70' lang='grc'><strong>⁸⁶</strong></span> <span class='ocrx_word' id='word_1_758' title='bbox 217 2611 262 2639; x_wconf 85' lang='lat' dir='ltr'><strong>Ps.</strong></span> <span class='ocrx_word' id='word_1_759' title='bbox 291 2618 386 2644; x_wconf 81' lang='lat' dir='ltr'><strong>cxvut,</strong></span> <span class='ocrx_word' id='word_1_760' title='bbox 408 2612 468 2640; x_wconf 77' lang='lat' dir='ltr'><strong>I51.</strong></span> <span class='ocrx_word' id='word_1_761' title='bbox 507 2612 530 2628; x_wconf 75' lang='lat'><strong>&quot;7</strong></span> <span class='ocrx_word' id='word_1_762' title='bbox 551 2612 559 2639; x_wconf 98' lang='lat' dir='ltr'><strong>l</strong></span> <span class='ocrx_word' id='word_1_763' title='bbox 586 2611 649 2639; x_wconf 80' lang='lat' dir='ltr'><strong>Cor.</strong></span> <span class='ocrx_word' id='word_1_764' title='bbox 673 2619 703 2643; x_wconf 88' lang='grc' dir='ltr'><strong>ιι,</strong></span> <span class='ocrx_word' id='word_1_765' title='bbox 720 2611 764 2639; x_wconf 77' lang='grc'><strong>10.</strong></span> 
     </span>
    </p>
   </div>
   <div class='ocr_carea' id='block_1_92' title="bbox 170 2667 922 2702">
    <p class='ocr_par' dir='ltr' id='par_1_92' title="bbox 170 2667 922 2702">
     <span class='ocr_line' id='line_1_92' title="bbox 170 2667 922 2702; baseline 0.001 -7"><span class='ocrx_word' id='word_1_766' title='bbox 170 2667 342 2702; x_wconf 78' lang='grc' dir='ltr'><strong>(15)Λότος.</strong></span> <span class='ocrx_word' id='word_1_767' title='bbox 357 2668 406 2696; x_wconf 86' lang='lat' dir='ltr'><strong>llic</strong></span> <span class='ocrx_word' id='word_1_768' title='bbox 422 2669 494 2696; x_wconf 83' lang='lat' dir='ltr'><strong>Elias</strong></span> <span class='ocrx_word' id='word_1_769' title='bbox 507 2677 517 2695; x_wconf 85' lang='grc'><strong>‹</strong></span> <span class='ocrx_word' id='word_1_770' title='bbox 537 2669 681 2701; x_wconf 87' lang='lat' dir='ltr'><strong>rationem,</strong></span> <span class='ocrx_word' id='word_1_771' title='bbox 698 2677 707 2694; x_wconf 81' lang='grc' dir='ltr'><strong>ι</strong></span> <span class='ocrx_word' id='word_1_772' title='bbox 720 2676 772 2695; x_wconf 92' lang='lat' dir='ltr'><strong>non</strong></span> <span class='ocrx_word' id='word_1_773' title='bbox 790 2677 799 2694; x_wconf 75' lang='grc' dir='ltr'><strong>ι</strong></span> <span class='ocrx_word' id='word_1_774' title='bbox 815 2676 922 2696; x_wconf 87' lang='lat' dir='ltr'><strong>sermo-</strong></span> 
     </span>
    </p>
   </div>
   <div class='ocr_carea' id='block_1_93' title="bbox 138 2704 379 2736">
    <p class='ocr_par' dir='ltr' id='par_1_93' title="bbox 138 2704 379 2736">
     <span class='ocr_line' id='line_1_93' title="bbox 138 2704 379 2736; baseline 0.004 -7"><span class='ocrx_word' id='word_1_775' title='bbox 138 2711 196 2730; x_wconf 87' lang='lat' dir='ltr'><strong>nem</strong></span> <span class='ocrx_word' id='word_1_776' title='bbox 217 2713 226 2729; x_wconf 78' lang='grc' dir='ltr'><strong>ι</strong></span> <span class='ocrx_word' id='word_1_777' title='bbox 245 2704 379 2736; x_wconf 80' lang='lat' dir='ltr'><strong>intelligit.</strong></span> 
     </span>
    </p>
   </div>
   <div class='ocr_carea' id='block_1_94' title="bbox 172 2738 560 2772">
    <p class='ocr_par' dir='ltr' id='par_1_94' title="bbox 172 2738 560 2772">
     <span class='ocr_line' id='line_1_94' title="bbox 172 2738 560 2772; baseline 0.003 -8"><span class='ocrx_word' id='word_1_778' title='bbox 172 2738 228 2772; x_wconf 62' lang='lat' dir='ltr'><strong>(IL)</strong></span> <span class='ocrx_word' id='word_1_779' title='bbox 240 2738 413 2765; x_wconf 75' lang='lat' dir='ltr'><strong>Iloté.l)eest</strong></span> <span class='ocrx_word' id='word_1_780' title='bbox 427 2739 452 2765; x_wconf 92' lang='lat' dir='ltr'><strong>in</strong></span> <span class='ocrx_word' id='word_1_781' title='bbox 467 2738 514 2767; x_wconf 88' lang='lat' dir='ltr'><strong>0r.</strong></span> <span class='ocrx_word' id='word_1_782' title='bbox 534 2739 560 2765; x_wconf 82' lang='lat' dir='ltr'><strong>I.</strong></span> 
     </span>
    </p>
   </div>
   <div class='ocr_carea' id='block_1_95' title="bbox 172 2773 920 2812">
    <p class='ocr_par' dir='ltr' id='par_1_95' title="bbox 172 2773 920 2812">
     <span class='ocr_line' id='line_1_95' title="bbox 172 2773 920 2812; baseline -0.001 -12"><span class='ocrx_word' id='word_1_783' title='bbox 172 2773 227 2812; x_wconf 77' lang='lat' dir='ltr'>(I5)</span> <span class='ocrx_word' id='word_1_784' title='bbox 241 2774 357 2812; x_wconf 51' lang='grc' dir='ltr'><strong>ξρλᾳις.</strong></span> <span class='ocrx_word' id='word_1_785' title='bbox 371 2774 453 2812; x_wconf 65' lang='lat' dir='ltr'><strong>Coisl.</strong></span> <span class='ocrx_word' id='word_1_786' title='bbox 494 2778 524 2812; x_wconf 78' lang='lat' dir='ltr'><strong>et_</strong></span> <span class='ocrx_word' id='word_1_787' title='bbox 537 2773 584 2812; x_wconf 84' lang='lat' dir='ltr'><strong>0r.</strong></span> <span class='ocrx_word' id='word_1_788' title='bbox 599 2774 638 2812; x_wconf 75' lang='lat' dir='ltr'><strong>i._</strong></span> <span class='ocrx_word' id='word_1_789' title='bbox 648 2773 726 2806; x_wconf 81' lang='grc' dir='ltr'>ὅλως,</span> <span class='ocrx_word' id='word_1_790' title='bbox 743 2782 752 2799; x_wconf 72' lang='grc' dir='ltr'><strong>ι</strong></span> <span class='ocrx_word' id='word_1_791' title='bbox 776 2773 920 2812; x_wconf 38' lang='lat' dir='ltr'><strong>omnino.)</strong></span> 
     </span>
    </p>
   </div>
   <div class='ocr_carea' id='block_1_96' title="bbox 172 2808 911 2844">
    <p class='ocr_par' dir='ltr' id='par_1_96' title="bbox 172 2808 911 2844">
     <span class='ocr_line' id='line_1_96' title="bbox 172 2808 911 2844; baseline 0.004 -11"><span class='ocrx_word' id='word_1_792' title='bbox 172 2809 226 2844; x_wconf 72' lang='lat' dir='ltr'><strong>(Io)</strong></span> <span class='ocrx_word' id='word_1_793' title='bbox 245 2808 388 2844; x_wconf 59' lang='grc' dir='ltr'><strong>Ὲίγαόδοις.</strong></span> <span class='ocrx_word' id='word_1_794' title='bbox 404 2809 486 2837; x_wconf 76' lang='lat' dir='ltr'><strong>Coisl.</strong></span> <span class='ocrx_word' id='word_1_795' title='bbox 514 2809 539 2840; x_wconf 82' lang='lat' dir='ltr'><strong>I,</strong></span> <span class='ocrx_word' id='word_1_796' title='bbox 555 2810 663 2844; x_wconf 78' lang='grc' dir='ltr'>ὁρμαῖς.</span> <span class='ocrx_word' id='word_1_797' title='bbox 883 2808 889 2812; x_wconf 55' lang='grc'><em>’⁴</em></span> <span class='ocrx_word' id='word_1_798' title='bbox 901 2808 911 2811; x_wconf 51' lang='grc'><strong>⁷’</strong></span> 
     </span>
    </p>
   </div>
   <div class='ocr_carea' id='block_1_97' title="bbox 172 2843 810 2878">
    <p class='ocr_par' dir='ltr' id='par_1_97' title="bbox 172 2843 810 2878">
     <span class='ocr_line' id='line_1_97' title="bbox 172 2843 810 2878; baseline 0.002 -10"><span class='ocrx_word' id='word_1_799' title='bbox 172 2843 226 2876; x_wconf 81' lang='lat' dir='ltr'><strong>(l&#39;i)</strong></span> <span class='ocrx_word' id='word_1_800' title='bbox 243 2843 488 2876; x_wconf 59' lang='grc' dir='ltr'>Ιὶασανιζίῆιιενος.</span> <span class='ocrx_word' id='word_1_801' title='bbox 504 2843 584 2871; x_wconf 72' lang='grc' dir='ltr'><strong>(ἷοιδῐ.</strong></span> <span class='ocrx_word' id='word_1_802' title='bbox 600 2845 628 2871; x_wconf 71' lang='grc'><strong>2.</strong></span> <span class='ocrx_word' id='word_1_803' title='bbox 643 2843 810 2878; x_wconf 52' lang='lat' dir='ltr'><strong>gitti/4910;.</strong></span> 
     </span>
    </p>
   </div>
   <div class='ocr_carea' id='block_1_98' title="bbox 173 2877 920 2914">
    <p class='ocr_par' dir='ltr' id='par_1_98' title="bbox 173 2877 920 2914">
     <span class='ocr_line' id='line_1_98' title="bbox 173 2877 920 2914; baseline 0.003 -10"><span class='ocrx_word' id='word_1_804' title='bbox 173 2878 227 2912; x_wconf 88' lang='lat' dir='ltr'><strong>(l8)</strong></span> <span class='ocrx_word' id='word_1_805' title='bbox 243 2880 276 2906; x_wconf 79' lang='grc' dir='ltr'><strong><em>Ἦ</em></strong></span> <span class='ocrx_word' id='word_1_806' title='bbox 293 2878 346 2912; x_wconf 78' lang='grc' dir='ltr'>τῆς</span> <span class='ocrx_word' id='word_1_807' title='bbox 359 2878 500 2912; x_wconf 71' lang='grc' dir='ltr'>ἐξουσίας</span> <span class='ocrx_word' id='word_1_808' title='bbox 510 2880 542 2906; x_wconf 71' lang='lat'><strong>1..</strong></span> <span class='ocrx_word' id='word_1_809' title='bbox 558 2878 580 2905; x_wconf 85' lang='grc' dir='ltr'>ὦ</span> <span class='ocrx_word' id='word_1_810' title='bbox 594 2877 647 2914; x_wconf 61' lang='grc' dir='ltr'><strong>τῆξ</strong></span> <span class='ocrx_word' id='word_1_811' title='bbox 662 2887 834 2914; x_wconf 73' lang='grc' dir='ltr'>παχυτητος</span> <span class='ocrx_word' id='word_1_812' title='bbox 846 2879 854 2905; x_wconf 90' lang='lat'><strong>.&#39;</strong></span> <span class='ocrx_word' id='word_1_813' title='bbox 875 2877 920 2907; x_wconf 76' lang='lat' dir='ltr'><strong>Sic</strong></span> 
     </span>
    </p>
   </div>
   <div class='ocr_carea' id='block_1_99' title="bbox 803 2609 1051 2642">
    <p class='ocr_par' dir='ltr' id='par_1_99' title="bbox 803 2609 1051 2642">
     <span class='ocr_line' id='line_1_99' title="bbox 803 2609 1051 2642; baseline -0.004 -4"><span class='ocrx_word' id='word_1_814' title='bbox 803 2611 825 2627; x_wconf 72' lang='grc'>⁸⁸</span> <span class='ocrx_word' id='word_1_815' title='bbox 838 2609 895 2638; x_wconf 84' lang='lat' dir='ltr'><strong>Jer.</strong></span> <span class='ocrx_word' id='word_1_816' title='bbox 913 2618 990 2642; x_wconf 77' lang='grc' dir='ltr'>ιιιιιιι,</span> <span class='ocrx_word' id='word_1_817' title='bbox 1004 2610 1051 2637; x_wconf 69' lang='grc'><strong>24.</strong></span> 
     </span>
    </p>
   </div>
   <div class='ocr_carea' id='block_1_100' title="bbox 979 2346 1770 2385">
    <p class='ocr_par' dir='ltr' id='par_1_100' title="bbox 979 2346 1770 2385">
     <span class='ocr_line' id='line_1_100' title="bbox 979 2346 1770 2385; baseline -0.009 -8"><span class='ocrx_word' id='word_1_818' title='bbox 979 2352 1049 2385; x_wconf 87' lang='lat' dir='ltr'><strong>quod</strong></span> <span class='ocrx_word' id='word_1_819' title='bbox 1067 2350 1104 2376; x_wconf 91' lang='lat' dir='ltr'><strong>ait</strong></span> <span class='ocrx_word' id='word_1_820' title='bbox 1130 2349 1268 2384; x_wconf 80' lang='lat' dir='ltr'><strong>Scriptura</strong></span> <span class='ocrx_word' id='word_1_821' title='bbox 1281 2368 1288 2379; x_wconf 89' lang='lat'><strong>,</strong></span> <span class='ocrx_word' id='word_1_822' title='bbox 1310 2348 1392 2374; x_wconf 75' lang='lat' dir='ltr'><strong>Deum</strong></span> <span class='ocrx_word' id='word_1_823' title='bbox 1418 2346 1507 2373; x_wconf 84' lang='lat' dir='ltr'><strong>omnia</strong></span> <span class='ocrx_word' id='word_1_824' title='bbox 1524 2346 1672 2380; x_wconf 87' lang='lat' dir='ltr'><strong>pervadere</strong></span> <span class='ocrx_word' id='word_1_825' title='bbox 1690 2349 1770 2378; x_wconf 84' lang='lat' dir='ltr'><strong>atque</strong></span> 
     </span>
    </p>
   </div>
   <div class='ocr_carea' id='block_1_101' title="bbox 980 2391 1768 2430">
    <p class='ocr_par' dir='ltr' id='par_1_101' title="bbox 980 2391 1768 2430">
     <span class='ocr_line' id='line_1_101' title="bbox 980 2391 1768 2430; baseline -0.009 -8"><span class='ocrx_word' id='word_1_826' title='bbox 980 2396 1110 2430; x_wconf 86' lang='lat' dir='ltr'><strong>implere,</strong></span> <span class='ocrx_word' id='word_1_827' title='bbox 1124 2395 1200 2429; x_wconf 85' lang='lat' dir='ltr'><strong>juxta</strong></span> <span class='ocrx_word' id='word_1_828' title='bbox 1222 2394 1285 2421; x_wconf 81' lang='lat' dir='ltr'><strong>illud</strong></span> <span class='ocrx_word' id='word_1_829' title='bbox 1300 2402 1306 2420; x_wconf 90' lang='lat'><strong>:</strong></span> <span class='ocrx_word' id='word_1_830' title='bbox 1324 2393 1419 2419; x_wconf 83' lang='lat' dir='ltr'><strong>Nonne</strong></span> <span class='ocrx_word' id='word_1_831' title='bbox 1435 2391 1526 2418; x_wconf 72' lang='lat' dir='ltr'><strong>mlum</strong></span> <span class='ocrx_word' id='word_1_832' title='bbox 1548 2397 1573 2418; x_wconf 81' lang='lat' dir='ltr'><strong>et</strong></span> <span class='ocrx_word' id='word_1_833' title='bbox 1599 2396 1695 2416; x_wconf 75' lang='lat' dir='ltr'><strong>terram</strong></span> <span class='ocrx_word' id='word_1_834' title='bbox 1721 2397 1768 2423; x_wconf 76' lang='lat' dir='ltr'><strong>ego</strong></span> 
     </span>
    </p>
   </div>
   <div class='ocr_carea' id='block_1_102' title="bbox 980 2434 1768 2474">
    <p class='ocr_par' dir='ltr' id='par_1_102' title="bbox 980 2434 1768 2474">
     <span class='ocr_line' id='line_1_102' title="bbox 980 2434 1768 2474; baseline -0.009 -8"><span class='ocrx_word' id='word_1_835' title='bbox 980 2441 1095 2474; x_wconf 82' lang='lat' dir='ltr'><strong>impleo?</strong></span> <span class='ocrx_word' id='word_1_836' title='bbox 1109 2440 1173 2466; x_wconf 81' lang='lat' dir='ltr'><strong>dicit</strong></span> <span class='ocrx_word' id='word_1_837' title='bbox 1200 2439 1328 2465; x_wconf 78' lang='lat' dir='ltr'><strong>Dominus</strong></span> <span class='ocrx_word' id='word_1_838' title='bbox 1344 2438 1386 2469; x_wconf 67' lang='lat' dir='ltr'><strong>ui;</strong></span> <span class='ocrx_word' id='word_1_839' title='bbox 1403 2442 1440 2468; x_wconf 83' lang='lat' dir='ltr'><strong>et,</strong></span> <span class='ocrx_word' id='word_1_840' title='bbox 1467 2436 1582 2469; x_wconf 72' lang='lat' dir='ltr'><strong>Spiritus</strong></span> <span class='ocrx_word' id='word_1_841' title='bbox 1603 2434 1709 2461; x_wconf 83' lang='lat' dir='ltr'><strong>Domini</strong></span> <span class='ocrx_word' id='word_1_842' title='bbox 1725 2442 1768 2460; x_wconf 81' lang='lat' dir='ltr'><strong>re-</strong></span> 
     </span>
    </p>
   </div>
   <div class='ocr_carea' id='block_1_103' title="bbox 979 2480 1768 2521">
    <p class='ocr_par' dir='ltr' id='par_1_103' title="bbox 979 2480 1768 2521">
     <span class='ocr_line' id='line_1_103' title="bbox 979 2480 1768 2521; baseline -0.009 -9"><span class='ocrx_word' id='word_1_843' title='bbox 979 2488 1054 2521; x_wconf 79' lang='lat' dir='ltr'><strong>plevit</strong></span> <span class='ocrx_word' id='word_1_844' title='bbox 1075 2486 1162 2513; x_wconf 81' lang='lat' dir='ltr'><strong>orbem</strong></span> <span class='ocrx_word' id='word_1_845' title='bbox 1184 2491 1313 2512; x_wconf 81' lang='lat' dir='ltr'><strong>terrarum</strong></span> <span class='ocrx_word' id='word_1_846' title='bbox 1329 2484 1414 2521; x_wconf 19' lang='lat' dir='ltr'><strong>“,Vsi</strong></span> <span class='ocrx_word' id='word_1_847' title='bbox 1437 2483 1506 2510; x_wconf 85' lang='lat' dir='ltr'><strong>Deus</strong></span> <span class='ocrx_word' id='word_1_848' title='bbox 1533 2482 1630 2517; x_wconf 82' lang='lat' dir='ltr'><strong>partim</strong></span> <span class='ocrx_word' id='word_1_849' title='bbox 1650 2480 1768 2507; x_wconf 89' lang='lat' dir='ltr'><strong>circum-</strong></span> 
     </span>
    </p>
   </div>
   <div class='ocr_carea' id='block_1_104' title="bbox 979 2520 1768 2566">
    <p class='ocr_par' dir='ltr' id='par_1_104' title="bbox 979 2520 1768 2566">
     <span class='ocr_line' id='line_1_104' title="bbox 979 2520 1768 2566; baseline -0.01 -6"><span class='ocrx_word' id='word_1_850' title='bbox 979 2533 1090 2566; x_wconf 85' lang='lat' dir='ltr'><strong>scribat,</strong></span> <span class='ocrx_word' id='word_1_851' title='bbox 1114 2531 1211 2566; x_wconf 90' lang='lat' dir='ltr'><strong>partim</strong></span> <span class='ocrx_word' id='word_1_852' title='bbox 1228 2520 1483 2558; x_wconf 80' lang='lat' dir='ltr'><strong>circumscribatur?</strong></span> <span class='ocrx_word' id='word_1_853' title='bbox 1496 2528 1549 2555; x_wconf 86' lang='lat' dir='ltr'><strong>Aut</strong></span> <span class='ocrx_word' id='word_1_854' title='bbox 1563 2527 1634 2554; x_wconf 78' lang='lat' dir='ltr'><strong>eniin</strong></span> <span class='ocrx_word' id='word_1_855' title='bbox 1654 2533 1702 2562; x_wconf 84' lang='lat' dir='ltr'><strong>per</strong></span> <span class='ocrx_word' id='word_1_856' title='bbox 1719 2533 1768 2552; x_wconf 84' lang='lat' dir='ltr'><strong>va-</strong></span> 
     </span>
    </p>
   </div>
   <div class='ocr_carea' id='block_1_105' title="bbox 1089 2609 1268 2644">
    <p class='ocr_par' dir='ltr' id='par_1_105' title="bbox 1089 2609 1268 2644">
     <span class='ocr_line' id='line_1_105' title="bbox 1089 2609 1268 2644; baseline -0.011 -8"><span class='ocrx_word' id='word_1_857' title='bbox 1089 2609 1111 2626; x_wconf 72' lang='lat'><strong>‘9</strong></span> <span class='ocrx_word' id='word_1_858' title='bbox 1127 2609 1190 2644; x_wconf 91' lang='lat' dir='ltr'><strong>Sap.</strong></span> <span class='ocrx_word' id='word_1_859' title='bbox 1208 2616 1227 2636; x_wconf 90' lang='lat' dir='ltr'><strong>l.</strong></span> <span class='ocrx_word' id='word_1_860' title='bbox 1241 2609 1268 2635; x_wconf 89' lang='lat'><strong>&#39;7.</strong></span> 
     </span>
    </p>
   </div>
   <div class='ocr_carea' id='block_1_106' title="bbox 972 2665 1321 2700">
    <p class='ocr_par' dir='ltr' id='par_1_106' title="bbox 972 2665 1321 2700">
     <span class='ocr_line' id='line_1_106' title="bbox 972 2665 1321 2700; baseline -0.011 -5"><span class='ocrx_word' id='word_1_861' title='bbox 972 2667 1055 2695; x_wconf 89' lang='lat' dir='ltr'><strong>Coisl.</strong></span> <span class='ocrx_word' id='word_1_862' title='bbox 1076 2667 1101 2694; x_wconf 88' lang='lat' dir='ltr'><strong>I.</strong></span> <span class='ocrx_word' id='word_1_863' title='bbox 1117 2667 1194 2700; x_wconf 77' lang='lat' dir='ltr'><strong>Deest</strong></span> <span class='ocrx_word' id='word_1_864' title='bbox 1205 2665 1227 2692; x_wconf 83' lang='grc' dir='ltr'>ὥ</span> <span class='ocrx_word' id='word_1_865' title='bbox 1239 2666 1263 2692; x_wconf 90' lang='lat' dir='ltr'><strong>in</strong></span> <span class='ocrx_word' id='word_1_866' title='bbox 1279 2666 1321 2692; x_wconf 85' lang='lat' dir='ltr'><strong>ed.</strong></span> 
     </span>
    </p>
   </div>
   <div class='ocr_carea' id='block_1_107' title="bbox 1010 2699 1484 2737">
    <p class='ocr_par' dir='ltr' id='par_1_107' title="bbox 1010 2699 1484 2737">
     <span class='ocr_line' id='line_1_107' title="bbox 1010 2699 1484 2737; baseline -0.006 -8"><span class='ocrx_word' id='word_1_867' title='bbox 1010 2703 1065 2737; x_wconf 77' lang='grc'><strong>(19)</strong></span> <span class='ocrx_word' id='word_1_868' title='bbox 1084 2702 1150 2735; x_wconf 85' lang='grc' dir='ltr'><strong>Πῶς</strong></span> <span class='ocrx_word' id='word_1_869' title='bbox 1167 2701 1220 2736; x_wconf 66' lang='grc' dir='ltr'>γὰρ</span> <span class='ocrx_word' id='word_1_870' title='bbox 1235 2702 1358 2732; x_wconf 72' lang='grc' dir='ltr'>σεπτόν,</span> <span class='ocrx_word' id='word_1_871' title='bbox 1370 2705 1422 2727; x_wconf 89' lang='lat' dir='ltr'><strong>etc.</strong></span> <span class='ocrx_word' id='word_1_872' title='bbox 1438 2709 1447 2726; x_wconf 86' lang='grc'><strong><em>‹</em></strong></span> <span class='ocrx_word' id='word_1_873' title='bbox 1462 2699 1484 2737; x_wconf 84' lang='lat' dir='ltr'><strong>Q</strong></span> 
     </span>
    </p>
   </div>
   <div class='ocr_carea' id='block_1_108' title="bbox 975 2735 1766 2770">
    <p class='ocr_par' dir='ltr' id='par_1_108' title="bbox 975 2735 1766 2770">
     <span class='ocr_line' id='line_1_108' title="bbox 975 2735 1766 2770; baseline -0.006 -6"><span class='ocrx_word' id='word_1_874' title='bbox 975 2735 1107 2768; x_wconf 82' lang='lat' dir='ltr'><strong>colamus.</strong></span> <span class='ocrx_word' id='word_1_875' title='bbox 1124 2738 1146 2764; x_wconf 89' lang='lat' dir='ltr'><strong>si</strong></span> <span class='ocrx_word' id='word_1_876' title='bbox 1162 2735 1347 2764; x_wconf 85' lang='lat' dir='ltr'><strong>circumscribi</strong></span> <span class='ocrx_word' id='word_1_877' title='bbox 1370 2736 1473 2770; x_wconf 85' lang='lat' dir='ltr'><strong>potest?</strong></span> <span class='ocrx_word' id='word_1_878' title='bbox 1488 2735 1541 2762; x_wconf 81' lang='lat' dir='ltr'><strong>Aut</strong></span> <span class='ocrx_word' id='word_1_879' title='bbox 1554 2735 1687 2769; x_wconf 87' lang='lat' dir='ltr'><strong>quomodo</strong></span> <span class='ocrx_word' id='word_1_880' title='bbox 1701 2742 1766 2761; x_wconf 84' lang='lat' dir='ltr'><strong>con-</strong></span> 
     </span>
    </p>
   </div>
   <div class='ocr_carea' id='block_1_109' title="bbox 974 2769 1765 2803">
    <p class='ocr_par' dir='ltr' id='par_1_109' title="bbox 974 2769 1765 2803">
     <span class='ocr_line' id='line_1_109' title="bbox 974 2769 1765 2803; baseline -0.005 -3"><span class='ocrx_word' id='word_1_881' title='bbox 974 2774 1069 2800; x_wconf 86' lang='lat' dir='ltr'><strong>cedere</strong></span> <span class='ocrx_word' id='word_1_882' title='bbox 1087 2771 1308 2803; x_wconf 85' lang='lat' dir='ltr'><strong>detrectabimus,</strong></span> <span class='ocrx_word' id='word_1_883' title='bbox 1326 2769 1387 2798; x_wconf 86' lang='lat' dir='ltr'><strong>eum</strong></span> <span class='ocrx_word' id='word_1_884' title='bbox 1407 2780 1440 2798; x_wconf 81' lang='lat' dir='ltr'><strong>ex</strong></span> <span class='ocrx_word' id='word_1_885' title='bbox 1458 2771 1596 2798; x_wconf 84' lang='lat' dir='ltr'><strong>elementis</strong></span> <span class='ocrx_word' id='word_1_886' title='bbox 1618 2769 1765 2797; x_wconf 83' lang='lat' dir='ltr'><strong>conﬂatum</strong></span> 
     </span>
    </p>
   </div>
   <div class='ocr_carea' id='block_1_110' title="bbox 975 2805 1764 2841">
    <p class='ocr_par' dir='ltr' id='par_1_110' title="bbox 975 2805 1764 2841">
     <span class='ocr_line' id='line_1_110' title="bbox 975 2805 1764 2841; baseline -0.004 -6"><span class='ocrx_word' id='word_1_887' title='bbox 975 2816 1044 2840; x_wconf 77' lang='lat' dir='ltr'><strong>esse,</strong></span> <span class='ocrx_word' id='word_1_888' title='bbox 1062 2812 1142 2841; x_wconf 91' lang='lat' dir='ltr'><strong>atque</strong></span> <span class='ocrx_word' id='word_1_889' title='bbox 1162 2807 1187 2832; x_wconf 94' lang='lat' dir='ltr'><strong>in</strong></span> <span class='ocrx_word' id='word_1_890' title='bbox 1208 2807 1302 2833; x_wconf 85' lang='lat' dir='ltr'><strong>eadem</strong></span> <span class='ocrx_word' id='word_1_891' title='bbox 1319 2807 1407 2834; x_wconf 87' lang='lat' dir='ltr'><strong>denuo</strong></span> <span class='ocrx_word' id='word_1_892' title='bbox 1430 2806 1616 2841; x_wconf 77' lang='lat' dir='ltr'><strong>redigendum,</strong></span> <span class='ocrx_word' id='word_1_893' title='bbox 1648 2805 1764 2840; x_wconf 86' lang='lat' dir='ltr'><strong>denique</strong></span> 
     </span>
    </p>
   </div>
   <div class='ocr_carea' id='block_1_111' title="bbox 974 2842 1317 2878">
    <p class='ocr_par' dir='ltr' id='par_1_111' title="bbox 974 2842 1317 2878">
     <span class='ocr_line' id='line_1_111' title="bbox 974 2842 1317 2878; baseline -0.006 -9"><span class='ocrx_word' id='word_1_894' title='bbox 974 2850 1084 2878; x_wconf 64' lang='lat' dir='ltr'><strong>prorsus</strong></span> <span class='ocrx_word' id='word_1_895' title='bbox 1101 2842 1270 2878; x_wconf 77' lang='lat' dir='ltr'><strong>interiturum</strong></span> <span class='ocrx_word' id='word_1_896' title='bbox 1283 2860 1290 2878; x_wconf 18' lang='grc' dir='ltr'>νγ</span> <span class='ocrx_word' id='word_1_897' title='bbox 1308 2852 1317 2867; x_wconf 73' lang='grc' dir='ltr'><strong>ι</strong></span> 
     </span>
    </p>
   </div>
   <div class='ocr_carea' id='block_1_112' title="bbox 1009 2877 1581 2913">
    <p class='ocr_par' dir='ltr' id='par_1_112' title="bbox 1009 2877 1581 2913">
     <span class='ocr_line' id='line_1_112' title="bbox 1009 2877 1581 2913; baseline -0.002 -9"><span class='ocrx_word' id='word_1_898' title='bbox 1009 2877 1262 2912; x_wconf 61' lang='lat' dir='ltr'><strong>(‘20)[Ie1)lwci;0t.</strong></span> <span class='ocrx_word' id='word_1_899' title='bbox 1283 2877 1349 2913; x_wconf 77' lang='lat' dir='ltr'><strong>lieg.</strong></span> <span class='ocrx_word' id='word_1_900' title='bbox 1367 2885 1392 2911; x_wconf 75' lang='lat' dir='ltr'><strong>tt,</strong></span> <span class='ocrx_word' id='word_1_901' title='bbox 1406 2881 1581 2913; x_wconf 72' lang='grc' dir='ltr'>περιγράφει.</span> 
     </span>
    </p>
   </div>
   <div class='ocr_carea' id='block_1_113' title="bbox 1487 2700 1766 2727">
    <p class='ocr_par' dir='ltr' id='par_1_113' title="bbox 1487 2700 1766 2727">
     <span class='ocr_line' id='line_1_113' title="bbox 1487 2700 1766 2727; baseline 0 -1"><span class='ocrx_word' id='word_1_902' title='bbox 1487 2700 1601 2727; x_wconf 90' lang='lat' dir='ltr'><strong>uomodo</strong></span> <span class='ocrx_word' id='word_1_903' title='bbox 1617 2700 1688 2727; x_wconf 92' lang='lat' dir='ltr'><strong>enim</strong></span> <span class='ocrx_word' id='word_1_904' title='bbox 1704 2706 1766 2726; x_wconf 90' lang='lat' dir='ltr'><strong>eum</strong></span> 
     </span>
    </p>
   </div>
  </div>
