2049 3131
228 99 263 128 55
834 95 862 122 S.
884 94 1049 123 GREGORll
1070 92 1244 122 THEOLOGI
1828 87 1866 115 36

229 165 307 186 cnam
323 156 526 184 universitatem
542 155 723 190 grassabttur.
739 158 764 182 et
777 162 821 182 res
833 162 926 182 attines
938 154 1016 181 nobis

1080 163 1111 180 av.
1126 155 1202 189 ἡμῖν,
1218 153 1252 179 ἵν’
1268 151 1382 187 ὑϐρισΟῇ
1399 150 1476 183 Θεὸς,
1490 149 1537 176 καὶ
1554 147 1633 183 σῶμα
1647 146 1801 182 γενόμενος,
1818 147 1867 173 καὶ

228 204 366 239 peribunt,
395 207 425 230 ut
451 202 492 229 sic
520 201 590 228 Deus
606 200 769 228 contumelia
788 199 928 232 allicit-tur,
947 200 1025 226 nimi-

228 258 289 278 rum
306 254 333 276 et
350 249 396 283 qui
411 255 510 283 corpus
524 248 569 280 sit,
585 247 655 274 etiis
679 254 738 281 quae
750 246 903 281 procreavit
913 251 1024 273 careat:

230 300 277 323 aut
292 303 389 329 corpus
401 294 426 321 in
443 293 603 328 corporibus
619 293 681 325 erit,
696 293 721 320 id
737 294 809 327 quod
828 292 884 318 ﬁeri
911 300 962 318 non
979 299 1026 326 po-

230 344 304 368 test:
318 345 364 366 aut
391 339 573 374 implicabitur
585 357 593 371 ,
607 342 635 364 et
665 341 826 371 opponatur.
851 336 1026 370 quemadmo-

230 387 293 414 dum
304 393 347 419 ea,
362 393 422 420 qua:
433 385 586 420 liquiditate
599 383 710 418 praedita
726 387 807 416 sunt,
822 381 900 416 501
918 382 988 408 inter
997 388 1027 408 se

231 432 401 464 miscentur;
423 436 504 464 atque
518 429 571 456 alia
585 428 699 461 secabil,
718 432 743 455 et
755 428 789 454 ab
803 427 864 454 aliis
879 434 973 454 rursus
984 434 1026 453 se-

234 476 352 508 cabitur,
366 476 436 510 quod
455 475 520 510 ipsis
535 475 617 501 etiam
636 473 744 508 Epicuri
761 472 861 499 atomis
885 470 1027 498 absurdius

232 527 260 548 et
276 521 375 548 anilius
388 525 431 548 est
445 529 452 553 ',
471 521 564 554 sicque
580 519 658 546 nobis
674 518 835 549 collabetur,
855 525 905 544 nec
917 524 1026 551 corpus,

231 574 282 594 nec
298 567 375 594 solidi
400 566 546 601 quidquam
573 565 684 593 habebit
709 565 766 592 inec
788 564 947 598 disputatio,
974 570 1026 597 qua

231 620 332 647 corpus
375 613 429 639 Deo
477 612 597 639 tribuere
629 618 771 638 conamur.
802 610 880 643 Quod
911 609 933 636 si
964 615 1026 635 eum

232 665 331 692 corpus
347 657 467 685 materia:
482 664 580 691 expers
609 663 670 683 esse
693 655 894 687 contenderim,
919 654 941 681 si
967 654 1028 688 qui-

232 703 293 730 dem
313 703 437 738 quintum
463 703 540 735 illud,
569 707 599 729 ut
627 701 748 728 nonnulli
767 704 946 732 censuerunt,
961 700 1027 726 etin

231 750 324 778 orbem
337 749 454 776 volubile
475 759 481 776 :
494 749 528 776 sit
543 756 609 775 sane
623 755 722 782 corpus
733 747 868 782 quoddam
885 746 1008 780 quintum
1019 765 1027 777 ,

235 801 263 823 et
277 803 292 822 a
313 795 426 822 materia
443 801 586 826 semotum,
602 799 683 828 atque
695 794 790 824 etiam,
805 793 827 820 si
844 792 910 827 ipsis
925 792 960 818 ita
972 790 1028 818 col-

1076 199 1126 225 οὐκ
1143 198 1210 233 ἔλων
1229 197 1279 224 ὅσα
1293 197 1456 231 πεποίηκεψ
1472 195 1488 230 ἢ
1509 194 1587 230 σῶμα
1607 195 1636 220 ὲν
1653 192 1760 227 σώμασι
1777 192 1866 224 ἔσται,

1076 245 1143 278 ὅπερ
1164 243 1310 269 ἀδύνατον·
1329 242 1345 276 ἣ
1362 241 1530 276 πλακήσεται
1551 239 1598 266 καὶ
1618 238 1867 274 ἀντιπαρατεοήσε-

1076 299 1130 322 ται,
1150 289 1243 324 ὥσπερ
1259 288 1317 323 (21)
1340 289 1390 314 ὅσα
1413 287 1467 313 τῶν
1486 286 1576 321 ὑγρῶν
1602 286 1744 320 μίγνυται⁴
1766 285 1813 310 καὶ
1834 284 1867 310 τὸ

1078 337 1127 371 μὲν
1142 336 1247 371 τέμνει,
1260 334 1350 361 ὑπὸδὲ
1369 334 1415 361 τοῦ
1432 333 1612 369 τμηθήσεται,
1626 332 1640 358 ὃ
1657 332 1703 358 καὶ
1718 331 1771 357 τῶν
1792 331 1868 357 Ἐπι-

1076 382 1208 418 κουρείων
1233 382 1342 416 ἀτόμων
1370 379 1542 415 ὰτοπώτερόν
1567 387 1597 405 τε
1622 378 1670 405 καὶ
1698 376 1868 412 γραωδέστε-

1077 437 1123 464 ρον
1137 429 1202 463 (2⁸2)·
1220 428 1266 454 καὶ
1281 427 1352 454 οὕτω
1367 427 1534 453 διαπεσεῖται
1555 426 1630 460 ἡμῖν,
1649 424 1696 450 καὶ
1719 423 1797 458 σῶμα
1818 423 1868 457 οὐχ

1076 475 1142 509 ἕξει,
1156 474 1216 501 οὐδὲ
1227 473 1307 508 πῆξίν
1324 482 1384 500 τινα
1402 474 1416 499 ὁ
1429 473 1493 508 περὶ
1509 472 1554 499 τοῦ
1571 472 1696 507 σώματος
1708 470 1785 504 λόγος
1798 469 1864 505 (25).

1078 521 1111 547 Εἰ
1126 520 1153 547 δὲ
1167 520 1246 547 ἅϋλον
1264 520 1397 555 φήσομεν,
1423 519 1447 544 εἰ
1466 519 1514 553 μὲν
1530 517 1560 544 τὺ
1584 517 1717 552 πέμπτον,
1739 515 1776 547 ὣς
1796 523 1868 542 τισιν

1077 567 1149 600 ἔδοξε
1165 566 1232 601 (9.4),
1255 566 1303 592 καὶ
1325 565 1374 600 τὴν
1396 564 1487 599 κύκλῳ
1506 563 1592 599 φορὰν
1613 563 1776 598 φερόμενον·
1798 561 1868 588 ἔστω

1080 613 1128 648 μὲν
1143 612 1222 639 ἄῧλόν
1232 620 1259 638 τι
1276 611 1323 638 καὶ
1339 611 1462 646 πέμπτον
1479 610 1567 645 σῶμα,
1583 611 1606 636 ει
1622 609 1760 644 βούλονται
1771 609 1810 641 δὲ,
1822 608 1869 634 καὶ

1078 659 1232 694 ἀσώματον,
1249 658 1319 685 κατὰ
1335 657 1384 693 τὴν
1396 657 1544 692 αὐτόνομον
1557 656 1646 684 αὐτῶν
1662 656 1708 683 τοῦ
1726 656 1804 690 λόγου
1820 663 1869 690 φο-

1080 705 1131 741 ρὰν
1147 705 1194 731 καὶ
1205 704 1356 731 ἀνάπλασιν
1367 713 1373 720 ·
1390 704 1464 730 οὐδὲν
1483 703 1537 739 γὰρ
1551 703 1599 730 νῦν
1615 703 1680 738 περὶ
1694 703 1788 729 τούτου
1805 701 1869 728 διοί-

1080 759 1162 785 σομαι
1175 750 1242 785 (25).
1254 750 1333 776 Κατὰ
1346 750 1372 776 τί
1383 749 1411 775 δὲ
1422 749 1476 775 τῶν
1487 748 1653 783 κινουμένων
1667 748 1742 775 ἕσται
1761 747 1808 774 καὶ
1820 755 1869 782 φε-

1082 796 1213 832 ρομένων,
1233 796 1276 822 ἵνα
1297 795 1334 831 μὴ
1359 795 1432 829 λέγω
1458 795 1507 830 τὴν
1527 794 1615 829 ὖῧριν,
1636 795 1660 820 εἰ
1674 794 1708 820 τὰ
1727 793 1797 821 αὐτὰ
1812 794 1870 824 τοῖς

233 841 343 869 libuerit
357 862 364 874 ,
380 841 567 875 incorporeum
581 849 588 873 ;
607 839 824 874 quandoquidem
852 838 887 864 ita
905 845 1029 865 sermone

1080 839 1272 874 πεποιημένοις
1287 839 1300 864 ὀ
1316 837 1473 872 πεποιηκὼς
1488 837 1674 872 κινηθήσεται.
1694 837 1809 867 καὶτοῖς
1826 844 1868 869 φε-

232 886 381 922 comparati
411 890 474 913 sunt
488 906 496 918 ,
515 890 543 912 ut
556 893 604 920 pro
618 885 731 912 arbitrio
748 885 773 911 iu
801 891 909 911 omnem
926 887 1028 918 partem

235 939 296 960 sese
324 937 443 963 versent.
462 939 493 959 ac
510 931 617 966 quidvis
631 930 776 966 elﬁngant;
793 929 859 957 nihil
877 929 949 957 enim
978 929 1030 956 hac

234 979 268 1006 de
283 986 311 1006 re
325 979 352 1005 in
378 978 522 1013 pramentia
542 985 602 1004 cum
636 977 687 1004 illis
712 976 875 1004 altereabor.
894 975 1028 1002 (ἐπίθημα

233 1032 288 1058 quo
306 1024 414 1051 tandem
435 1024 461 1050 in
478 1030 578 1059 genere
589 1023 642 1050 erit
657 1030 750 1049 earum
769 1029 871 1055 rerum,
885 1029 944 1056 qua:
957 1026 1029 1048 tuotu

233 1070 339 1097 cientur
353 1074 378 1097 et
393 1070 530 1105 agitantur
540 1089 547 1101 ,
566 1074 595 1096 ut
609 1069 717 1096 interim
734 1073 850 1100 taceam,
867 1075 948 1102 qttam
963 1075 1028 1102 gra-

232 1115 275 1142 vis
289 1115 324 1142 sit
337 1115 520 1147 contumeliae,
537 1122 672 1147 asserere,
684 1114 840 1141 Creatorem
854 1113 959 1144 eodem,
976 1120 1029 1147 quo

234 1168 278 1187 res
298 1161 332 1188 ab
349 1168 382 1187 eo
395 1166 514 1193 creatas,
535 1165 608 1187 motu
627 1160 746 1192 incitaril
765 1165 846 1194 atque
861 1167 933 1192 eum,
952 1159 1029 1193 cujus

232 1208 258 1234 vi
277 1215 308 1234 ac
331 1207 441 1234 numine
460 1215 504 1234 res
523 1207 640 1234 condita:
659 1206 815 1239 volvuntur,
831 1205 854 1232 si
871 1211 960 1232 tamen
980 1206 1031 1232 hoc

234 1254 317 1280 etiam
332 1254 420 1280 daturi
443 1257 517 1285 sunt,
534 1253 628 1280 eodem
657 1252 736 1279 modo
751 1260 812 1278 cum
840 1252 873 1278 iis
902 1251 971 1279 volvi
998 1259 1032 1279 ac

234 1300 426 1327 circumferri?
439 1299 535 1333 Quaero
550 1300 632 1326 etiam
643 1319 650 1330 ,
667 1299 795 1333 quidnam
820 1299 855 1325 sit
877 1298 948 1332 quod
971 1298 1032 1324 titti-

1078 886 1202 922 ρομένοις
1219 887 1234 912 ὁ
1251 886 1351 920 φέρων,
1370 884 1397 910 εἴ
1415 893 1446 918 γε
1464 884 1512 910 καὶ
1534 884 1612 910 τοῦτο
1624 883 1757 914 admouet;
1779 883 1811 909 Τί
1827 882 1870 909 δαὶ

1076 932 1106 959 τδ
1123 931 1178 966 (26]
1206 930 1285 957 τοῦτο
1309 924 1390 956 πἨιλιν
1416 929 1526 962 κινοῦν;
1554 929 1624 955 τίδὲ
1641 929 1671 955 τὸ
1688 930 1742 955 πᾶν
1763 927 1869 960 κινοῦνς

1077 979 1187 1004 κάκεῖνο
1194 977 1218 1003 τί
1231 986 1237 1010 ;
1253 977 1300 1003 καὶ
1312 977 1338 1003 τί
1352 976 1432 1003 πάλιν
1439 977 1526 1002 ἐκεῖνο
1536 984 1542 1008 ;
1553 975 1600 1002 καὶ
1611 975 1689 1002 τοῦτο
1697 976 1736 1006 εἰς
1747 975 1870 1010 ἄπειρον.

1078 1023 1140 1054 Πῶς
1167 1022 1211 1049 δαὶ
1230 1022 1279 1048 οὐκ
1294 1022 1323 1048 ἐν
1337 1022 1412 1055 τόπῳ
1430 1021 1548 1053 πάντως,
1564 1021 1591 1047 εἴ
1603 1029 1635 1054 γε
1650 1021 1817 1056 φερόμενον;
1839 1019 1872 1046 Εἰ

1077 1068 1106 1095 δὲ
1119 1068 1183 1095 ἄλλο
1197 1077 1223 1094 τι
1238 1068 1313 1103 παρὰ
1326 1068 1357 1094 τὸ
1376 1068 1500 1103 πέμπτον
1515 1068 1657 1103 φήσουσιν,
1676 1068 1700 1093 εἰ
1722 1066 1772 1102 μὲν
1785 1066 1872 1099 ἀγγε-

1080 1114 1164 1141 λικόν⁸
1181 1114 1262 1141 πόθεν
1275 1115 1315 1141 ὅτι
1329 1114 1438 1148 ἄγγελοι
1452 1114 1508 1149 (27)
1527 1114 1650 1149 σώματα,
1667 1114 1713 1140 καὶ
1726 1113 1788 1139 viva.
1807 1112 1872 1138 ταῦ-

1081 1169 1130 1193 τα;
1148 1161 1195 1187 καὶ
1212 1160 1293 1196 πόσον
1310 1160 1365 1196 (28)
1385 1161 1453 1196 ὑπὲρ
1468 1159 1582 1194 ἄγγελον
1607 1159 1650 1195 εἴη
1666 1159 1742 1191 Θεὸς,
1761 1156 1791 1186 οὗ
1817 1158 1872 1184 λει-

1081 1206 1195 1241 τουργὸς
1213 1205 1345 1240 ἄγγελος;
1371 1207 1402 1232 Εἰ
1419 1206 1447 1232 δὲ
1466 1206 1535 1242 ὑπὲρ
1551 1205 1647 1238 ταῦτα,
1667 1205 1746 1232 πάλιν
1758 1204 1873 1240 εἰσήχθη

1083 1252 1218 1288 σωμάτων
1234 1253 1317 1288 ἐσμὸς
1333 1253 1484 1287 ἀλόγιστος,
1501 1253 1548 1279 καὶ
1569 1252 1704 1288 φλυαρίας
1720 1251 1809 1288 βυθὸς,
1829 1251 1858 1278 οὺ

1082 1298 1114 1325 δα
1119 1298 1168 1333 μοῦ
1190 1299 1284 1334 στῆναι
1299 1299 1458 1334 δυνάμενος,

235 1353 342 1373 versum
359 1347 410 1373 hoc
427 1346 552 1373 moveat?
568 1345 701 1379 Quidnam
719 1353 783 1372 vero
807 1345 879 1380 quod
905 1344 1024 1372 vicissim
1046 1344 1111 1372 illud
1140 1351 1258 1377 moveat,
1294 1354 1325 1373 ac
1346 1354 1451 1373 rursum
1471 1355 1485 1373 a
1499 1354 1552 1381 quo
1571 1345 1635 1372 illud
1653 1344 1809 1372 moveatur?
1827 1343 1869 1370 Eo

233 1393 350 1426 demque
371 1392 451 1419 modo
478 1391 505 1418 in
526 1391 662 1417 inﬁnitttm
685 1390 852 1425 progrediar.
870 1389 920 1422 Qui
946 1390 1025 1416 etiam
1047 1390 1104 1416 ﬁeri
1123 1395 1221 1424 potest,
1252 1395 1282 1417 ιιι
1296 1392 1406 1419 omnino
1438 1399 1490 1419 non
1519 1393 1554 1419 sit
1579 1392 1604 1418 in
1630 1392 1699 1424 loco,
1715 1391 1738 1418 si
1765 1390 1873 1426 quidem

235 1439 332 1469 fertur,
352 1446 383 1465 ac
400 1443 472 1465 tuotu
497 1437 645 1465 incitatur?
664 1437 721 1464 Jam
751 1437 773 1464 si
800 1436 873 1464 aliud
897 1436 1032 1471 quoddam
1053 1444 1160 1471 corpus,
1178 1443 1276 1472 praeter
1296 1438 1420 1472 quintum
1437 1438 1513 1470 illud,
1549 1437 1632 1465 Deum
1659 1444 1718 1464 esse
1744 1440 1874 1463 statuant:

234 1485 257 1512 si
278 1485 386 1519 quidem
406 1485 556 1520 angelicum
579 1493 586 1512 :
606 1485 679 1511 unde
705 1484 860 1518 probabunt
876 1484 987 1518 angelos
1007 1492 1122 1518 corpore
1149 1490 1283 1518 constare,
1320 1491 1348 1514 et
1367 1494 1421 1521 quo
1450 1487 1556 1513 tandem
1583 1485 1718 1520 corpore?
1739 1485 1874 1518 Quantum

235 1535 336 1563 autetu,
349 1530 371 1557 si
385 1538 427 1557 res
443 1531 479 1557 ita
491 1538 520 1557 se
536 1531 644 1563 haheat,
661 1530 730 1558 Deus
766 1531 902 1565 angelum,
919 1538 973 1565 quo
1005 1531 1128 1558 ministro
1145 1532 1239 1564 tttilur,
1253 1532 1417 1559 anlccellet?
1435 1532 1463 1559 Si
1477 1540 1574 1566 corpus
1587 1532 1722 1566 quoddam
1739 1531 1780 1557 bis
1809 1530 1874 1557 sub-

236 1577 327 1604 limius
353 1584 413 1605 esse
434 1578 564 1611 dixerint,
585 1586 678 1605 rursus
697 1586 841 1612 corporum
875 1585 989 1605 examen
1026 1579 1138 1606 rationis
1172 1587 1269 1614 expers
1296 1581 1448 1613 inducetur,
1473 1588 1506 1607 ac
1532 1588 1662 1615 nugarum
1689 1586 1787 1613 gurges
1808 1579 1875 1604 adeo

237 1623 400 1660 profundus.
413 1630 442 1650 ut
463 1631 595 1659 nusquam
614 1632 662 1659 pes
683 1625 727 1659 ﬁgi
743 1625 837 1659 possit.

273 1669 318 1697 IX.
335 1669 424 1704 Atque
438 1669 502 1697 hinc
518 1675 635 1702 constat,
656 1670 739 1698 Detun
757 1678 856 1705 corpus
877 1679 930 1698 non
957 1678 1029 1698 esse.

1117 1670 1156 1696 ϐ’.
1175 1669 1253 1696 Οὕτω
1266 1671 1314 1705 μὲν
1331 1668 1376 1697 οὖν
1399 1670 1453 1705 (29)
1470 1670 1500 1696 οὗ
1516 1670 1594 1706 σῶμα
1607 1671 1672 1705 ἡμῖν
1692 1671 1705 1695 ὁ
1719 1669 1794 1701 Θεός-
1813 1668 1874 1696 οὐδὲ

239 1716 332 1751 Neque
343 1717 414 1743 enim
428 1717 524 1744 adhue
542 1717 684 1752 quisquam
707 1725 811 1750 eorum,
839 1719 883 1752 qui
903 1718 1030 1745 divinitus

239 1760 320 1788 adlati
338 1766 411 1793 sunt,
425 1761 477 1789 hoc
490 1762 532 1788 vel
548 1762 626 1794 dixit,
638 1763 681 1790 vel
693 1763 725 1790 ab
743 1763 802 1790 aliis
830 1764 929 1791 dicttun
954 1771 1029 1790 com-

240 1807 376 1841 probavit,
392 1816 442 1835 nec
458 1809 544 1835 nostri
563 1809 642 1836 ovilis
656 1814 698 1836 est
712 1809 768 1836 haec
784 1809 916 1838 doctrina.
931 1808 1030 1843 Super-

239 1858 281 1881 est
297 1854 387 1888 igitur,
402 1858 431 1881 ιιι
456 1855 644 1889 incorporeum
658 1863 719 1882 esse
735 1856 818 1883 Deum
834 1856 1028 1882 existimemus.

244 1898 354 1932 Verum,
387 1903 524 1935 utcunque
550 1901 737 1935 incorporeum
759 1902 889 1933 dicamus,
913 1901 1029 1928 nondum

240 1945 330 1973 tamen
345 1947 396 1974 hoc
415 1952 538 1974 naturam
566 1947 637 1974 illius
661 1948 862 1982 essentiamque
877 1948 1030 1981 complecti-

241 1997 285 2020 tur
300 1998 327 2020 et
342 1993 479 2026 declarat;
500 1994 726 2028 quemadmodum
742 2002 792 2021 nec
806 1994 963 2029 ingenitum,
983 2001 1032 2020 nec

241 2039 401 2071 anarehum,
414 2039 440 2065 id
457 2043 508 2072 est,
522 2039 648 2074 principii
665 2047 774 2074 expers,
790 2047 839 2066 nec
852 2039 1030 2071 immutabile,

276 2126 332 2162 (Ἢ)
346 2127 469 2161 Ὠσπερ.
483 2127 529 2155 Sic
544 2130 596 2155 duo
614 2127 711 2162 chg.,
726 2132 781 2155 tres
796 2127 978 2160 Colb.,Coisl.
1000 2127 1026 2160 1,

242 2161 335 2200 Orib
351 2168 402 2200 etc.
418 2163 446 2200 In
459 2163 522 2200 Δι;‹1.,
538 2165 554 2200 ἢ
572 2164 676 2200 (imi—.59.

278 2197 583 2231 (22)Γραωδέστερόν.
606 2198 688 2225 Coisl.
707 2199 719 2224 1
739 2198 823 2229 addit,
850 2197 887 2228 ὡς
913 2198 938 2223 οἱ
967 2198 1031 2232 περὶ

241 2232 327 2259 ταῦτα
343 2233 518 2268 ἐσχολακότες
536 2235 683 2269 ὲλήρησαν,
701 2244 709 2258 ι
729 2234 825 2259 auilius
843 2234 923 2259 etiam
940 2233 971 2259 iis
982 2233 1031 2269 de:

244 2268 406 2300 liratnentts,
423 2276 482 2302 qtta‘
500 2268 622 2296 homines
636 2271 661 2295 in
690 2269 740 2294 hac
766 2268 906 2301 disttiplina
932 2268 1032 2295 versati

244 2303 391 2338 ﬁnxerunt.
412 2313 420 2328 ι
448 2303 509 2330 Hart:
530 2309 617 2330 tamen
637 2305 733 2331 desunt
750 2304 776 2330 in
792 2303 926 2338 plerisque
952 2304 1030 2330 codd.

244 2344 271 2365 et
289 2338 345 2374 (ῥύη
364 2337 433 2374 Elius
445 2343 531 2374 autem
548 2339 675 2374 agnoscit.

281 2373 338 2408 (25)
366 2373 392 2399 '0
413 2373 479 2406 περὶ
505 2375 557 2400 τοῦ
583 2374 719 2407 σώματος
737 2374 837 2408 λόγος.
859 2373 919 2399 llzrc
943 2373 1032 2407 jungit

244 2408 327 2436 Leuv.
346 2416 407 2435 cmn
426 2409 467 2434 his
491 2410 675 2443 superioribus
702 2411 802 2438 verbis.
820 2409 866 2435 καὶ
882 2409 953 2435 οὕτω
975 2409 1033 2435 6t:-

244 2444 379 2470 πεισεῖται
405 2444 480 2478 ἡμῖν.
498 2445 589 2476 sicque
619 2445 724 2470 reddit:
755 2453 763 2468 ε
783 2445 868 2477 Atque
885 2445 934 2470 hoc
953 2446 1033 2470 modo

246 2480 327 2510 ratio,
358 2487 417 2513 qum
442 2480 496 2505 Deo
515 2487 613 2513 corpus
629 2480 760 2511 attribuit,
777 2481 924 2506 subsistere
954 2479 1032 2506 nobis

245 2515 353 2575 regulit;
369 2514 490 2548 adeoque
511 2522 559 2540 nec
576 2522 684 2548 corpus,
702 2522 750 2541 nec
765 2522 920 2548 compagem
951 2514 1031 2540 ullam

253 2556 277 2574 ta
299 2556 313 2574 e
325 2554 362 2575 ut.
379 2557 388 2573 ι

253 2549 362 2575 tabebit.
379 2557 388 2573 ι

281 2583 337 2618 (Ἡ)
355 2584 408 2616 ’⁷ος
420 2591 500 2610 τισιν
509 2583 606 2616 ἔδοξε.
627 2584 662 2610 Ex
681 2584 721 2610 llis
742 2584 791 2611 fuit
804 2583 973 2614 Aristolclcs,
987 2584 1032 2617 qui

245 2624 345 2653 praeter
371 2624 488 2653 quatuor
519 2627 607 2646 rerum
635 2619 778 2653 principia,
809 2627 856 2645 seu
888 2619 1030 2649 elementa,

246 2661 306 2688 qua:
332 2660 394 2680 sunt
422 2663 430 2679 t
449 2662 528 2687 aqua,
548 2659 628 2686 terra,
657 2654 726 2687 ignis
741 2660 766 2680 et
786 2662 842 2685 aer,
858 2663 867 2678 ›
897 2654 1031 2687 quintum,

247 2696 344 2724 nempe
367 2698 377 2714 ‹
395 2689 502 2720 caelum,
519 2699 528 2714 ι
550 2697 565 2716 e
587 2690 697 2716 utateria
712 2689 829 2724 quadarn
851 2688 1030 2721 cllormatum,

247 2723 414 2751 admittebat.

284 2759 340 2795 (ξᾷ)
355 2760 514 2794 Διοῖσομαι.
533 2759 598 2795 Reg.
614 2767 639 2791 a,
649 2759 793 2794 διοίσομεν.

285 2793 342 2829 (‘26)
363 2795 396 2821 Τί
417 2793 465 2822 δαὶ
490 2795 533 2827 τό,
555 2793 608 2822 οἱα.
632 2795 698 2828 Reg.
723 2793 765 2821 bm
790 2798 816 2820 et
841 2793 887 2820 0r.
911 2794 935 2825 1,
954 2793 978 2819 τί
1004 2793 1032 2820 δὲ

249 2827 394 2858 “(Totum
406 2831 476 2859 hunc
485 2830 571 2858 locum
581 2831 620 2858 sic
628 2827 708 2858 vertit
724 2829 875 2858 Leuv.:¢At
887 2830 968 2862 enim,
981 2829 1031 2856 ob-

1083 1716 1137 1752 γὸιρ
1151 1717 1200 1752 ἤδη
1215 1725 1256 1748 τις
1268 1717 1346 1742 τοῦτο
1361 1716 1413 1742 τῶν
1428 1716 1623 1746 θεοπνεύστων,
1638 1717 1654 1751 ἢ
1670 1714 1874 1751 εἶπεν,ῆπαρε-

1082 1762 1187 1794 δέξατο,
1214 1761 1274 1787 οὐδὲ
1308 1761 1356 1796 τῆς
1388 1761 1527 1797 ἡμετέρας
1555 1761 1610 1795 (50)
1636 1761 1728 1796 αὐλῆς
1746 1762 1760 1787 ὁ
1785 1761 1873 1794 λόγος.

1083 1809 1213 1834 Λείπεται
1227 1808 1258 1843 δὴ
1273 1807 1418 1842 ἀσώματον
1439 1807 1649 1841 ὑπολαμβάνειν.
1670 1806 1739 1832 Ἀλλ’
1758 1806 1781 1831 εἱ
1801 1806 1874 1832 ἀσώ-

1084 1863 1177 1889 ματον,
1194 1854 1270 1880 οὔπω
1297 1854 1344 1888 μὲν
1367 1853 1427 1879 οὐδὲ
1445 1853 1522 1879 τοῦτο
1543 1852 1593 1886 τῆς
1618 1852 1712 1883 οὐσίας
1729 1859 1874 1888 παραστα-

1082 1901 1155 1927 τικόν
1168 1909 1198 1926 τε
1211 1901 1256 1927 καὶ
1271 1900 1452 1935 περπκτικὶᾋ
1468 1900 1536 1934 (51),
1556 1899 1650 1935 ὥσπερ
1666 1898 1726 1925 οὐδὲ
1743 1899 1773 1925 τὸ
1791 1898 1872 1932 ἀγέν-

1082 1955 1170 1981 νητον,
1185 1947 1231 1973 καὶ
1250 1947 1280 1973 τὸ
1306 1945 1501 1982 ἄναρχωΝὶ
1520 1945 1550 1972 τὸ
1569 1945 1758 1976 ἀναλλοίωτον,
1773 1946 1819 1972 καὶ
1844 1945 1874 1971 τὸ

1083 1993 1232 2028 ἄφθαρτον,
1249 1993 1295 2019 καὶ
1308 1993 1358 2019 ὅσα
1370 1993 1434 2028 περ).
1445 1990 1524 2028 Θέηη
1541 1992 1556 2027 ἢ
1572 1993 1635 2027 περὶ
1649 1992 1714 2018 Θεὸν
1740 1990 1809 2018 εἶναι
1831 1991 1874 2016 λέ-

1083 2047 1170 2073 γεται.
1187 2039 1218 2065 Τί
1232 2038 1285 2075 γὰρ
1301 2038 1357 2065 ὄντι
1369 2039 1424 2074 (5⁸2)
1438 2036 1591 2073 αὐτῷ’ἳατὰ
1603 2038 1651 2073 τὴν
1661 2038 1740 2072 ερύσιν
1756 2038 1802 2063 καὶ
1824 2036 1872 2073 τὴν

1085 2135 1172 2157 secro.
1181 2129 1314 2162 quodnam
1325 2128 1376 2154 erit
1388 2135 1401 2153 a
1413 2136 1466 2162 qtto
1476 2128 1630 2155 universum
1643 2128 1692 2154 hoc
1703 2125 1873 2153 movebitur?

1086 2163 1218 2195 Quidnam
1231 2162 1422 2190 illudvieissim
1439 2162 1649 2195 movebit?Quid
1660 2163 1723 2189 item
1738 2162 1820 2188 illud?
1832 2162 1874 2187 ld-

1082 2205 1135 2230 que
1149 2199 1215 2224 adeo
1232 2199 1256 2225 iu
1271 2198 1481 2225 iuﬁtiiltttti.iSic
1493 2199 1584 2225 Graeca
1602 2198 1706 2224 videtur
1718 2196 1872 2232 legissezTi

1083 2233 1111 2260 δὲ
1128 2234 1181 2259 πᾶν
1200 2234 1308 2265 κινοῦν;
1334 2233 1359 2259 τί
1384 2234 1411 2259 δὲ
1436 2233 1514 2259 τοῦτο
1543 2233 1622 2259 πάλιν
1641 2232 1750 2265 κινοῦν;
1769 2232 1815 2258 καὶ
1845 2232 1872 2257 τί

1084 2268 1164 2294 πάλιν
1177 2270 1277 2301 éxai-ro;
1294 2269 1431 2295 καὶτοῦτο
1446 2269 1485 2300 εἰς
1502 2268 1624 2304 ἄπειρον.

1119 2303 1175 2337 (“27)
1190 2305 1337 2338 νέὶῃνελοι.
1361 2304 1425 2337 lieg.
1443 2313 1468 2334 ιι,
1484 2305 1508 2330 οἱ
1520 2304 1641 2338 ἄγγελοι.

1121 2339 1176 2372 (28)
1191 2341 1301 2366 Πόσον.
1318 2339 1373 2365 Duo
1391 2339 1477 2371 Colb.,
1496 2345 1522 2366 et
1540 2340 1586 2366 0r.
1603 2340 1613 2365 1
1633 2338 1743 2370 addunt,
1757 2338 1799 2365 ἄν.

1281 2375 1396 2415 Deestin
1415 2374 1479 2415 Reg.
1498 2375 1541 2401 bm
1562 2379 1589 2400 et
1602 2373 1652 2415 9r:
1668 2375 1693 2400 1.

1121 2407 1175 2445 (50)
1193 2410 1268 2437 οὐδὲ
1284 2409 1338 2444 τῆς
1360 2407 1516 2444 ἡμετέρίις,
1532 2415 1583 2436 etc.
1601 2409 1660 2435 Bill.
1680 2419 1685 2436 :
1706 2418 1715 2434 ι
1733 2407 1820 2442 Atque
1838 2408 1872 2435 ab

1087 2445 1238 2477 huiusmodi
1253 2453 1378 2472 sermone
1393 2445 1458 2471 tides
1470 2445 1595 2472 Ecclesia!
1610 2445 1749 2471 abhorret.
1769 2453 1779 2469 ›

1121 2480 1176 2513 (51)
1189 2480 1386 2514 ΙΙεριεκτικόν.
1402 2480 1481 2506 Deest
1496 2480 1521 2506 iu
1534 2480 1670 2506 nonnullis
1687 2479 1764 2506 codd.

1120 2516 1175 2547 (52)
1195 2517 1224 2542 Τι’
1236 2516 1289 2550 γὰρ
1301 2515 1373 2546 ὄντι,
1389 2519 1441 2541 etc.
1459 2514 1518 2542 Bill.
1534 2522 1542 2541 :
1558 2514 1700 2540 «Primum
1714 2514 1797 2545 enim,
1809 2514 1873 2541 huic

1085 2552 1192 2583 quidem
1207 2557 1290 2582 certe,
1310 2551 1354 2584 qui
1382 2549 1426 2575 Dei
1441 2555 1556 2577 mentem
1577 2557 1640 2576 vere
1654 2550 1763 2581 habeat,
1791 2553 1873 2583 atque

1086 2586 1111 2611 in
1127 2585 1352 2619 contemplatione
1367 2584 1514 2619 perfectior
1541 2585 1586 2615 sit,
1602 2584 1827 2611 considerandum
1845 2589 1873 2609 et

1084 2620 1289 2653 expendeudum
1316 2619 1445 2652 occurrit,
1472 2620 1535 2654 quid
1565 2620 1635 2646 Deus
1665 2625 1760 2646 natura
1772 2627 1819 2645 sua
1845 2624 1873 2645 et

1084 2655 1232 2681 substantia
1246 2657 1280 2682 sit
1297 2663 1303 2681 :
1322 2663 1353 2682 ac
1363 2659 1454 2689 postea
1469 2655 1520 2681 hoc
1535 2654 1715 2688 adjiciendum
1732 2659 1868 2687 superest,

1084 2696 1145 2715 euut
1157 2697 1205 2716 nec
1216 2690 1321 2717 initium
1330 2691 1439 2722 habere,
1451 2697 1499 2717 nec
1511 2697 1524 2716 a
1538 2697 1566 2716 se
1581 2698 1697 2724 ttnquam
1708 2690 1870 2724 desciscere;

1083 2731 1133 2763 nec
1147 2724 1199 2751 ﬁne
1227 2725 1280 2752 ullo
1292 2725 1476 2763 circumscribi
1489 2732 1525 2763 ac
1539 2723 1654 2756 deﬁniri,
1668 2726 1724 2763 sed,
1742 2723 1871 2763 quidquid

1083 2760 1110 2784 in
1126 2766 1215 2786 rermn
1235 2765 1332 2788 natura
1357 2765 1410 2794 est,
1425 2761 1527 2788 ambitu
1543 2767 1591 2788 suo
1618 2760 1760 2795 complecti
1789 2764 1870 2793 atque

1084 2800 1220 2822 coercere.
1243 2804 1252 2821 Ι
