2049 3131
145 147 177 174 '57
636 144 768 173 ORATIO
788 143 908 172 XXVIII.
928 160 962 165 -—
982 143 1202 173 THEOLOGICA
1221 145 1254 174 Il.
1740 148 1776 176 '58

141 204 288 232 ὑπόστασιν
299 202 427 239 ὑπάρχει,
449 204 479 230 τὺ
495 204 532 240 μὴ
549 204 636 240 ἀρχὴν
651 204 737 240 ἔχειν,
751 205 817 239 μηδὲ
834 203 933 236 ἐξίστα-

989 212 1039 232 nec
1056 205 1269 240 incorruptibile,
1285 209 1439 240 cazteraque
1457 205 1557 238 omnia,
1578 205 1658 241 502
1672 215 1732 242 qua:
1744 208 1777 235 de

141 250 212 281 σθαι,
229 250 295 285 μηδὲ
312 249 496 286 περατοῦσοαι
510 258 516 282 ;
544 250 614 276 Ἀλλ’
629 250 689 276 ὅλον
715 251 746 276 τὸ
760 248 829 277 εἶναι
855 259 932 285 περι-

140 295 286 330 λαμϐάνειν
309 295 431 322 λείπεται
446 295 672 330 προσφιλοσοφεῖν
689 303 719 321 τε
746 296 793 321 καὶ
815 295 930 331 προσεξ-

140 341 246 373 ετάζειν
260 340 300 375 τῷ
312 349 344 375 γε
357 341 418 367 νοῦν
432 340 499 367 Θεοῦ
518 341 574 375 (53)
594 340 701 376 ἀληθῶς
716 340 813 375 ἔχοντι,
831 341 878 367 καὶ
890 350 935 367 τε-

140 386 264 422 λεωτέρῳ
277 387 327 421 τὴν
341 386 467 422 θεωρίαν.
493 387 535 418 Ὠς
553 386 607 423 γὰρ
632 387 682 412 οὐκ
696 387 779 422 ἀρκεῖ
796 387 827 412 τὸ
854 387 934 421 σῶμα

140 433 235 464 εἰπεῖν,
252 432 268 467 ἢ
280 432 310 458 τὸ
324 432 513 468 γεγεννῆσθαι,
532 433 599 468 πρὸς
613 432 643 458 τὸ
658 432 705 459 καὶ
714 433 754 464 τὸ,
769 432 834 467 περὶ
843 432 857 458 ὂ
869 432 935 459 ταῦ-

139 478 375 513 τα,παραστῆσαί
402 487 432 504 τε
457 478 504 504 καὶ
530 477 662 512 δηλῶσαι,
690 477 758 504 ἀλλὰ
771 477 811 504 δεῖ
836 477 882 504 καὶ
903 478 934 503 τὸ

140 521 320 556 ὑποκείμενον
330 522 434 553 τούτοις
447 523 546 554 εἰπεῖν,
555 523 580 548 εἰ
596 522 687 557 μέλλοι
701 522 757 556 (54)
769 522 879 554 τελείως
887 523 934 549 καὶ

140 568 323 603 ἀποχρώντως
336 568 366 594 τὸ
379 568 523 604 νοούμενον
544 567 770 604 παραστήσεσθαι
821 568 875 603 γὰρ
886 568 934 594 ἆν-

140 613 259 649 θρωπος,
269 613 384 648 ἢβοῦς,ἢ
393 613 476 645 ἵππος
481 613 560 640 τοῦτο
571 614 600 640 τὸ
611 613 826 649 ἐνσώματον,καὶ
839 613 935 647 γεννώ-

141 661 279 695 μενον.καὶ
286 659 573 695 φθειρόμενον)·οΰτως
579 660 639 686 οὐδὲ
646 660 705 685 ἐκεῖ
718 660 844 694 στήσεται
855 659 935 695 μέχρι

139 705 185 732 τοῦ
201 707 287 732 εἰπεῖν
306 705 325 732 ἃ
342 706 379 740 μὴ
396 705 480 738 ἐστιν,
496 706 510 732 ὁ
523 705 574 740 τὴν
586 704 634 732 τοῦ
649 704 725 736 ὄντος
738 704 935 740 πολυπραγμο-

139 753 192 779 νῶν
209 751 299 786 φύσιν·
313 752 381 778 ἀλλὰ
394 752 435 778 δεῖ
451 752 520 787 πρὸς
533 751 572 786 τῷ
595 750 651 787 (55)
665 752 752 777 εἰπεῖν
770 751 788 778 ἃ.
810 751 846 786 μὴ
864 751 932 784 ἐστι,

140 799 186 825 καὶ
200 799 215 824 ὅ
230 799 305 824 ἐστιν
319 799 416 824 εἰπεῖν·
428 798 483 832 ὅσῳ
498 798 545 824 καὶ
559 798 623 833 ῥᾷον
638 797 668 823 ἓν
692 806 718 824 τι
735 797 901 833 περιλαῧεῖν,
915 797 931 832 ἢ

138 844 173 872 τὰ
187 845 277 872 πάντα
291 845 353 871 καθ’
367 845 482 871 ἕκαστον
501 844 639 875 ἀπειπεῖν,
654 844 697 870 ἵνα
712 843 744 870 ἐκ
763 852 793 870 τε
810 843 866 878 (56)
882 843 933 877 τῆς

985 250 1050 284 Deo,
1065 251 1106 277 vel
1123 251 1195 278 circa
1213 249 1509 285 Deum,prxdicantur.
1524 250 1593 284 Quid
1606 252 1676 278 enim
1693 252 1776 286 proii-

985 300 1027 323 est
1050 296 1083 323 ad
1110 296 1282 323 indicandam
1308 296 1393 330 ipsius
1422 301 1546 323 naturam
1572 301 1600 324 et
1626 297 1777 324 subsisten-

987 341 1049 368 tiam
1063 348 1114 375 qua
1128 341 1245 373 exsistit,
1262 341 1283 368 si
1301 341 1377 369 dicas
1401 349 1462 369 eum
1479 341 1584 369 initium
1595 349 1648 369 non
1665 341 1777 373 habere,

986 394 1035 414 nec
1050 395 1064 413 ιι
1073 394 1102 414 se
1114 394 1230 421 unquam
1243 387 1407 420 desciscere,
1420 394 1469 414 nec
1481 387 1541 415 ullis
1553 387 1677 414 terminis
1689 387 1777 414 inclu-

986 430 1030 457 di?
1052 430 1151 457 Verum
1171 435 1253 458 totam
1277 431 1337 466 ejus
1363 433 1508 459 essentiam
1533 433 1735 460 edisserendam
1750 437 1778 460 et
1818 431 1822 436 ’

986 476 1174 511 inquirendam
1201 477 1264 504 huic
1279 477 1469 512 relinquimus,
1487 477 1532 512 qui
1552 485 1616 505 vere
1635 477 1682 504 Dei
1707 477 1777 505 noti-

986 523 1050 549 tiam
1063 523 1153 556 habet,
1175 527 1256 557 atque
1281 523 1307 550 in
1324 523 1535 558 contemplando
1558 523 1706 558 perfectior
1724 527 1776 551 est.

986 568 1105 596 Utenim
1126 569 1261 596 nonsatis
1277 573 1319 596 cst
1341 577 1440 604 corptts
1461 570 1561 602 dicere,
1580 574 1627 596 aut
1648 577 1777 605 procrea-

986 619 1040 640 ttun
1055 621 1125 646 esse,
1141 614 1174 641 ad
1192 615 1243 641 hoc
1258 615 1300 642 vel
1318 615 1393 647 illud,
1408 616 1450 642 cui
1466 616 1521 642 hrcc
1535 616 1668 650 adjacent,
1685 616 1778 651 expri-

985 658 1110 685 mendum
1132 663 1159 686 et
1175 659 1359 692 indicandum,
1375 661 1423 688 sed
1447 661 1512 695 quid
1528 661 1583 695 ipsa
1601 668 1706 695 quoque
1734 669 1777 689 res

984 703 1105 737 subjecta
1118 703 1163 736 sit,
1177 704 1319 731 dicendum
1332 709 1383 738 est,
1393 705 1415 732 si
1430 705 1508 732 modo
1519 705 1652 738 volumus,
1664 705 1691 733 in
1706 706 1777 740 quod

985 749 1146 783 cogitamus,
1162 750 1240 783 plene
1258 754 1339 785 alque
1361 751 1468 778 abunde
1488 756 1683 786 repraesentare
1707 753 1778 788 (po-

985 798 1038 822 test
1053 795 1124 822 enim
1147 796 1188 823 vel
1206 796 1297 830 homo,
1324 797 1365 823 vel
1384 797 1442 830 bos,
1469 797 1513 825 vel
1531 805 1614 832 equus
1639 805 1707 832 esse,
1727 798 1779 826 hoc

984 841 1055 875 quod
1067 847 1227 876 corporeum
1241 850 1274 870 ac
1287 848 1457 878 procreatqu
1473 849 1500 871 et
1519 844 1694 878 corruptibile
1717 851 1778 872 esse

139 890 306 926 ἀναιρέσεως
331 886 368 917 ὧν
385 889 435 916 οὐκ
459 889 529 922 ἐστι,
549 889 596 916 καὶ
613 889 661 924 τῆς
676 885 706 915 οὗ
736 890 793 915 ἐστι
818 889 928 921 Θέσεως,

984 887 1189 922 pronuntiamus
1206 888 1234 923 ):
1250 888 1282 915 ad
1303 889 1426 916 eumdem
1440 889 1548 917 modum
1575 889 1620 924 qui
1633 889 1679 916 Dei
1701 894 1778 916 natu-

139 935 293 971 πριληφθῇ
314 935 344 961 τὸ
357 935 512 970 νοούμενον.
530 934 559 961 '0
574 934 614 966 δὲ,
639 934 656 960 ἃ
675 934 724 970 μὲν
738 934 788 960 οὐκ
801 933 858 960 ἔστι
886 933 930 960 λέ-

139 989 204 1014 γων,
224 981 333 1007 σιωπῶν
357 981 385 1007 δὲ
407 981 422 1007 ὃ
436 981 504 1011 ἐστι,
529 981 602 1007 ποιεῖ
623 981 824 1016 παραπλήσιον,
838 979 931 1016 ὥσπερ

138 1026 170 1053 ἂν
186 1026 243 1062 (57)
263 1027 286 1053 εξ
315 1027 350 1053 τὰ
366 1027 446 1053 πέντε
467 1027 508 1058 δὶς
530 1027 580 1053 ὅσα
596 1027 670 1053 ἐστὶν
689 1027 876 1062 ἐρωτώμενος,
891 1027 932 1052 ὅτι

140 1071 230 1106 μὲνού
248 1070 375 1105 δύσλὲγοι
393 1070 460 1106 (38),
479 1071 539 1097 οὐδὲ
552 1069 627 1105 τρία,
647 1070 707 1096 οὐδὲ
724 1070 854 1105 τέσσαρα,
871 1069 931 1095 οὐδὲ

139 1116 230 1147 πέντε,
246 1116 304 1143 οὐδὲ
320 1116 434 1148 εἴκοσιν,
462 1116 522 1142 οὐδὲ
538 1115 695 1150 τριάκοντα.
711 1114 771 1141 οὐδέ
795 1123 865 1147 τινα,
888 1114 932 1140 ἵνα

139 1162 256 1190 συνελὼν
267 1162 347 1194 εἴπω,
365 1162 419 1189 τῶν
432 1162 506 1193 ὲντὸς
521 1162 641 1193 δεκάδος,
658 1161 674 1196 ἢ
694 1160 844 1187 δεκαδικῶν
870 1161 931 1196 ἀρι-

140 1209 224 1244 ὂμῶιν
242 1209 281 1235 ὅτι
294 1208 322 1234 δὲ
332 1209 374 1244 εἴη
387 1209 454 1235 δέκα
465 1207 502 1243 μὴ
514 1207 599 1241 λέγοι,
611 1207 678 1242 μηδὲ
694 1206 791 1242 ἐρείδοι
809 1206 853 1232 τὸν
868 1205 931 1232 νοῦν

136 1254 183 1281 τοῦ
199 1254 356 1290 ἐρωτῶντος
377 1255 417 1285 εἰς
441 1253 471 1280 τὸ
495 1253 670 1288 ζητούμενον.
693 1251 787 1287 Πολλῷ
800 1251 853 1286 γὰρ
868 1252 932 1287 ῥᾷον
954 1260 963 1282 ι

138 1299 184 1326 καὶ
199 1299 405 1334 συντομώτερον
419 1300 452 1325 ὲκ
463 1297 510 1324 τοῦ
527 1298 541 1324 ὃ
555 1299 630 1324 ἐστιν
647 1298 696 1324 ὅσα
710 1297 760 1324 οὐκ
774 1297 831 1324 ἐστι
847 1297 932 1332 δηλῶ-

138 1353 191 1377 σαι,
207 1345 223 1380 ἢ
242 1345 273 1371 ἐκ
289 1344 336 1371 τοῦ
351 1344 456 1371 ἀνελεῖν
478 1344 495 1371 ἃ
516 1344 552 1380 μὴ
577 1344 661 1374 ἔστιν,
687 1344 701 1369 ὅ
717 1343 791 1368 ὲστιν
812 1342 931 1375 ἐνδείξα-

138 1391 207 1418 σθαι.
224 1392 262 1417 ’Ὴ
275 1390 352 1417 τοῦτο
371 1390 420 1426 μὲν
433 1391 513 1417 παντὶ
521 1390 609 1425 δῆλον.

982 940 1039 959 ram
1054 933 1186 960 curiosius
1200 933 1387 968 inquirendam
1398 935 1514 968 duxerit,
1522 943 1574 963 non
1587 936 1631 963 hic
1642 937 1775 971 conquie-

984 983 1052 1011 scet,
1076 983 1104 1004 ut
1131 980 1214 1012 dicat,
1231 980 1294 1015 quid
1310 988 1361 1008 non
1377 981 1413 1007 sit
1431 981 1514 1014 Deus,
1528 982 1576 1009 sed
1597 982 1648 1009 hoc
1671 989 1778 1016 quoque

983 1023 1035 1058 ipsi
1052 1023 1233 1056 adjiciendum
1250 1024 1311 1058 erit,
1331 1029 1370 1056 ut,
1387 1025 1451 1058 quid
1473 1024 1519 1057 sit,
1544 1029 1680 1057 exponat;
1697 1025 1778 1060 idque

983 1075 1016 1095 eo
1032 1069 1127 1103 magis,
1151 1069 1223 1103 quod
1238 1069 1327 1096 minus
1353 1068 1459 1096 dillicile
1476 1073 1517 1095 est
1533 1076 1614 1096 unum
1640 1069 1777 1104 quidpiam

985 1115 1076 1141 animo
1092 1114 1246 1148 complecti,
1262 1123 1342 1150 quam
1359 1116 1450 1143 omnia
1470 1115 1607 1150 sigillatim
1630 1116 1778 1144 inﬁciendo

986 1167 1137 1192 removere,
1165 1165 1194 1187 ut
1217 1159 1325 1193 rejectis
1342 1161 1386 1192 iis,
1403 1168 1463 1195 qua:
1482 1169 1535 1188 non
1552 1165 1603 1194 est,
1622 1165 1650 1188 et
1674 1161 1777 1189 consti-

985 1209 1042 1232 tuto
1053 1213 1095 1235 eo.
1114 1205 1185 1240 quod
1199 1206 1244 1238 sit,
1269 1206 1515 1241 comprehendatur
1531 1207 1556 1233 id
1579 1206 1651 1241 quod
1672 1207 1777 1242 cogita-

986 1258 1056 1277 mus.
1072 1251 1121 1284 Qui
1136 1258 1201 1278 vero
1214 1251 1263 1284 ita,
1278 1252 1341 1286 quid
1361 1260 1403 1280 res
1417 1252 1506 1287 aliqua
1522 1260 1574 1279 non
1590 1253 1637 1285 sit,
1656 1260 1778 1287 pronun.

986 1296 1043 1328 tiat,
1060 1302 1088 1322 ut
1103 1297 1222 1329 interim,
1234 1298 1297 1331 quid
1314 1298 1361 1329 sit,
1382 1302 1478 1330 taceat,
1491 1305 1543 1325 non
1560 1297 1690 1326 absimilis
1701 1303 1743 1326 est
1754 1299 1777 1326 ei

984 1342 1028 1375 qui
1045 1347 1164 1376 rogatus,
1192 1343 1232 1369 bis
1245 1343 1364 1378 quinque
1390 1348 1455 1378 quot
1467 1344 1531 1376 sint,
1545 1344 1705 1379 respondeat
1719 1345 1777 1378 qui-

985 1387 1043 1413 deut
1059 1395 1090 1414 ea
1112 1395 1160 1414 nec
1177 1388 1230 1414 duo
1251 1396 1320 1422 esse,
1338 1397 1386 1416 nec
1414 1390 1476 1422 tria,
1502 1397 1552 1417 nec
1573 1395 1700 1424 quatuor,
1728 1397 1777 1419 nec

137 1438 266 1472 quinque,
283 1445 332 1464 nec
347 1437 452 1471 viginti,
464 1444 513 1464 nec
526 1437 646 1471 triginta,
663 1443 725 1469 nec,
741 1440 770 1463 ut
782 1434 856 1462 brevi
891 1432 1068 1467 complectar,
1103 1434 1186 1462 ullum
1221 1443 1363 1462 numerum
1382 1435 1449 1462 citra
1469 1436 1510 1462 vel
1534 1436 1604 1463 ultra
1619 1433 1776 1463 denarium;

137 1492 265 1513 caeterum
286 1485 357 1520 quod
376 1486 467 1513 decem
482 1486 546 1518 sint,
566 1493 619 1512 non
637 1485 719 1517 dicat,
735 1492 783 1511 nec
807 1487 924 1510 mentem
944 1482 1011 1516 ejus,
1027 1490 1042 1509 a
1073 1490 1126 1517 quo
1156 1483 1349 1518 interrogatur,
1366 1484 1398 1510 ad
1417 1484 1443 1510 id
1463 1484 1533 1519 quod
1559 1484 1700 1518 quasitum
1725 1488 1777 1511 est.

137 1533 235 1568 alIigat.
253 1533 335 1560 Multo
349 1533 421 1560 enim
445 1533 550 1560 facilius
566 1537 594 1560 et
606 1532 825 1568 compendiosius
840 1536 890 1562 est,
904 1538 937 1557 ex
956 1537 998 1562 eo,
1013 1531 1094 1564 quod,
1111 1531 1229 1565 quidsit,
1246 1531 1356 1564 dixeris,
1374 1532 1502 1566 quidquid
1512 1539 1564 1559 non
1579 1532 1615 1559 sit
1628 1531 1776 1564 declarare,

137 1583 215 1610 Quam
232 1587 265 1607 ex
280 1587 387 1612 eorum,
403 1581 467 1615 quid
494 1588 546 1607 non
567 1586 620 1614 est,
634 1581 770 1608 ablatione
795 1584 875 1614 atque
889 1577 1065 1610 inliciatioue,
1084 1587 1143 1613 qua:
1162 1579 1207 1612 sit,
1224 1580 1428 1612 demonstrare;
1447 1579 1675 1614 quemadmodum
1691 1579 1776 1615 cuivis

137 1626 310 1660 perspicuum
328 1633 388 1653 esse
406 1627 537 1654 arbitror.

172 1672 201 1698 l'.
217 1671 296 1698 Ἐπεὶ
308 1671 336 1697 δέ
344 1672 421 1702 ἐστιν
435 1671 580 1707 ἀσώματον
597 1673 662 1707 ἡμῖν
685 1671 715 1698 τὸ
731 1672 817 1704 (θεῖον,
839 1669 933 1705 μικρόν
947 1669 968 1699 C

136 1725 162 1743 τι
175 1717 431 1753 προσεξετὰσωμεν.
448 1718 566 1753 Πότερον
583 1718 700 1753 οὐδαμοῦ
718 1717 807 1750 τοῦτο,
823 1717 839 1752 ἦ
855 1718 930 1743 ἐστιν

137 1761 216 1795 ὄπου;
230 1763 262 1789 Εἰ
287 1762 337 1798 μὲν
351 1763 405 1798 γὰρ
422 1763 550 1799 οὐδαμοῦ,
565 1763 681 1799 ζητήσαι
695 1772 737 1796 τις
751 1763 783 1790 ἂν
795 1764 849 1790 τῶν
865 1763 933 1797 ἄγαν

137 1806 319 1839 ὲξεταστικῶν
335 1808 403 1842 (59),
425 1808 484 1840 πῶς
496 1808 530 1836 ἂν
545 1809 591 1835 καὶ
610 1808 663 1845 εἴη.
681 1809 713 1835 Εἰ
727 1808 821 1844 γὰρτὸ
839 1809 875 1843 μὴ
891 1808 931 1840 ὃν,

137 1853 267 1888 οὐδαμοῦ,
284 1854 315 1880 τὸ
335 1854 474 1890 μηδαμοῦ,
485 1855 566 1889 τυχὸν
580 1855 640 1881 οὐδὲ
657 1855 697 1880 ὅν.
714 1855 744 1881 Ei
755 1854 784 1880 δέ
799 1855 857 1880 ἐστι
870 1863 930 1886 που,

138 1899 249 1931 πάντως
275 1900 392 1936 ἐπείπερ
416 1902 499 1932 ἐστὶν,
523 1901 538 1935 ἣ
558 1902 586 1927 ἐν
605 1901 643 1936 τῷ
660 1901 784 1936 παντὶ,ῆ
810 1901 878 1936 ὑπὲρ
903 1900 933 1926 τὸ

137 1945 203 1971 πᾶν.
228 1945 298 1971 ’Λλλ’
318 1947 342 1972 εἰ
359 1946 408 1981 μὲν
425 1947 454 1973 ἐν
467 1946 505 1981 τῷ
521 1947 612 1980 παντὶ,
635 1947 651 1982 ἦ
667 1956 730 1979 τινι,
745 1947 760 1982 ἢ
780 1946 929 1981 πανταχοῦ,

137 1990 192 2017 Καὶ
208 1992 232 2017 εξ
250 1992 299 2027 μὲν
313 1991 342 2019 ἐν
353 2001 417 2024 τινι,
432 1993 478 2019 ὑπ’
491 1993 631 2024 ἐλάττονος
643 1992 929 2029 περιγραφήσεταιτοῦ

135 2044 222 2067 τινος.
242 2037 274 2063 Εἰ
290 2036 318 2063 δὲ
341 2038 479 2073 πανταχοῦ
503 2038 567 2072 (40),
586 2039 637 2065 ὑπὸ
656 2039 777 2069 πλείονος
793 2039 839 2064 καὶ
853 2037 931 2065 ἄλλου

136 2080 245 2112 πολλοῦ,
276 2081 347 2116 λέγω
362 2082 401 2112 δὲ,
419 2082 448 2108 τὸ
473 2083 668 2118 περιεχόμενον
684 2083 731 2108 τοῦ
750 2082 930 2118 περιέχοντος.

135 2127 166 2153 Εἰ
174 2127 204 2154 τὸ
211 2128 266 2154 πᾶν
275 2128 327 2154 ὑπὸ
336 2127 384 2154 τοῦ
394 2127 596 2163 παντὺςμέλλει
611 2129 666 2164 (Η)
677 2128 930 2164 περισχεθήσεσοαι,

135 2172 181 2198 καὶ
191 2172 295 2207 μηδένα
311 2173 392 2199 τόπον
407 2171 475 2200 εῖναι
487 2174 662 2209 περιγραφῆς
676 2173 828 2209 ἐλεύθερον.
841 2174 932 2200 Ταῦτα

136 2216 184 2250 μὲν
192 2216 258 2251 (42).
270 2218 295 2243 εἰ
304 2217 332 2243 ὲν
341 2217 377 2252 τῷ
387 2218 477 2244 παντί.
486 2219 540 2245 Καὶ
550 2218 611 2251 ποῦ,
622 2219 687 2254 πρὶν
695 2219 819 2253 γενέσθαι
826 2219 855 2245 τὸ
862 2220 929 2251 πᾱν;

135 2261 200 2288 Οὐδὲ
216 2262 271 2298 γὰρ
297 2263 375 2289 τοῦτο
390 2264 486 2298 μικρὸν
502 2265 540 2296 εἰς
565 2265 693 2300 ἀπορίαν.
715 2266 746 2292 Εἰ
767 2266 794 2292 δὲ
811 2267 880 2301 ὑπὲρ
901 2267 931 2293 τὸ

135 2308 199 2339 πᾶν,
215 2305 260 2343 ἆρ’
279 2308 356 2334 οὐδὲν
370 2306 404 2343 ἦν
418 2309 447 2335 τὸ
459 2309 580 2344 διορίζον
602 2310 667 2336 αὐτὸ
680 2310 725 2336 τοῦ
741 2311 855 2343 παντὸς,
876 2311 930 2338 Ποῦ

1024 1669 1053 1696 Χ.
1068 1670 1200 1703 Quoniam
1217 1671 1298 1705 igitur
1313 1672 1394 1698 Deum
1408 1678 1522 1706 corpore
1536 1678 1631 1699 vacare
1646 1671 1722 1698 nobis
1736 1665 1776 1697 es'

985 1718 1154 1752 exploratum
1168 1738 1176 1750 ,
1197 1718 1334 1752 aliquanto
1353 1719 1466 1746 ulterius
1482 1719 1507 1745 iu
1528 1718 1688 1753 inquirendo
1713 1726 1775 1753 pro-

984 1765 1148 1798 grediamur.
1163 1764 1336 1799 Nusquamne
1354 1765 1398 1791 ille
1412 1769 1463 1797 est,
1479 1773 1510 1791 an
1531 1765 1647 1792 alicubi?
1663 1764 1690 1792 Si
1703 1766 1774 1792 enim

985 1817 1127 1844 nusquam,
1145 1815 1247 1844 qureret
1263 1810 1377 1837 fortasse
1395 1811 1493 1844 aliquis
1505 1817 1538 1837 ex
1555 1810 1588 1837 iis
1611 1810 1657 1844 qui
1683 1810 1774 1845 inqui-

986 1857 1061 1882 rendi
1077 1863 1109 1882 ac
1134 1857 1289 1890 disputandi
1317 1856 1467 1884 subtilitate
1490 1856 1636 1891 impensius
1648 1857 1774 1890 gaudent,

984 1902 1118 1934 quomodo
1131 1908 1191 1928 esse
1203 1909 1311 1936 quoque
1323 1903 1418 1936 possit.
1433 1902 1498 1928 Nam
1511 1903 1532 1929 si
1545 1902 1570 1929 id
1581 1903 1650 1937 quod
1660 1910 1713 1929 non
1722 1908 1773 1934 est,

985 1955 1116 1982 nusquam
1132 1952 1196 1974 est:
1218 1948 1244 1975 id
1275 1956 1382 1983 quoque
1411 1949 1481 1982 quod
1508 1956 1640 1982 nusquam
1666 1953 1717 1980 est,
1741 1956 1775 1975 ne

983 1993 1090 2027 quidem
1113 1993 1228 2021 fortasse
1243 1999 1293 2021 est.
1311 1993 1386 2026 Quod
1405 1993 1426 2020 si
1454 1993 1549 2020 alicubi
1578 2001 1637 2020 esse
1662 1994 1772 2026 dixeris,

984 2038 1170 2072 proculdubio,
1185 2038 1405 2073 quandoquidem
1422 2041 1472 2070 est,
1489 2037 1528 2064 vel
1542 2037 1568 2063 in
1582 2037 1709 2064 universo
1720 2044 1772 2070 est,

983 2083 1024 2109 vel
1039 2091 1119 2117 supra
1136 2084 1299 2110 universum.
1314 2083 1342 2109 Si
1358 2083 1383 2109 in
1405 2083 1547 2115 universo;
1565 2083 1606 2110 vel
1620 2083 1644 2110 in
1656 2083 1773 2118 quadam

982 2129 1039 2163 ejus
1053 2135 1130 2163 parte
1145 2135 1196 2161 est,
1213 2129 1253 2156 vel
1264 2129 1342 2164 503
1356 2129 1464 2163 ubique.
1479 2128 1506 2155 Si
1519 2128 1634 2162 quadam
1647 2128 1672 2155 in
1685 2133 1771 2163 parte,

983 2183 1047 2211 ergo
1063 2183 1076 2201 a
1091 2175 1187 2202 minori
1206 2175 1257 2202 bac
1271 2181 1346 2208 parte
1372 2174 1612 2202 circumscribetur
1647 2174 1694 2201 Sin
1711 2174 1772 2201 ubi-

982 2229 1044 2256 que,
1060 2222 1093 2248 ab
1108 2221 1236 2255 ampliore
1256 2221 1362 2254 alioque
1379 2221 1463 2247 multo
1491 2220 1603 2254 majore,
1631 2220 1656 2247 id
1677 2224 1728 2252 est,
1755 2228 1771 2247 a

982 2267 1135 2294 continente
1148 2267 1342 2294 continebitur.
1358 2265 1421 2293 [hec
1433 2266 1454 2293 si
1468 2266 1632 2298 dederimus,
1650 2265 1769 2293 futurum

982 2319 1032 2346 est,
1054 2318 1082 2340 ut
1096 2313 1250 2340 universum
1265 2312 1382 2339 universi
1407 2312 1548 2346 complexu
1566 2316 1689 2339 teneatur
1699 2331 1707 2344 ,
1721 2319 1771 2340 nec

135 2352 163 2378 δὲ
186 2353 217 2379 τὸ
241 2353 312 2388 ὑπὲρ
328 2354 425 2387 τοῦτο;
454 2355 509 2381 Καὶ
528 2356 585 2382 πῶς
612 2356 709 2391 ἐνοήθη
730 2357 760 2382 τὸ
781 2357 928 2392 ὑπεραῖρον

984 2359 1050 2386 ullus
1067 2367 1080 2385 ο
1095 2359 1347 2393 circumscriptione
1368 2358 1436 2384 liber
1453 2362 1541 2384 exstet
1568 2358 1651 2385 locus.
1675 2357 1702 2384 lu
1720 2357 1770 2385 has

136 2398 182 2424 καὶ
193 2399 420 2435 ὑπεραιρόμενον,
443 2402 492 2427 οὐκ
507 2401 583 2432 ὄντος
595 2402 658 2436 ὅρου
678 2403 748 2434 τινος
760 2403 805 2429 τοῦ
818 2403 929 2438 τέμνον-

135 2451 180 2474 τος
192 2444 282 2472 ταῦτα
307 2445 353 2471 καὶ
367 2445 545 2481 ὃιορίζοντοςς
573 2448 608 2474 Ἢ
623 2448 675 2483 χρὴ
690 2449 796 2480 πάντως
808 2447 876 2475 εἶναι
899 2449 929 2476 τὺ

137 2488 229 2522 μέσον,
256 2491 306 2516 καὶ
328 2486 349 2523 ᾧ
373 2490 537 2526 περατοῦται
560 2492 591 2518 τὸ
618 2493 682 2526 πᾶν,
700 2493 745 2519 καὶ
765 2494 794 2520 τὸ
816 2494 885 2530 ὑπὲρ
899 2494 928 2520 τὸ

183 2591 228 2635 Ξιὲ)
244 2591 334 2635 Bsili-
349 2592 427 2635 “esst
442 2592 467 2620 ίη
484 2593 568 2635 οτκὲς

181 2627 226 2658 δι)
240 2627 364 2653 Μέλλω.
383 2627 446 2661 lieg.
464 2635 490 2661 τι,
508 2629 610 2664 μέλλει.

182 2661 227 2694 55)
247 2661 300 2694 Τῷ.
317 2662 397 2689 Coisl.
413 2663 438 2693 l,
453 2663 493 2691 τό.

182 2695 227 2733 ἔξ)
241 2697 299 2733 flia:
312 2705 352 2723 τε.
376 2697 488 2733 Deestts
503 2699 527 2724 in
541 2698 606 2733 Reg.
625 2699 679 2725 bm.

170 2731 226 2766 ('57)
240 2732 355 2766 Ὠσπερ
372 2732 419 2758 ἄν.
438 2733 515 2759 Deest
526 2734 558 2760 ἄν
577 2731 658 2760 iiiOr.
678 2733 706 2760 1.

170 2764 225 2826 x38)
262 2767 305 2793 οὺ
336 2764 394 2793 δύο
421 2767 513 2802 λέγοι,
539 2774 592 2795 etc.
621 2768 706 2802 ltcgg.
728 2776 753 2802 a,
789 2770 844 2803 bm,
875 2775 928 2797 tres

170 2799 211 2826 ib.
242 2807 270 2826 et
298 2800 345 2826 0r.
373 2802 395 2826 1.
426 2803 456 2826 οὐ
481 2803 525 2826 δύο
553 2803 635 2826 λέγει,
667 2804 727 2826 οὐδὲ
756 2807 832 2826 τηρῖιε
866 2805 926 2826 mm)-

136 2798 220 2827 Colb..
242 2807 270 2828 et
298 2800 345 2829 Or.
373 2802 397 2834 1,
426 2798 525 2829 οὺ’δύο
553 2803 635 2838 λέγει,
662 2798 728 2831 ὀὐδὲ
748 2798 844 2840 ’τρεῖςξ
866 2805 927 2832 οὐδὲ

136 2834 282 2867 τέσσαρας.

172 2862 397 2908 (5931³ῶνὰῃαν
408 2872 616 2906 ὲξετιιστικῶν.
637 2883 646 2900 ι
667 2873 716 2907 Qui
738 2875 807 2904 scire
832 2883 864 2904 ac
886 2875 927 2903 in-

982 2404 1292 2431 absurtlilatesincidant
1305 2410 1415 2429 necesse
1431 2407 1484 2433 est.
1503 2403 1549 2436 Qui
1574 2410 1635 2429 cum
1659 2402 1684 2429 in
1710 2403 1770 2429 uui-

982 2458 1061 2477 vcrso
1073 2458 1132 2477 esse
1145 2449 1273 2475 dixerint.
1300 2449 1339 2475 Ac
1355 2453 1494 2483 praeterea,
1512 2447 1621 2475 ubinam
1634 2453 1703 2480 erat,
1721 2455 1769 2474 au-

982 2500 1089 2530 tequam
1108 2496 1234 2522 universa
1259 2495 1317 2521 haec
1340 2501 1430 2521 rerum
1457 2494 1580 2521 machina
1601 2493 1767 2520 exstitisset?

983 2595 1117 2628 vestigare
1131 2595 1220 2621 omnia
1237 2599 1357 2627 cupiunt.
1380 2603 1390 2620 ι

1019 2631 1074 2665 (40)
1087 2631 1121 2656 El
1139 2629 1173 2656 δὲ
1187 2630 1352 2664 πανταχοῦ,
1369 2636 1421 2657 etc.
1449 2629 1509 2656 Bill.
1525 2637 1531 2654 :
1549 2638 1558 2655 ι
1581 2629 1628 2656 Sin
1655 2629 1765 2664 ubique,

981 2673 1046 2699 ergo
1060 2667 1092 2692 ab
1117 2665 1169 2692 alio
1184 2665 1267 2691 multo
1286 2665 1387 2697 majore
1402 2665 1584 2691 continebitur
1601 2665 1641 2691 :si
1658 2666 1765 2699 quidem

981 2701 1100 2727 futurum
1115 2706 1166 2731 est,
1182 2705 1210 2725 ut
1223 2700 1293 2726 Deus
1310 2704 1380 2726 lotus
1393 2700 1508 2726 universi
1522 2700 1661 2734 complexu
1681 2705 1767 2728 tenea-

982 2740 1035 2766 tur,
1054 2743 1102 2762 nec
1115 2736 1165 2760 ulla
1182 2742 1213 2760 ex
1233 2740 1306 2768 parte
1319 2735 1576 2768 circumscriptionis
1588 2743 1684 2769 expers
1700 2737 1762 2763 sit.)

1016 2770 1072 2804 (tl)
1100 2769 1219 2796 Μέλλει.
1250 2769 1315 2804 lti-g.
1350 2770 1406 2801 bm,
1435 2775 1489 2797 tres
1511 2769 1587 2797 Colb.
1617 2774 1645 2797 et
1669 2771 1762 2798 Comb.

1003 2805 1083 2832 ἐλλοι.

1101 2839 1196 2866 Tui-ra
1208 2838 1275 2872 μέν,
1299 2844 1350 2876 etc.
1368 2839 1458 2876 «_lla~.c
1472 2840 1578 2874 quidem
1595 2847 1763 2876 consequen-

981 2882 1034 2910 tur,
1052 2877 1074 2903 si
1091 2876 1117 2902 in
1133 2876 1183 2902 hac
1195 2875 1368 2903 universitate
1378 2874 1449 2903 Deus
1458 2876 1645 2904 constituatur.
1663 2884 1673 2901 ι
