2049 3131
272 132 308 160 39
872 131 901 158 S.
922 129 1087 157 GREGORII
1109 129 1281 158 TllEOLOC-l
1857 133 1891 160 ιο

273 192 340 219 Nam
351 191 400 218 hoe
411 197 516 226 quoque
528 197 579 217 nan
591 189 676 217 levent
686 189 867 217 diﬂicultatem
879 190 965 218 all‘ert.
979 191 1046 223 ριιοι

1109 191 1176 222 xiv;
1193 191 1248 217 Καὶ
1264 191 1291 216 τί
1316 191 1378 218 ἄλλο
1403 190 1508 226 τοῦτοῆ
1527 189 1608 222 τόπος
1629 191 1712 223 ἐστὶν,
1730 191 1813 227 ὅνπερ
1827 192 1892 225 ὲφύτ

272 239 294 265 si
307 246 368 264 eum
383 245 461 271 supra
480 237 634 265 universum
649 244 710 264 esse
728 237 853 269 dixerint,
871 237 952 271 quid?
968 236 1052 263 Nihil-

272 291 306 310 ne
316 287 385 314 erat,
401 284 471 317 quod
487 290 546 309 eunt
567 282 601 309 ab
616 282 740 309 universo
760 281 916 309 dirimeret?
935 280 1049 308 Ubinam

271 335 351 362 porro
365 333 432 357 erat,
448 328 518 362 quod
533 334 613 361 supra
640 327 794 354 universum
816 326 891 353 erat?
906 327 958 353 Aut
983 334 1049 360 quo-

1104 243 1187 270 γομεν
1200 244 1206 268 ;
1221 236 1275 262 Καὶ
1287 236 1363 263 οὖπω
1376 237 1446 270 λέγω
1461 236 1491 262 τὸ
1504 235 1690 271 περιγραπτὸν
1702 235 1809 268 πάντως
1822 234 1892 263 εἶναι

1105 281 1133 307 τὸ
1148 281 1234 312 Θείον,
1249 282 1295 308 καὶ
1307 282 1331 307 εἰ
1341 281 1506 317 (ιιῦ)ὁισ.νοίᾳ
1516 281 1697 316 καταληπτὸψ
1709 281 1739 307 ἓν
1749 281 1802 316 γὰρ
1819 290 1892 316 περι-

1103 327 1211 361 γραφῆς
1223 324 1292 358 εἶδος
1307 327 1355 353 xui.
1366 327 1383 362 ἡ
1397 327 1558 361 κατάληψις.

271 375 351 402 modo
365 374 509 402 internosci
524 379 630 408 poterat
646 374 682 405 id,
699 374 770 408 qttod
787 374 928 401 sublimius
939 379 1006 404 erat,
1024 373 1056 400 ab
1076 380 1118 405 eo,
1135 375 1205 408 quod
1221 374 1343 406 inferius,
1360 381 1421 401 cum
1440 373 1528 400 nullus
1560 373 1637 401 limes
1668 377 1748 405 esset,
1769 373 1813 408 qui
1836 373 1892 401 hare

271 429 426 452 secerneret
442 431 473 450 ac
498 422 690 457 distingueret?
703 422 796 449 Annon
808 421 918 448 omnino
942 428 1053 448 necesse
1072 427 1114 448 est
1130 422 1246 448 taedium
1260 421 1393 454 quoddam
1406 428 1477 453 esse,
1490 428 1554 455 quo,
1567 420 1639 448 velut
1671 420 1795 453 termino,
1825 420 1891 448 diri-

271 476 360 497 matur
371 470 520 497 unit'ersum
532 470 565 496 ab
580 476 622 501 eo,
634 469 704 504 quod
720 477 800 502 supra
819 470 971 496 universth
985 469 1050 496 est?
1067 468 1135 502 Quid
1151 474 1239 496 autent
1255 469 1326 496 aliud
1359 469 1410 496 ltoc
1442 468 1532 500 fuerit,
1545 475 1624 503 quam
1639 469 1725 501 locus,
1741 474 1820 503 quem
1832 469 1889 504 jam

271 521 333 543 ante
347 515 525 543 exclusimus?
541 514 662 542 Nondum
686 515 759 542 euint
779 522 970 546 counuemoro,
995 514 1052 541 ﬁeri
1071 515 1180 542 omnino
1198 522 1248 541 non
1267 521 1354 549 posse,
1388 515 1453 549 quin
1485 516 1706 549 circmnscriptns
1719 517 1756 545 sit
1772 518 1852 549 Deus,
1865 518 1889 545 si

270 563 361 590 animo
371 567 397 589 et
405 562 566 597 cogitatione
575 561 765 595 comprehendi
774 566 870 595 potest.
884 561 970 588 Unum
979 561 1077 596 quippe
1086 561 1343 594 circumscriptionis
1351 569 1436 596 genus
1446 562 1650 596 comprehensio
1657 571 1764 598 quoque
1774 565 1829 599 ipsa
1837 570 1888 591 est.

307 607 351 634 XI.
367 607 499 640 Quorsum
515 611 604 633 autent
633 608 690 634 ltzrc
713 606 839 638 disserui,
869 600 1055 640 curiosiusque

270 653 394 685 fortasse,
413 660 494 687 quam
511 652 580 687 vulgi
600 659 680 679 aures
697 651 795 684 ferant,
822 660 852 678 ac
866 659 914 686 pro
928 660 976 684 ea,
993 659 1054 686 quae.

271 699 321 726 hac
342 703 501 733 tempestate
518 699 598 732 viget,
617 698 769 732 disputandi
782 698 974 732 rationc(qtta:,
988 698 1053 724 sint-

269 745 331 780 plici
347 750 427 779 atque
442 745 557 779 ingenua
577 751 666 770 rerum
680 744 830 770 divinarum
844 744 1052 777 pertractatione

269 795 421 824 contempta
436 795 463 816 et
477 797 524 824 pro
541 789 624 816 nihilo
638 789 738 819 habita,
759 789 899 816 subdolum
918 794 998 824 atque
1010 789 1050 816 in-

268 836 386 863 volutum
404 835 510 862 dicendi
527 843 610 868 genus
631 835 748 867 invexit;
762 840 789 861 ut
806 835 931 861 nimirum
948 843 979 862 ex
995 834 1050 862 fru-

268 882 356 909 ctibus
368 882 448 908 arbor
462 881 496 912 ⁵ο,
515 881 566 907 hoc
581 887 632 912 est,
646 886 704 907 ater
718 881 760 906 ille
775 887 807 906 ac
825 881 982 907 tenebrosus
997 881 1050 914 spi-

269 927 345 958 ritus,
358 926 507 960 hujnsmodi
525 926 676 959 dogmatum
694 924 807 957 alllator,
824 933 855 952 ex
874 925 922 952 ltac
933 926 1051 959 disputa-

269 972 348 998 tionis
360 971 474 1005 caligine
493 971 682 1005 agnoscatur)?
700 970 756 997 Non
769 971 840 997 enini
857 972 905 998 hoc
922 979 954 998 eo
969 980 983 997 a
1008 979 1050 999 me

269 1016 367 1043 factum
392 1022 442 1046 est.
463 1021 490 1043 ut
508 1017 564 1050 ipse
589 1024 694 1050 quoque
719 1024 785 1043 nova
812 1022 838 1043 et
857 1018 891 1043 ab
913 1018 1048 1044 hominum

267 1061 390 1088 sensibus
404 1061 490 1088 aliena
517 1061 648 1096 proferre,
676 1066 754 1096 alqtte
769 1063 866 1089 eximia
890 1063 1005 1097 quadam
1023 1068 1050 1090 et

267 1107 405 1133 i-xccllenti
434 1108 563 1141 sapientia
584 1112 695 1133 ornatus
713 1115 774 1134 esse
796 1107 816 1122 δ’
843 1107 943 1140 videar,
965 1109 1049 1135 nodos

268 1157 388 1183 nectens,
402 1157 482 1186 atque
491 1153 601 1179 astricta
612 1152 779 1185 dissolvens;
793 1153 862 1186 quod
874 1154 980 1187 quidem
994 1161 1049 1180 ma-

267 1204 348 1230 gnum
362 1197 478 1224 Dauielis
488 1198 644 1224 miraculum
661 1198 725 1231 fuit;
744 1206 836 1225 verum
845 1204 873 1225 ut
886 1199 948 1224 illud
958 1204 1049 1226 osten-

266 1243 328 1269 dam
342 1262 348 1273 .
365 1243 434 1276 quod
453 1243 580 1270 orationis
597 1244 728 1278 principio
750 1245 838 1271 dicere
856 1245 1026 1272 instituebatn
1040 1265 1047 1277 ,

266 1287 392 1314 nimirum
409 1287 489 1314 Deum
506 1292 580 1314 extra
595 1289 703 1315 humani
722 1289 821 1323 ingenii
844 1295 949 1322 captum
965 1298 1024 1318 esse
1039 1310 1047 1322 ,

267 1340 316 1360 nec
333 1337 426 1365 totum,
444 1338 561 1367 quantus
574 1339 626 1364 est.
642 1335 752 1369 cogitari
765 1339 845 1369 atque
860 1335 949 1362 animo
963 1336 1047 1362 inl‘or-

266 1379 333 1406 tari
346 1387 439 1413 posse;
452 1379 530 1413 idque
541 1388 592 1406 non
602 1381 636 1407 ob
645 1380 772 1407 invidiam
791 1382 879 1416 (longe
891 1382 960 1408 enini
971 1383 1048 1409 abest

266 1433 281 1451 a
299 1426 388 1453 divina
403 1430 496 1452 natura
514 1426 618 1453 invidim
629 1427 707 1459 livor,
726 1432 816 1462 utpote
831 1436 889 1462 qua:
902 1429 973 1454 onmi
986 1437 1047 1463 per-

267 1472 417 1500 turbatione
435 1478 521 1504 vacat,
547 1473 656 1506 solaque
674 1473 741 1500 bona
765 1479 791 1500 et
806 1475 911 1500 domina
938 1481 988 1505 est,
1015 1482 1047 1501 ac

1139 606 1190 633 ΙΝ.
1212 606 1289 638 Τίνος
1306 604 1351 633 οὖν
1369 606 1459 632 ἕνεκεν
1475 606 1561 633 ταῦτα
1584 607 1697 642 διῆλθον,
1720 608 1766 635 xui
1780 617 1890 644 περιερ-

1104 651 1213 686 γότερον
1226 651 1289 682 ἴσως
1301 651 1316 685 ἢ
1329 650 1398 677 κατὰ
1409 651 1458 682 τὰς
1472 651 1526 676 τῶν
1537 651 1638 678 πολλῶν
1650 652 1743 686 ἀκοὰς,
1760 653 1807 679 xui.
1819 653 1888 679 κατὰ

1103 698 1148 723 τὸν
1164 697 1209 723 νῦν
1222 697 1277 729 (Η)
1301 697 1488 731 κεκρατηκότα
1510 696 1594 723 τύπον
1606 697 1659 723 τῶν
1682 697 1768 731 λόγων
1792 697 1832 732 (ὃς
1857 697 1888 723 τὸ

1103 743 1280 777 γενναῖονκαὶ
1293 742 1396 768 ἁπλοῦν
1416 743 1564 777 ἀτιμάσας,
1579 743 1609 769 τὸ
1633 743 1738 770 σκολιὸν
1761 744 1807 770 καὶ
1827 752 1899 779 γριε

1104 789 1207 823 (postes;
1232 788 1288 822 (45)
1309 789 1500 824 ἐπεισήγαγεν·
1531 789 1568 820 ὼς
1592 790 1624 815 ἐκ
1649 789 1702 815 τῶν
1722 789 1834 824 καρπῶν
1856 790 1888 816 τὸ

1102 835 1208 870 δένδρον
1221 834 1412 868 γινώσκεσθαι,
1423 835 1492 868 λέγω
1506 834 1534 861 δὲ
1551 835 1582 861 τὸ
1598 835 1724 870 ἐνεργοῦν
1734 835 1887 862 τὰτοιαῦτα

1100 881 1223 916 δόγματα
1248 881 1342 912 σκότος
1358 882 1389 907 ὲκ
1405 881 1452 907 τοῦ
1466 881 1547 914 ζόφου
1566 880 1619 907 τῶν
1638 881 1818 917 λεγομένων);
1848 882 1886 908 Οὐ

1101 928 1154 963 γὰρ
1167 928 1210 954 't'vu
1225 927 1272 954 καὶ
1289 927 1369 958 αὐτὸς
1387 926 1524 962 παράδοξα
1545 927 1633 960 λέγειν
1646 927 1722 960 δόξω,
1739 928 1785 954 καὶ
1797 937 1887 964 περιτ-

1100 974 1145 1005 τὸς
1160 973 1296 1009 φαίνωμαι
1310 973 1358 1008 τὴν
1383 973 1488 1007 σοφίαν,
1508 973 1614 1000 πλέκων
1641 974 1802 1009 συνδέσμους
1818 975 1885 1010 (46),

1100 1021 1146 1047 καὶ
1169 1020 1282 1047 διαλύων
1306 1020 1486 1055 κρατούμενα,
1513 1021 1591 1047 τοῦτο
1603 1021 1635 1056 δὴ
1649 1021 1678 1047 τὸ
1699 1021 1770 1055 μέγα
1794 1021 1886 1057 θαῦμα

1099 1066 1146 1092 τοῦ
1161 1067 1269 1101 Δανιήλ-
1283 1066 1340 1092 ἁλλ¹
1358 1066 1390 1092 ἵν’
1405 1067 1493 1092 ἐκεῖνο
1507 1066 1668 1102 δηλώσαιμι,
1684 1067 1697 1093 ὃ
1713 1076 1757 1102 μοι
1768 1067 1857 1102 λέγειν
1872 1069 1886 1094 ὁ

1099 1112 1177 1146 λόγος
1191 1113 1237 1138 ἀπ’
1249 1113 1336 1148 ἀρχῆς
1351 1112 1462 1147 ὥρμησε
1475 1112 1540 1147 (Π),
1556 1113 1641 1139 Τοῦτο
1666 1113 1694 1139 δὲ
1714 1114 1740 1139 τί
1759 1111 1792 1148 ἦν
1808 1113 1881 1148 (-38);

1100 1158 1136 1183 Τὸ
1151 1158 1187 1192 μὴ
1195 1157 1295 1192 ληπτὸν
1310 1155 1378 1183 εἶναι
1395 1157 1552 1194 ἀνθρωπίνῃ
1565 1157 1667 1192 διανοίᾳ
1689 1158 1720 1184 τὸ
1735 1159 1820 1191 Θείον,
1833 1167 1885 1194 μη-

1099 1203 1127 1229 δὲ
1137 1203 1197 1229 ὅλον
1216 1204 1277 1230 ὅσον
1301 1203 1359 1229 ἐστὶ
1382 1203 1574 1238 φαντάζεσθαι·
1593 1204 1734 1231 καὶτοῦτο
1759 1204 1819 1231 οὔτε
1840 1204 1884 1231 διὰ

1100 1249 1195 1283 φθόνον
1213 1249 1334 1284 (μακρὰν
1355 1249 1410 1284 γὰρ
1422 1249 1472 1282 τῆς
1496 1249 1571 1281 θείας
1588 1250 1694 1284 φύσεως
1709 1250 1814 1285 φθόνος,
1835 1251 1884 1286 τῆς

1098 1303 1129 1328 γε
1147 1295 1278 1327 ἁπαῦοῦς,
1293 1295 1340 1321 xui.
1360 1295 1444 1331 μόνης
1459 1295 1572 1331 ἀγαθῆς,
1586 1297 1632 1322 καὶ
1643 1297 1749 1332 κυρίας,
1760 1297 1808 1323 καὶ
1829 1297 1883 1332 μά-

1098 1341 1176 1367 λιστα
1184 1341 1237 1367 τῶν
1253 1341 1349 1367 ἑαυτοῦ
1362 1341 1518 1376 κτισμάτων
1527 1343 1590 1377 περὶ
1601 1342 1631 1368 τὸ
1646 1342 1808 1377 τιμιώτατον
1815 1343 1882 1378 (49).

1098 1387 1130 1413 Τί
1153 1388 1208 1423 γὰρ
1231 1388 1311 1422 Λόγῳ
1329 1388 1381 1423 πρὸ
1397 1389 1451 1414 τῶν
1463 1388 1578 1422 λογικῶν
1589 1397 1595 1404 ·
1623 1389 1682 1415 ἐπεὶ
1710 1389 1757 1416 καὶ
1773 1390 1838 1415 αὐτὸ
1853 1389 1883 1416 τὺ

1098 1433 1246 1468 ὑποστῆναι
1269 1433 1318 1468 τῆς
1340 1434 1426 1469 ἄκρας
1449 1434 1637 1470 ἀγαθότητος).
1659 1434 1721 1461 οὗτε
1737 1436 1777 1467 si;
1801 1436 1883 1471 τιμὴν

1098 1480 1194 1506 ἑαυτοῦ
1218 1480 1264 1506 καὶ
1288 1480 1366 1513 δόξαν
1389 1481 1436 1507 τοῦ
1460 1482 1580 1518 πλήρους
1596 1482 1662 1516 (50),
1682 1482 1725 1508 ἵνα
1748 1482 1786 1517 τῷ
1801 1483 1883 1518 ἀνεφ-

265 1519 483 1554 ιιτωεοιιὶιιιεετειι
500 1519 536 1550 id,
557 1519 626 1552 quod
641 1526 672 1545 ex
686 1520 810 1546 omnibus
822 1520 901 1546 rebus
911 1527 925 1546 :t
938 1527 967 1546 se
981 1527 1045 1546 cott-

1098 1525 1162 1560 ίκτῳ
1174 1525 1204 1551 τδ
1217 1526 1305 1560 τίμιον
1317 1526 1366 1562 ἔχῃ
1379 1527 1425 1552 καὶ
1439 1527 1468 1553 τὸ
1483 1527 1640 1562 σεϐάσμιον.
1652 1527 1736 1554 Τοῦτο
1751 1529 1803 1564 γὰρ
1815 1529 1884 1555 πάνυ

266 1564 329 1591 ditis
344 1563 459 1590 maximo
476 1564 502 1590 in
515 1565 601 1598 pretio
613 1563 702 1590 habet.
719 1564 786 1596 Quid
804 1565 875 1591 enittt
897 1565 965 1598 apud
982 1565 1046 1591 \‘er—

265 1609 327 1636 bum
344 1610 432 1643 priore
446 1609 503 1635 loco
518 1616 550 1635 ac
566 1617 678 1636 numero
702 1615 760 1642 cst,
785 1618 863 1643 quant
887 1619 946 1645 qua:
964 1611 1047 1637 ratio-

265 1663 325 1681 Item
355 1663 387 1682 ac
419 1655 551 1681 sermonis
581 1654 663 1690 504
689 1656 842 1683 facultatem
868 1660 1046 1692 acceperunt?

265 1701 484 1736 Quandoquidem
500 1703 549 1729 ltoc
568 1710 675 1736 quoque
700 1702 797 1736 ipsum,
813 1704 882 1737 quod
906 1712 1044 1739 procreata

1097 1580 1152 1603 τως
1167 1572 1222 1606 (fil)
1239 1573 1394 1606 σοφιστικὸν
1406 1574 1452 1600 καὶ
1464 1573 1613 1609 ἀλλότριον,
1622 1575 1659 1610 μὴ
1673 1575 1713 1601 ὅτι
1721 1575 1798 1607 Θεοῦ,
1824 1575 1883 1602 ἀλλ’

1097 1617 1156 1643 οὐδὲ
1184 1617 1328 1652 ἀνθρώπου
1355 1619 1472 1654 μετρίως
1497 1619 1645 1651 ἐπιεικοῦς,
1674 1620 1720 1646 καί
1745 1629 1770 1646 τι
1798 1621 1884 1653 δεξιὸν

1097 1663 1187 1697 ἑαυτῷ
1206 1663 1366 1696 συνειδότος,
1395 1665 1426 1690 ἐκ
1442 1665 1489 1690 τοῦ
1504 1665 1618 1691 κωλύειν
1635 1665 1746 1701 ἐτέρους
1762 1666 1790 1692 τὸ
1809 1675 1884 1702 πρω-

1098 1709 1167 1734 τεῖον
1177 1708 1345 1744 πορίζεσθαι.

263 1752 336 1781 sunt,
348 1756 459 1774 summa?
474 1747 611 1780 cujusdam
627 1747 722 1774 divina:
744 1748 871 1775 bonitatis
898 1756 1083 1784 argumentum
1099 1753 1160 1788 est),
1194 1760 1242 1779 nec
1260 1757 1289 1779 ut
1321 1753 1383 1780 inde
1412 1753 1507 1790 ipsius.
1536 1754 1581 1788 qui
1604 1754 1698 1788 plemts
1718 1759 1769 1786 est,
1786 1754 1881 1782 honori

264 1794 408 1827 gloriatque
435 1794 578 1827 quidquam
606 1794 756 1826 accederet,
773 1799 801 1821 ut
825 1795 947 1823 videlicet
962 1804 994 1824 ex
1010 1806 1042 1824 eo
1062 1800 1132 1832 quod
1149 1799 1182 1825 ad
1217 1800 1274 1833 ejus
1306 1800 1488 1834 cognitionem
1507 1801 1635 1828 mortales
1665 1802 1805 1836 pervenire
1832 1810 1880 1830 ne-

264 1844 374 1874 queunt,
393 1838 477 1873 major
487 1840 520 1865 ad
538 1839 622 1873 ipsunt
637 1839 722 1866 honor
741 1847 773 1867 ac
788 1842 925 1868 veneratio
940 1842 1039 1870 redeat.
1062 1843 1244 1878 Sophislicuut
1279 1846 1349 1872 enint
1384 1846 1480 1880 plane,
1508 1851 1588 1881 atque
1604 1847 1722 1874 alienum
1744 1854 1803 1881 est,
1828 1857 1880 1876 non

263 1888 350 1915 dicam
366 1895 380 1914 a
397 1888 460 1919 Deo,
478 1888 524 1914 sed
540 1888 574 1915 ab
596 1888 712 1920 homine,
729 1889 856 1916 mediocri
875 1890 970 1917 saltent
989 1892 1122 1925 probitate
1133 1894 1304 1929 candoreque
1337 1895 1447 1929 praedito
1458 1913 1465 1926 ,
1497 1900 1578 1930 atque
1608 1895 1730 1931 ingenuae
1742 1898 1880 1932 cujusdam

265 1935 414 1962 honestatis
429 1933 479 1960 sibi
493 1934 613 1966 conscio,
638 1935 813 1969 prohibendis
835 1936 895 1964 aliis
912 1938 1093 1973 principatum
1108 1940 1159 1966 sibi
1175 1948 1313 1975 arrogare.

298 1981 353 2009 Ill.
375 1982 473 2009 Verum
487 1982 590 2008 aliasne
604 1982 685 2009 etiam
697 1984 827 2016 quasdam
842 1984 876 2011 ob
887 1992 994 2019 causas,
1008 1987 1047 2013 vi-

262 2029 390 2060 derintii,
404 2029 449 2063 qui
481 2027 536 2055 Deo
558 2029 764 2064 propinquiores
791 2032 1047 2067 eonjunctiorcsque

262 2081 334 2110 sunt,
350 2081 429 2112 atque
441 2077 722 2112 impervestigabilinm
741 2078 826 2114 ipsius
843 2079 1006 2113 jttdieiorum
1022 2081 1045 2096 δ’

263 2121 428 2156 ittspectores
443 2127 469 2148 et
485 2123 720 2156 contemplatores,
736 2124 756 2150 si
771 2125 815 2157 qui
830 2129 919 2151 tatnett
934 2129 995 2151 sunt
1012 2127 1045 2152 ad

263 2174 322 2193 cam
336 2167 443 2194 virtutis
463 2167 673 2201 magnitudinem
688 2169 785 2200 evecti,
801 2174 882 2202 atque
902 2170 929 2196 in
955 2170 1043 2206 abyssi

1131 1989 1181 2014 lB’.
1209 1988 1278 2015 Ἀλλ’
1292 1990 1317 2015 εἰ
1335 1988 1384 2024 μὲν
1400 1988 1446 2014 καὶ
1466 1988 1499 2014 δι’
1515 1988 1597 2020 ἄλλας
1616 1988 1713 2020 αἰτίας,
1729 1989 1823 2016 εἰδεῖεν
1847 1990 1881 2016 ἂν

1095 2035 1119 2060 οἱ
1136 2035 1275 2070 ἐγγυτέρω
1285 2034 1362 2066 Θεοῦ,
1379 2035 1425 2060 καὶ
1440 2034 1494 2060 τῶν
1502 2034 1710 2069 ἁνεξιχνιάστων
1724 2034 1806 2061 αὐτοῦ
1821 2044 1881 2071 κρι-

1095 2080 1187 2114 μᾶιτων
1201 2079 1317 2105 ἐπόπται
1334 2078 1380 2105 xui.
1394 2078 1502 2113 θεωροὶ,
1518 2078 1596 2114 εἴπερ
1607 2079 1660 2105 εἰσί
1676 2087 1747 2109 τινες
1759 2079 1881 2106 τοσοῦτοι

1094 2126 1142 2160 τὴν
1162 2125 1272 2161 ἀρετὴν,
1290 2125 1338 2151 καὶ
1360 2125 1389 2151 ὲν
1406 2124 1505 2159 ἴχνεσιν
1521 2125 1639 2151 ἀϐύσσου
1655 2125 1879 2160 περιπατοῦντες,

1094 2170 1124 2196 τὸ
1147 2170 1178 2205 δὴ
1203 2170 1355 2204 λεγόμενον·
1386 2170 1446 2196 ὅσον
1468 2168 1549 2196 δὀὖν
1573 2171 1651 2205 ἡμεῖς
1666 2170 1879 2206 κατειλήφαμεν,

263 2212 381 2246 vestigiis
398 2212 599 2241 deatnlmlames
617 2214 652 2244 ⁵³.
677 2218 706 2240 ut
733 2215 874 2247 proverbio
899 2215 948 2242 dici
965 2216 1042 2243 solet.

1099 2217 1204 2251 μικροῖς
1231 2216 1339 2251 μέτροις
1361 2215 1523 2250 μετροῦντες
1547 2215 1581 2241 τὰ
1606 2215 1789 2251 δυσθεώρητα
1809 2216 1880 2250 τάχα

264 2257 396 2289 Quantum
411 2262 497 2284 tamen
512 2266 570 2290 nos,
587 2259 632 2292 qui
644 2259 748 2294 exiguis
764 2260 877 2287 ntodulis
895 2268 925 2287 ea
942 2269 1001 2295 qua:
1014 2262 1046 2288 ad

263 2301 494 2336 contemplandum
516 2302 632 2330 dilIicilia
644 2308 718 2335 sunt,
731 2304 873 2335 metimur,
892 2305 1047 2338 conjectura

263 2348 367 2381 assequi
377 2353 588 2381 possumus,tres
602 2349 682 2383 hujus
692 2349 728 2376 rei
736 2357 822 2376 causm
835 2350 925 2377 ali'erri
939 2358 1047 2385 queant.

262 2393 352 2420 Prima
368 2393 471 2426 forsan,
484 2401 527 2426 ne,
539 2395 574 2422 ob
597 2394 762 2429 adipiscendi
777 2395 945 2426 facilitatem.
960 2396 1047 2425 facilis

297 2473 320 2489 "
337 2472 430 2500 Matth.
450 2481 498 2507 \'ll,
513 2473 558 2500 ΞΟ.
596 2474 618 2490 ⁸¹
629 2474 695 2501 Dan.
709 2482 736 2506 ν,
750 2474 792 2502 Η.

310 2529 353 2563 43)
370 2529 423 2555 Καὶ
437 2530 472 2555 sl.
491 2529 569 2556 Deest
581 2530 605 2556 ει
621 2530 646 2556 in
664 2530 730 2564 Reg.
741 2530 822 2564 Cypr.

310 2564 354 2598 Η)
372 2564 425 2589 Τὸν
440 2564 508 2590 νῦν.
524 2565 569 2591 Sic
585 2565 662 2591 codd.
674 2564 700 2590 lit
717 2566 772 2596 θα..
785 2565 830 2591 τὸν
844 2565 915 2592 νοῦν.

297 2598 354 2635 (ᾴῦ)
370 2599 550 2635 Γριφοείδές.
561 2599 607 2635 ξιίο
628 2599 692 2633 licg.
710 2600 753 2626 hut
766 2605 792 2626 et
807 2601 886 2628 Coisl.
903 2600 927 2626 1,
944 2600 970 2626 1η
982 2602 1043 2635 qni-

263 2633 387 2669 nusdau},
399 2633 544 2668 γριφῶδες.
561 2633 589 2660 1η
605 2634 658 2665 ed.,
671 2635 838 2669 γρυςροειξές.
858 2636 959 2666 Scltnl.,
975 2633 1043 2662 aivt-

262 2667 439 2703 γματωδᾷςίσ
462 2669 639 2703 :cnigutatice,
658 2667 782 2696 obscure.
799 2679 808 2695 ι
825 2669 905 2696 Notat
921 2671 964 2697 hic
975 2671 1042 2698 Gre-

263 2703 355 2742 gorius
377 2702 566 2736 Eunotniatios,
583 2712 614 2731 ac
638 2705 770 2739 praecipue
793 2705 898 2731 Actium
920 2705 1041 2732 Eunomii

263 2742 430 2770 Inagtstrutn.

300 2772 356 2806 (46)
370 2772 571 2807 Συνδέσμοιις.
589 2773 700 2808 Vulgata
716 2775 802 2800 versio
814 2774 878 2802 Dan.
891 2782 916 2804 ν,
939 2774 981 2805 12,
995 2776 1042 2802 ha-

264 2806 318 2837 bet,
338 2817 346 2832 (
362 2807 474 2834 obscura
486 2806 674 2842 interpretari,
687 2813 713 2835 et
730 2809 808 2841 “gata
822 2809 979 2837 dissolvere.
994 2820 1003 2836 ι

296 2842 352 2876 (Π)
369 2842 509 2877 "ﬂntqc'e.
528 2844 554 2870 ltt
568 2845 710 2875 nonnullis,
728 2843 847 2878 ὥρμητο.

831 2475 853 2490 θ’
866 2474 943 2502 Rom.
959 2483 996 2507 xi,
1009 2476 1053 2503 55.

1098 2262 1157 2296 μὲν,
1174 2262 1218 2288 ἵνα
1235 2263 1271 2297 μὴ
1290 2262 1328 2297 τῷ
1344 2262 1425 2298 ρᾳδίῳ
1449 2262 1497 2296 τῆς
1520 2262 1653 2297 κτήσεως,
1671 2263 1755 2297 ῥᾴστη
1768 2262 1878 2297 γένηται

1097 2308 1178 2342 καὶὴ
1203 2307 1250 2333 τοῦ
1273 2306 1420 2341 κτηθέντος
1439 2307 1569 2342 ἀποϐολή.
1587 2308 1662 2333 eum
1687 2307 1741 2342 γὰρ
1769 2308 1799 2334 τὸ
1829 2308 1878 2342 μὲν

1097 2352 1170 2387 πόνῳ
1186 2352 1283 2387 κτηοὲν
1300 2353 1399 2388 μᾶλλον
1416 2353 1584 2387 κρατεῖσθαι·
1605 2353 1636 2379 τὸ
1659 2353 1686 2379 δὲ
1704 2353 1802 2389 ῥᾳδίως
1818 2362 1880 2388 κτη-

1097 2397 1153 2428 ῡὲν,
1166 2398 1212 2424 xu‘t
1221 2398 1407 2425 ἁποπτύεσθαι
1423 2399 1477 2434 (52)
1489 2400 1615 2433 supcrat,
1633 2399 1670 2430 ὡς
1683 2399 1763 2427 πάλιν
1775 2399 1880 2434 ληφθῆ-

1091 2477 1170 2504 “Joh
1188 2479 1350 2510 xxxvtttJG.

1135 2534 1189 2567 (48)
1210 2535 1298 2562 Τοῦτο
1313 2535 1347 2561 δὲ
1360 2536 1387 2562 τί
1399 2534 1447 2570 ἦν.
1463 2535 1541 2562 Deest
1556 2537 1582 2562 τί
1594 2536 1619 2562 iu
1635 2536 1680 2563 0r.
1701 2537 1725 2564 1.

1132 2569 1407 2606 (49)ηΤιμιώτιιτον.
1452 2572 1546 2597 Comh.
1576 2572 1706 2606 'pratiert,
1745 2572 1878 2598 οἰκειότα-

1097 2612 1152 2641 τον.
1172 2605 1312 2641 «Maxima
1338 2606 1389 2633 sibi
1412 2606 1607 2634 necessitudine
1630 2607 1810 2641 conjunctum,
1837 2609 1878 2634 ζη-

1096 2639 1317 2666 ιιιιιὶτιιιίςεςὶιιιιιηι.
1338 2650 1345 2666 t

1130 2674 1186 2706 (50)
1207 2674 1262 2700 Τοῦ
1273 2674 1418 2708 πλήρους.
1429 2675 1529 2702 Allndit
1544 2676 1576 2702 ad
1592 2676 1649 2703 iure
1669 2676 1743 2703 lsaim
1761 2677 1841 2703 verba
1857 2685 1877 2709 t,

1096 2708 1124 2734 Η
1143 2716 1149 2732 :
1171 2718 1178 2733 ι
1196 2709 1254 2741 Quo
1272 2710 1334 2736 mihi
1365 2711 1562 2736 multitudinem
1581 2712 1748 2738 victimarum
1774 2708 1878 2740 vestrae

1096 2744 1171 2769 l‘tttlt?
1184 2744 1247 2770 dicit
1261 2745 1387 2770 Dominus
1402 2752 1408 2769 :
1424 2745 1517 2778 pientis
1530 2753 1600 2778 sunt,
1620 2756 1629 2772 ι
1647 2750 1698 2773 etc.

1130 2777 1186 2816 (fil)
1200 2778 1334 2816 [irit-rom.
1345 2777 1450 2809 (lontliu
1461 2780 1561 2816 πάντη.

1131 2813 1185 2846 (Si)
1207 2814 1432 2841 ‘Azondsvrhu.
1454 2815 1499 2842 υτ.
1518 2815 1528 2841 1
1545 2813 1734 2842 omn-niani.
