2049 3131
302 189 340 220 45
919 191 949 219 S.
969 191 1131 220 (ΞΜ-260811
1153 193 1324 222 THEOLOGI
1887 193 1920 220 Η

302 258 374 285 eam,
389 257 453 285 quae
461 249 569 278 habitus
583 254 636 284 est,
655 254 736 285 atque
748 270 756 283 ,
770 250 811 277 vel
826 250 853 277 in
870 251 981 284 divinis,
999 253 1039 279 vel
1060 253 1076 279 it

1138 253 1183 279 καὶ
1193 252 1241 288 τὴν
1260 253 1310 288 μὲν
1325 253 1372 287 τῆς
1389 253 1505 284 ἀδικίας,
1522 253 1570 287 τὴν
1585 252 1613 279 δὲ
1635 251 1681 278 τοῦ
1700 252 1794 287 μίσους
1807 252 1920 278 ἀντίπα-

301 298 429 326 humanis
455 297 536 325 rebus
569 297 783 332 contemplandis
812 298 967 325 versatur?
997 297 1083 331 Quam

300 349 381 379 porro
397 343 531 378 justitiam
546 348 572 371 et
583 343 767 371 charitatem‘?
790 343 884 371 Nonne
901 344 1044 378 prmclaras
1057 348 1084 370 et

298 397 360 416 cum
387 388 465 416 laude
490 390 648 424 conjunctas
670 390 827 417 affectiones
852 391 979 424 (quarum
996 390 1083 417 altera

296 434 447 469 injustitim,
465 435 548 462 altera
559 435 621 462 odio
635 435 815 470 adversetur),
833 443 904 462 nunc
917 442 978 462 sese
991 435 1080 461 inlen-

298 481 403 514 detttes,
421 488 492 508 nunc
506 481 674 509 remittentes
688 489 696 514 ;
721 488 794 508 nunc
813 481 976 508 accedentes
988 500 995 512 ,
1011 487 1083 507 nunc

295 526 470 558 decedentes,
484 533 516 553 ac
529 531 602 553 certa
614 526 724 553 omnino
738 526 868 559 qualitate
893 533 941 552 nos
957 524 1080 552 afﬁcien-

298 576 340 599 tes
354 576 381 598 et
395 571 579 603 immutantes,
591 571 662 598 haud
681 578 759 598 secus
778 578 809 597 ac
824 570 927 598 colores
947 569 1082 604 corpora?

296 617 339 643 An
351 616 441 651 potius
459 616 536 643 nobis
550 615 701 643 faciendum
725 620 778 647 est,
795 620 825 642 ut
841 615 874 642 ab
889 615 931 642 his
952 615 1081 642 absceda-

295 668 369 694 mus,
387 668 419 688 ac
431 667 529 688 numen
546 661 634 695 ipsum
663 660 819 694 scjunctim,
839 660 928 694 quoad
947 659 1005 693 ejus
1021 659 1081 686 fieri

294 712 395 742 potest,
413 707 624 742 perspiciamus,
649 706 838 740 particularem
855 706 999 740 quamdam
1018 713 1080 741 spe-

295 753 365 781 ciem
382 761 414 781 ex
427 753 582 780 simulacris
596 753 778 787 colligentes?
796 753 925 786 Quaenam
939 753 1021 788 igitur
1038 757 1080 780 est

292 798 352 826 hac
366 799 480 833 molitio,
494 806 553 834 qua:
564 803 591 826 et
605 806 638 826 ex
656 798 697 825 his
708 799 780 826 velut
792 799 934 832 conﬂctur,
949 804 977 826 et
990 804 1079 826 tamen

293 844 353 872 haec
373 852 425 872 non
442 845 502 872 sit?
516 846 569 872 Aut
593 846 727 880 quomodo
751 845 787 878 id,
801 845 871 880 quod
885 853 968 872 unum
982 849 1033 876 est,
1047 852 1080 871 ac

294 895 390 925 suapte
404 895 502 918 natura
513 892 716 926 compositionis
727 898 835 925 expers,
848 898 898 918 nec
914 891 974 918 ullis
988 898 1078 918 rerum

1139 298 1194 330 λον,
1210 298 1413 332 ἐπιτεινομένας
1432 306 1461 324 τε
1473 298 1519 324 καὶ
1530 297 1674 333 ἀνιεμὲνας
1693 297 1759 332 (Gl),
1778 305 1921 332 προσγινο-

1137 344 1221 380 μένας
1235 353 1265 370 τε
1280 344 1326 370 καὶ
1341 343 1548 379 ἀπογενομένοις,
1564 344 1611 370 καὶ
1622 343 1688 374 ὅλως
1707 342 1836 373 ποιούσας
1847 343 1920 376 ἡμᾶς

1135 390 1181 416 καὶ
1197 389 1365 421 ἀλλοιούσας,
1386 389 1480 425 ὥσπερ
1497 390 1525 416 αἱ
1540 389 1619 424 χρόαι
1635 389 1670 415 τὰ
1689 388 1817 422 σώμαται
1834 387 1920 414 Ἢδεί

1133 437 1234 463 τούτων
1246 436 1437 471 ἀποστάνταςὴ
1443 437 1506 471 μᾶς,
1514 436 1580 462 αὐτὸ
1594 435 1652 462 καθ’
1662 435 1741 462 ἑαυτὸ
1749 436 1777 461 τὸ
1786 435 1856 461 θεῖον
1863 434 1919 469 (62)

1135 483 1208 514 ἰδεῖν,
1227 482 1263 513 ὡς
1277 479 1331 508 οἷόν
1350 491 1391 512 τε,
1406 483 1520 517 μερικὴν
1533 490 1594 508 τινα
1608 481 1758 516 φαντασίαν
1774 482 1805 507 ὲκ
1818 481 1871 507 τῶν
1886 481 1921 506 εί-

1133 529 1280 564 χασμάτων
1292 528 1519 563 συλλεγομένουςς
1536 528 1584 559 Τίς
1597 526 1642 554 οὖν
1655 529 1671 562 ἡ
1688 528 1793 563 μηχανὴ
1815 527 1869 562 (65)
1889 528 1921 553 ἐκ

1132 575 1233 602 τούτων
1245 583 1285 606 τε,
1301 575 1348 601 καὶ
1364 574 1401 610 μὴ
1423 574 1526 606 mitra;
1543 575 1578 600 Ἢ
1596 574 1654 605 πῶς
1665 574 1750 600 ταῦτα
1766 574 1862 605 πάντα,
1873 574 1920 599 καὶ

1132 620 1241 651 τελείως
1255 620 1378 650 ἕκαστον,
1396 619 1426 645 τὸ
1442 619 1470 645 ἒν
1493 618 1549 653 (Gl)
1565 619 1597 654 τῇ
1615 618 1696 653 φύσει
1714 618 1859 645 ἀσύνθετον
1873 618 1920 645 καὶ

1132 666 1308 697 ἀνείκαστον;
1335 665 1412 692 Οὕτω
1436 666 1536 700 κάμνει
1551 665 1664 699 ἐκϐῆναι
1683 665 1716 691 τὰ
1732 665 1875 700 σωματικὰ
1904 666 1918 691 ὁ

1131 711 1264 748 ἡμέτερος
1279 711 1350 743 νοῦς,
1367 711 1413 737 καὶ
1424 712 1536 745 γυμνοῖς
1543 710 1672 745 ὁμιλῆσαι
1687 711 1741 742 τοῖς
1752 710 1918 745 ἀσωμάτοις,

1131 757 1183 788 ἕως
1200 758 1295 783 σκοπεῖ
1318 756 1386 791 μετὰ
1402 756 1452 790 τῆς
1475 755 1542 786 ἰδίας
1556 755 1697 786 ἀσθενείας
1713 755 1746 781 τὰ
1760 755 1830 789 ὑπὲρ
1842 754 1919 781 δύνα-

1133 810 1188 838 μιν.
1208 803 1283 828 Ἑπεὶ
1298 802 1401 836 ἐφίεται
1420 801 1468 836 μὲν
1484 801 1558 827 πᾶσα
1569 800 1663 835 λογικὴ
1675 800 1754 834 φύσις
1765 799 1843 831 Θεοῦ,
1871 800 1919 826 καὶ

1129 850 1180 884 τῆς
1194 848 1303 884 πρώτης
1327 847 1425 878 uitia;
1443 846 1605 874 καταλαϐεῖν
1622 846 1650 872 δὲ
1673 846 1807 876 ἀδυνατεῖ,
1835 845 1868 872 δι’
1885 845 1918 877 ἂς

1131 893 1206 921 εἷπον
1223 894 1322 926 αἰτίας.
1338 894 1488 928 Κάμνουσα
1509 892 1536 919 δὲ
1553 892 1592 928 τῷ
1612 893 1697 927 πόθῳ,
1723 889 1834 918 καὶοῖον
1852 901 1918 926 σφα-

296 936 450 964 simulacris
463 937 623 964 adumbrari
638 942 728 971 potest
740 957 748 969 ,
766 937 822 964 lucc
838 937 926 964 omnia
942 941 968 964 et
982 937 1076 964 horum

1129 941 1247 973 δάζουσα
1261 940 1327 975 (65),
1351 940 1398 966 καὶ
1413 939 1462 974 τὴν
1477 938 1577 974 ζημίαν
1604 939 1634 965 οὐ
1650 939 1778 974 φέρουσα,
1793 937 1918 973 δεύτερον

295 982 507 1017 unumquodque
534 982 652 1017 perfecte
675 983 780 1010 fuerit?
806 983 843 1009 Ita
875 990 950 1010 mens
988 987 1079 1010 nostra

292 1028 402 1063 languet
415 1036 447 1056 ae
457 1028 572 1060 fatiscit,
588 1030 651 1056 dum
667 1037 682 1056 e
697 1030 835 1063 corporeis
847 1035 874 1056 et
906 1028 1080 1056 sensibilibus

293 1074 375 1102 rebus
387 1074 529 1107 excedere,
547 1074 628 1110 506
644 1079 725 1109 atque
736 1075 903 1109 ineorporeis
915 1075 982 1101 citra
997 1074 1078 1101 ullius

293 1120 332 1148 rei
350 1120 529 1148 interventum
554 1121 629 1156 jungi
655 1121 764 1153 studet,
788 1121 906 1155 quantliu
937 1128 1000 1147 cum
1029 1128 1077 1147 sua

293 1166 461 1199 inﬁrmitate,
473 1175 516 1200 ea,
531 1175 591 1201 qua:
612 1167 697 1203 ipsius
715 1168 787 1194 virus
799 1171 938 1202 superant,
951 1166 1078 1201 specula-

293 1217 347 1240 tur.
375 1213 482 1240 Etenim
507 1213 590 1241 Dcum
602 1233 609 1246 ,
627 1221 659 1240 ac
676 1213 827 1248 principem
848 1213 921 1239 illam
948 1220 1076 1245 causatn,

292 1263 388 1286 natura
403 1259 510 1294 quidem
526 1259 613 1287 omnis
627 1260 742 1287 rationis
758 1259 892 1294 particeps
909 1260 1010 1293 appetit
1024 1267 1032 1291 ;
1049 1263 1078 1286 ut

291 1310 384 1333 autem
409 1313 469 1333 eam
493 1310 665 1340 assequatur,
679 1305 714 1333 ob
732 1313 789 1337 eas,
808 1312 875 1339 quas
888 1305 954 1336 dixi,
970 1311 1076 1337 causas,

293 1349 364 1378 vires
378 1349 517 1378 deficiunt.
532 1350 674 1385 Langttens
691 1355 780 1377 attlem
795 1350 940 1382 desiderio,
961 1357 991 1376 ac
1008 1349 1077 1376 male

1130 986 1246 1011 ποιεῖται
1263 984 1346 1010 πλοῦν
1363 984 1457 1019 (66),ἢ
1475 983 1542 1018 πρὸς
1556 983 1591 1009 τὰ
1604 983 1731 1018 ὁρώμενα
1746 983 1851 1018 βλέψαι,
1870 984 1917 1009 καὶ

1128 1031 1229 1057 τούτων
1254 1039 1279 1056 τι
1296 1030 1405 1065 ποιῆσαι
1424 1029 1501 1060 Θεὸν,
1520 1029 1613 1061 κακῶς
1628 1030 1724 1056 εἰδυῖα·
1742 1029 1778 1064 (τί
1795 1030 1848 1065 γὰρ
1862 1029 1916 1055 τῶν

1127 1073 1232 1109 ὁρατῶν
1241 1073 1287 1099 τοῦ
1307 1073 1432 1109 ὁρῶντος,
1449 1073 1496 1099 καὶ
1522 1073 1603 1099 πόσον
1618 1074 1691 1100 ἐστὶν
1705 1073 1869 1109 ὑψηλότερά]
1886 1082 1915 1100 τε

1127 1120 1174 1145 καὶ
1189 1119 1395 1154 θεοειδέστερον,
1427 1119 1459 1145 ἵν’
1525 1120 1556 1146 τὸ
1572 1119 1620 1154 μὲν
1634 1119 1811 1154 προσκυνοῧν,
1831 1119 1861 1145 τὸ
1886 1119 1915 1146 δὲ

1126 1164 1360 1200 προσκυνούμενον
1373 1166 1392 1197 ;)
1410 1165 1425 1199 ἢ
1443 1164 1488 1191 διὰ
1510 1165 1556 1192 τοῦ
1570 1165 1684 1196 κάλλους
1707 1165 1762 1200 (6Ἷ)
1781 1165 1834 1192 τῶν
1846 1167 1916 1200 ὀρω-

1127 1211 1215 1246 μὲνων
1232 1211 1279 1237 καὶ
1297 1211 1345 1245 τῆς
1363 1211 1499 1243 εὐταξίας,
1515 1211 1582 1237 Θεὸν
1602 1211 1744 1246 γνωρίσαι,
1762 1211 1809 1237 καὶ
1825 1211 1913 1246 ὁδηγῷ

1124 1256 1157 1291 τῇ
1181 1255 1250 1290 ὄψει,
1276 1255 1331 1281 τῶν
1359 1255 1429 1290 ὑπὲρ
1446 1256 1495 1290 τὴν
1515 1256 1575 1287 ὄψιν
1594 1255 1757 1291 χρήσασθαι,
1785 1255 1852 1282 ἀλλὰ
1877 1257 1914 1292 μὴ

1125 1302 1296 1337 ζημιωθῆναι
1311 1302 1377 1328 Θεὸν
1393 1302 1437 1328 διὰ
1456 1303 1505 1338 τῆς
1519 1302 1754 1338 μεγαλοπρεπείας
1773 1303 1826 1329 τῶν
1842 1304 1913 1338 ὁρω-

1127 1348 1225 1383 μένων.

291 1395 402 1423 omnino
418 1394 524 1427 affecta,
540 1395 734 1430 agerrimemte
751 1395 801 1421 hoc
821 1394 948 1421 damnum
969 1393 1068 1425 ferens,
1090 1393 1247 1425 secundam,
1265 1397 1294 1419 ut
1325 1392 1378 1419 dici
1409 1394 1486 1424 solet,
1503 1393 1701 1427 navigationem
1714 1394 1774 1427 init,
1785 1399 1814 1422 ut
1827 1395 1905 1422 scili-

294 1445 349 1474 cet,
366 1442 409 1468 vel
420 1441 454 1468 ad
469 1448 511 1468 res
527 1448 590 1473 eas,
606 1447 665 1475 qua:
680 1440 732 1468 sub
748 1440 887 1468 Oculorum
905 1447 1014 1467 sensum
1046 1439 1155 1471 cadunt,
1189 1438 1281 1466 oculos
1314 1438 1414 1471 flectat,
1449 1446 1480 1465 ac
1500 1440 1654 1474 quampiam
1670 1446 1762 1467 earum
1786 1448 1833 1474 pro
1858 1449 1911 1470 nu-

290 1486 365 1514 mine
390 1486 478 1519 colat,
495 1485 614 1520 pessimo
639 1485 731 1519 utique
761 1484 876 1512 consilio
893 1484 984 1511 labens
997 1483 1072 1519 (quid
1091 1483 1161 1510 enim
1178 1483 1203 1510 in
1219 1482 1345 1509 omnibus
1366 1483 1456 1513 rebus,
1475 1490 1534 1516 quae
1562 1484 1647 1510 oculis
1678 1490 1836 1517 cernuntur,
1855 1493 1899 1518 eo,

291 1540 307 1560 ι
323 1540 377 1568 quo
394 1537 553 1564 cernuntur,
568 1531 700 1558 excelsius
721 1535 748 1558 et
765 1530 883 1558 divinius
896 1535 948 1563 est,
964 1537 993 1556 ut
1007 1529 1069 1557 illud
1089 1529 1226 1560 adoretur,
1245 1529 1297 1555 ltoc
1331 1535 1395 1555 vero
1410 1528 1558 1563 adoret?);
1574 1529 1614 1555 vel
1636 1536 1684 1563 per
1700 1531 1901 1565 aspcctahilium

289 1587 380 1608 rerum
406 1579 632 1615 pulchritudinem
668 1583 696 1606 et
725 1579 864 1610 ordinem,
899 1578 946 1605 Dei
982 1577 1162 1612 cognitionem
1195 1580 1374 1610 assequatur,
1406 1580 1485 1610 atque
1513 1576 1546 1602 ad
1570 1583 1601 1602 ea
1626 1577 1817 1612 percipienda,
1844 1586 1904 1612 qua;

289 1626 428 1654 oculorum
455 1625 577 1652 obtutum
606 1624 726 1658 fugiunt,

290 1762 502 1794 multitudinem,
517 1760 562 1788 alii
578 1760 676 1788 ctelum
705 1767 813 1794 quoque
830 1760 918 1795 ipsum
931 1766 985 1786 una
1009 1766 1071 1786 cttm

287 1808 341 1835 illis
357 1827 365 1840 ,
387 1807 487 1842 quibus
516 1814 565 1842 pro
583 1811 672 1833 motus
699 1805 830 1839 qualitate
857 1805 898 1833 vel
921 1806 1072 1840 quantitate

287 1852 380 1880 mundi
398 1852 620 1886 gubernationem
637 1850 956 1885 administrationemque
970 1850 1072 1878 tribue-

286 1902 368 1930 runt;
384 1897 429 1925 alii
444 1905 538 1925 rursus
553 1902 663 1932 propter
688 1897 871 1924 necessarium
897 1905 989 1929 usum,
1017 1902 1073 1924 ter-

289 1951 362 1977 ram,
374 1951 483 1978 aquatn,
499 1950 599 1974 aerem,
622 1943 722 1978 ignem,
738 1943 808 1977 quod
823 1943 865 1970 his
879 1943 994 1971 sublatis
1019 1945 1070 1970 htt-

285 1997 372 2018 manae
394 1990 456 2017 vita:
478 1989 648 2016 incolumitas
669 1993 793 2016 constare
821 1996 873 2016 non
894 1990 997 2023 possit;
1025 1990 1070 2016 alii

286 2035 403 2070 denique
416 2034 546 2070 quidquid
573 2041 606 2061 ex
627 2034 708 2061 rebus
731 2034 939 2068 aspectabilibus
964 2039 1067 2062 temere

286 2080 352 2115 ipsis
365 2080 493 2112 occurrit,
508 2078 650 2106 coluerunt
666 2095 674 2110 ,
686 2079 868 2114 pulcherrima
882 2087 997 2114 quaeque
1022 2088 1068 2108 eo-

284 2132 358 2156 rum,
380 2131 440 2159 quae
462 2124 628 2153 cernebant.
645 2131 693 2158 pro
715 2124 767 2151 diis
791 2125 842 2151 sibi
860 2125 1066 2152 constituentes.

284 2167 341 2196 Nec
356 2167 508 2201 defuerunt,
523 2169 568 2204 qui
593 2173 697 2195 statuas
711 2176 743 2195 ac
762 2168 887 2203 figmenta
905 2169 1003 2197 divinis
1017 2171 1068 2198 ho-

284 2213 396 2242 noribus
418 2213 568 2246 affecerint,
598 2213 714 2248 prituum
729 2214 836 2248 quidem
855 2215 1068 2250 propinquorum

284 2265 313 2288 et
343 2260 559 2288 necessariorum
573 2279 582 2292 ,
601 2260 618 2286 ii
637 2260 784 2292 videlicet,
799 2261 844 2295 qui
870 2261 1068 2288 vehementiori

283 2306 359 2334 luctu
375 2305 582 2338 afﬂictabantur,
598 2306 791 2340 corporeisque
809 2306 891 2334 rebus
904 2307 1069 2335 addictiores

283 2357 372 2386 erant,
387 2356 468 2387 atque
480 2352 602 2379 homines
616 2351 671 2378 vita
694 2350 802 2379 functos
830 2358 1068 2381 monumentorum

764 1623 877 1650 ducibus
910 1622 996 1650 oculis
1021 1626 1123 1654 utatur,
1164 1629 1216 1649 non
1245 1625 1335 1648 autem
1360 1628 1408 1655 per
1454 1628 1546 1648 earum
1590 1629 1700 1655 rerum,
1741 1631 1801 1658 qua:
1825 1624 1911 1652 oculis

289 1671 418 1707 subjecta
440 1675 514 1703 sunt,
530 1670 777 1706 magnificentiam,
794 1669 841 1696 Dei
866 1669 999 1704 iacturam
1029 1668 1122 1696 faciat.

323 1715 394 1744 XIV.
410 1716 479 1744 Hinc
504 1715 548 1742 alii
568 1715 651 1743 solem
665 1733 673 1747 ,
691 1714 735 1742 alii
764 1714 854 1741 lunam
865 1733 874 1747 ,
889 1714 934 1740 alii
955 1713 1074 1741 siderum
1087 1715 1108 1744 C

1161 1713 1210 1739 IA‘.
1230 1711 1369 1738 Ἐντεῦθεν
1383 1711 1408 1737 οἱ
1431 1711 1480 1746 μὲν
1493 1711 1579 1746 ἥλιον,
1599 1712 1623 1738 οἱ
1641 1712 1669 1739 δὲ
1680 1713 1804 1749 σελήνην,
1833 1715 1857 1741 οἱ
1881 1716 1911 1742 δὲ

1123 1758 1246 1793 ἀστέρων
1263 1756 1375 1791 πλῆθος,
1388 1758 1414 1783 οἱ
1433 1757 1461 1783 δὲ
1481 1757 1595 1793 οὐρανὸν
1611 1758 1692 1785 αὐτὸν
1711 1759 1769 1794 ἅμα
1793 1760 1908 1793 τούτοις,

1121 1800 1162 1835 οἷς
1174 1803 1221 1829 καὶ
1236 1803 1265 1829 τὸ
1280 1804 1333 1829 πᾶν
1347 1803 1422 1837 ἄγειν
1436 1803 1568 1830 δεδώκασι
1583 1805 1693 1832 κατὰτὸ
1707 1805 1781 1832 ποιὸν
1794 1806 1810 1840 ἢ
1827 1807 1910 1834 ποσὸν

1121 1847 1172 1882 τῆς
1186 1848 1329 1883 κινήσεως
1359 1849 1383 1874 οἱ
1398 1848 1426 1874 δὲ
1449 1848 1483 1874 τὰ
1497 1851 1626 1884 στοιχεῖα,
1643 1850 1706 1885 γῆν,
1731 1850 1812 1886 ὕδωρ.
1828 1851 1907 1886 ἀέρα,

1122 1892 1187 1928 πῦρ,
1199 1893 1242 1919 διὰ
1256 1893 1287 1919 τὸ
1300 1893 1439 1929 χρειῶδες,
1451 1890 1487 1920 ὧν
1504 1895 1568 1921 ἄνευ
1582 1895 1642 1922 οὐδὲ
1655 1896 1783 1931 συστῆναι
1797 1897 1908 1923 δυνατὸν

1121 1940 1167 1966 τὸν
1182 1940 1351 1975 ἀνθρώπινον
1369 1940 1436 1975 βίον·
1453 1942 1477 1967 οἱ
1491 1941 1519 1968 δὲ
1534 1942 1548 1968 ὃ
1560 1951 1587 1968 τι
1605 1942 1712 1977 τύχοιεν
1729 1943 1843 1974 ἕκαστος
1853 1943 1907 1969 τῶν

1121 1984 1225 2020 ὁρατῶν
1250 1985 1447 2020 ἐσεϐάσθησαν,
1473 1983 1511 2013 ὧν
1523 1986 1615 2022 ἑώρων
1630 1988 1665 2014 τὰ
1679 1988 1807 2014 κάλλιστα
1830 1988 1907 2020 θεοὺς

1122 2031 1351 2066 προστησάμενοι.
1369 2031 1430 2059 Εἰσὶ
1443 2033 1470 2059 δὲ
1485 2033 1510 2059 οῖ
1527 2034 1573 2060 καὶ
1588 2033 1704 2066 εἰκόνας,
1722 2035 1768 2060 καὶ
1782 2034 1907 2069 πλάσμα-

1119 2084 1164 2110 τα,
1181 2078 1276 2114 πρῶτα
1292 2078 1341 2114 μὲν
1353 2079 1405 2105 τῶν
1414 2080 1530 2112 οἰκείων,
1542 2080 1599 2114 οἵγε
1613 2080 1849 2115 περιπαθέστεροι,
1859 2081 1906 2107 καὶ

1121 2123 1353 2160 σωματικώτεροι,
1370 2124 1416 2151 καὶ
1436 2125 1569 2160 τιμῶντες
1583 2126 1646 2156 τοὺς
1658 2125 1823 2158 ἀπελθόντας
1850 2127 1906 2158 τοῖς

1119 2170 1321 2205 ὑπομνήμασιν·
1342 2171 1437 2197 ἔπειτα
1462 2172 1510 2197 καὶ
1524 2171 1578 2198 τῶν
1594 2171 1687 2204 ξένων,
1713 2172 1737 2198 οἳ
1754 2174 1813 2207 μετ’
1827 2173 1906 2199 ἐκεί-

1120 2224 1191 2248 νους,
1205 2216 1252 2242 καὶ
1269 2216 1378 2252 μακρὰν
1404 2217 1450 2243 ἀπ’
1473 2216 1595 2249 ἐκείνων,
1613 2217 1709 2252 ἀγνοίᾳ
1725 2218 1774 2254 τῆς
1794 2218 1906 2253 πρώτης

1119 2263 1237 2297 φύσεως,
1255 2264 1301 2290 καὶ
1314 2263 1458 2300 ἀκολουθίᾳ
1472 2265 1521 2299 τῆς
1540 2264 1740 2300 παραδοθείσης
1762 2266 1855 2300 τιμῆς,
1868 2265 1906 2297 ὠς

1118 2308 1231 2343 ἐννόμου
1257 2309 1304 2335 καὶ
1324 2309 1484 2343 ἀναγκαίας.
1505 2309 1614 2346 Ἐπειδὴ
1638 2311 1726 2345 χρόνῳ
1740 2310 1769 2336 τὸ
1784 2311 1843 2342 ἔθος
1862 2310 1906 2346 βε-

1120 2354 1246 2388 δαιωθὲν,
1269 2355 1397 2390 ἐνομίσθη
1414 2356 1496 2391 νόμος
1521 2356 1588 2390 (68).
1615 2354 1697 2391 Οἶμαι
1714 2357 1742 2383 δὲ
1765 2358 1811 2383 καὶ
1824 2357 1903 2383 δυνα-

283 2399 386 2427 honore
401 2399 649 2432 prosequebantur:
665 2402 724 2432 post
736 2403 826 2426 autem
841 2399 989 2426 alienorutn
999 2407 1065 2426 cuo-

1125 2400 1207 2426 r-raiav
1222 2400 1277 2436 (69)
1300 2401 1372 2432 τινὲς
1389 2401 1597 2437 θεραπεύοντες,
1615 2403 1661 2430 καὶ
1682 2402 1776 2438 ῥώμην
1797 2402 1905 2429 ἐπαινέ-

317 2488 374 2524 (6|)
396 2487 578 2524 Ἁνιεμένοιςἑ
590 2487 672 2516 Cois].
686 2487 699 2513 ’l
715 2486 825 2524 aliique,
840 2487 994 2524 ἀνειμένας.

318 2521 374 2558 (62)
386 2521 480 2551 Ocior;
496 2523 552 2550 Duo
564 2523 660 2558 πεῖθε..
677 2527 731 2550 tres
745 2521 831 2554 Cdlb.,
849 2521 931 2552 Coiél.
948 2523 961 2549 1
981 2527 1006 2550 et
1018 2521 1064 2550 0r.

281 2559 294 2586 Ι
313 2559 468 2590 ξιιίιΙιιιιι,ὲκ
488 2558 600 2584 τούτων.

318 2593 373 2628 (65)
397 2593 536 2628 Μηχανή.
563 2592 654 2620 Schol.
671 2601 678 2619 :
697 2592 746 2628 ξΕκ
764 2591 866 2628 ςιοὺτων
892 2592 941 2627 μὲν
968 2601 1068 2627 φαντα-

280 2628 383 2664 ζόμεθα
402 2628 450 2664 τὴν
464 2627 654 2664 θείαννφύσιν,
677 2627 707 2654 οὐ
726 2627 812 2654 ταῦτα
830 2627 870 2664 δέᾼ
882 2628 983 2663 ἐστινὴ
1008 2628 1067 2654 θεία

280 2662 371 2698 etiam,"
391 2672 400 2688 ε
420 2662 458 2690 Ex
472 2664 514 2690 his
532 2663 648 2690 divinam
675 2667 800 2690 naturam
829 2662 993 2697 effingimus,
1007 2670 1065 2697 qua:

282 2705 372 2726 tamen
385 2698 474 2725 divina
490 2704 587 2725 natura
603 2698 713 2724 minime
723 2698 768 2724 sit.
789 2707 799 2723 ι

280 2729 373 2796 In(git)
387 2732 481 2794 Sag.
496 2733 543 2760 Sic
559 2732 625 2768 Reg.
640 2733 696 2760 but.
718 2732 765 2760 Sic
784 2731 867 2760 etiam
880 2731 944 2767 legit
959 2731 1062 2760 Billius.

294 2776 309 2795 Π
324 2776 378 2795 ευ..
387 2776 417 2795 το
426 2776 468 2794 εν.

319 2788 611 2839 κ’ἒέναδάζουσα,
644 2801 733 2839 Schol.
753 2811 774 2839 _:
803 2801 935 2834 Χαλεπῶς
968 2802 1065 2839 φέρου-

281 2837 328 2866 ca.‘
359 2837 525 2866 tDeSiderio
555 2838 644 2865 acrius
669 2837 816 2870 stimulata,
843 2843 870 2864 et
893 2839 936 2865 sui
967 2837 1064 2873 impos,

281 2874 357 2909 quasi
376 2879 536 2901 exaestuans.
555 2882 565 2899 ι
584 2873 666 2909 Cpisl.
679 2874 706 2905 1,
719 2873 949 2909 πανουργεύουσα.

317 2909 372 2945 (66)
386 2910 528 2944 Δεύτερον
538 2908 660 2936 ποιεῖται
673 2907 782 2936 πλοῦν.
795 2907 812 2934 «⁷
826 2909 975 2936 Secundam
990 2910 1064 2937 navi-

1119 2488 1322 2522 gationeminil.
1345 2498 1354 2514 ι
1373 2488 1400 2516 ld
1416 2490 1556 2524 proverbio
1571 2491 1678 2523 dicitur,
1698 2499 1759 2518 cum
1785 2491 1844 2525 quis
1866 2491 1899 2517 ad

1120 2531 1224 2559 summa
1234 2524 1387 2558 pertingere
1398 2532 1450 2552 non
1465 2526 1568 2556 valens,
1586 2528 1707 2559 proxima
1716 2524 1897 2553 consectatur.

1121 2567 1131 2595 ς
1149 2557 1392 2595 Quemadmodum,
1413 2569 1421 2585 ι
1439 2560 1525 2594 inquit
1544 2557 1645 2592 Dillius,
1664 2571 1673 2586 t
1694 2561 1738 2595 qui
1762 2562 1827 2587 mari
1853 2562 1903 2587 iter

1117 2592 1228 2633 faciunt,
1248 2601 1395 2633 cumcum,
1407 2592 1487 2628 quem
1502 2597 1619 2623 maxime
1634 2592 1736 2633 optant,
1753 2601 1899 2630 nequeunt,

1115 2629 1267 2662 proximum
1281 2629 1317 2656 illi
1339 2634 1439 2661 tamen,
1451 2638 1604 2665 quanquam
1617 2629 1669 2658 non
1692 2631 1759 2658 adeo
1777 2638 1897 2658 cummo-

1115 2664 1188 2693 ιίυιη,
1201 2671 1310 2690 cursum
1322 2669 1414 2692 tenere
1435 2664 1576 2693 (ξόιιοηιιιτ.
1598 2675 1607 2692 ι

1150 2698 1205 2733 (67)
1219 2700 1254 2725 Ἢ
1265 2699 1313 2725 διὰ
1324 2699 1377 2726 τοῦ
1391 2699 1535 2734 κάλλους,
1549 2707 1600 2728 etc.
1612 2700 1638 2727 Id
1651 2705 1702 2731 cst,
1714 2700 1762 2727 «ob
1774 2699 1897 2727 eximiam

1116 2733 1341 2773 pulchritudinem
1355 2735 1646 2773 elegantissitnumque
1664 2743 1754 2773 rerum
1780 2736 1895 2773 sensibi—

1116 2768 1180 2804 lium
1193 2769 1325 2800 ordinem,
1355 2768 1523 2797 divinitatem
1545 2768 1624 2798 rebus
1640 2771 1704 2804 ipsis
1723 2771 1895 2798 sensibilibtts

1115 2803 1226 2832 tribuat.
1243 2811 1275 2831 ac
1286 2805 1321 2831 ila
1336 2805 1416 2832 Deum
1432 2806 1546 2833 antittat.
1561 2815 1575 2831 ε»

1162 2838 1206 2909 68)
1228 2838 1388 2873 Ἐνομίσθη
1405 2841 1507 2874 νόμος.
1523 2841 1629 2871 Coml).,
1645 2847 1725 2876 νομος
1743 2848 1858 2874 εγενετο.

1162 2873 1193 2901 69
1231 2875 1487 2909 Δοναστείαν.δίο
1521 2876 1573 2903 duo
1602 2876 1697 2909 liegg..
1725 2881 1779 2904 tres
1808 2876 1854 2903 Col

1160 2873 1204 2909 69)
1231 2873 1487 2909 Aywwrslar.$ic
1521 2876 1573 2903 duo
1602 2873 1697 2909 lieggl.
1725 2873 1779 2904 tres
1808 2875 1894 2906 CullL.

1113 2908 1195 2938 Coisl.
1208 2909 1234 2944 l,
1247 2908 1293 2938 0r.
1312 2910 1322 2936 l
1340 2915 1367 2939 et
1380 2911 1439 2939 Par.
1450 2911 1477 2938 ltt
1493 2910 1548 2944 ed.,
1564 2910 1728 2943 δυναστείας.
