  <div class='ocr_page' id='page_1' title='image "/cluster/home/n/w/nwhite01/storage/ocr_20150623/36/njp.32101013202633/034.png"; bbox 0 0 2049 3131; ppageno 0'>
   <div class='ocr_carea' id='block_1_1' title="bbox 177 123 1801 154">
    <p class='ocr_par' dir='ltr' id='par_1_1' title="bbox 177 123 1801 154">
     <span class='ocr_line' id='line_1_1' title="bbox 177 123 1801 154; baseline 0 -1"><span class='ocrx_word' id='word_1_1' title='bbox 177 123 212 153; x_wconf 73' lang='grc'><strong>49</strong></span> <span class='ocrx_word' id='word_1_2' title='bbox 688 125 818 153; x_wconf 77' lang='lat' dir='ltr'><strong>ORATIO</strong></span> <span class='ocrx_word' id='word_1_3' title='bbox 839 125 956 153; x_wconf 74' lang='lat' dir='ltr'>XXVIII.</span> <span class='ocrx_word' id='word_1_4' title='bbox 977 142 1011 146; x_wconf 91' lang='lat'><strong>—</strong></span> <span class='ocrx_word' id='word_1_5' title='bbox 1030 125 1248 154; x_wconf 70' lang='lat' dir='ltr'><strong>TIIEOLOGICA</strong></span> <span class='ocrx_word' id='word_1_6' title='bbox 1270 125 1301 154; x_wconf 86' lang='lat' dir='ltr'>II.</span> <span class='ocrx_word' id='word_1_7' title='bbox 1763 123 1801 153; x_wconf 82' lang='lat'><strong>50</strong></span> 
     </span>
    </p>
   </div>
   <div class='ocr_carea' id='block_1_2' title="bbox 179 181 960 219">
    <p class='ocr_par' dir='ltr' id='par_1_2' title="bbox 179 181 960 219">
     <span class='ocr_line' id='line_1_2' title="bbox 179 181 960 219; baseline 0 -11"><span class='ocrx_word' id='word_1_8' title='bbox 179 181 272 217; x_wconf 82' lang='grc' dir='ltr'>μῖσοη,</span> <span class='ocrx_word' id='word_1_9' title='bbox 291 182 322 208; x_wconf 83' lang='grc' dir='ltr'><strong>ού</strong></span> <span class='ocrx_word' id='word_1_10' title='bbox 335 183 368 218; x_wconf 73' lang='grc' dir='ltr'><strong>τῇ</strong></span> <span class='ocrx_word' id='word_1_11' title='bbox 397 182 523 219; x_wconf 83' lang='grc' dir='ltr'>ἀληθείᾳ,</span> <span class='ocrx_word' id='word_1_12' title='bbox 544 184 578 218; x_wconf 84' lang='grc' dir='ltr'><strong>τῇ</strong></span> <span class='ocrx_word' id='word_1_13' title='bbox 603 183 632 209; x_wconf 81' lang='grc' dir='ltr'>δὲ</span> <span class='ocrx_word' id='word_1_14' title='bbox 651 182 698 209; x_wconf 83' lang='grc' dir='ltr'><strong>τοῦ</strong></span> <span class='ocrx_word' id='word_1_15' title='bbox 716 183 829 219; x_wconf 80' lang='grc' dir='ltr'><strong>πλησίον</strong></span> <span class='ocrx_word' id='word_1_16' title='bbox 852 183 960 218; x_wconf 62' lang='grc' dir='ltr'>δυνάμει</span> 
     </span>
    </p>
   </div>
   <div class='ocr_carea' id='block_1_3' title="bbox 1013 181 1800 219">
    <p class='ocr_par' dir='ltr' id='par_1_3' title="bbox 1020 182 1800 218">
     <span class='ocr_line' id='line_1_3' title="bbox 1020 182 1800 218; baseline -0.001 -8"><span class='ocrx_word' id='word_1_17' title='bbox 1020 187 1097 216; x_wconf 89' lang='lat' dir='ltr'><strong>teste,</strong></span> <span class='ocrx_word' id='word_1_18' title='bbox 1113 183 1273 218; x_wconf 81' lang='lat' dir='ltr'><strong>cognovisse</strong></span> <span class='ocrx_word' id='word_1_19' title='bbox 1297 182 1407 216; x_wconf 91' lang='lat' dir='ltr'><strong>dicitur,</strong></span> <span class='ocrx_word' id='word_1_20' title='bbox 1423 186 1536 209; x_wconf 86' lang='lat' dir='ltr'><strong>eatenus</strong></span> <span class='ocrx_word' id='word_1_21' title='bbox 1557 182 1714 217; x_wconf 75' lang='lat' dir='ltr'><strong>cognovisse</strong></span> <span class='ocrx_word' id='word_1_22' title='bbox 1735 190 1800 210; x_wconf 85' lang='lat' dir='ltr'><strong>cett-</strong></span> 
     </span>
    </p>
   </div>
   <div class='ocr_carea' id='block_1_4' title="bbox 176 229 452 264">
    <p class='ocr_par' dir='ltr' id='par_1_4' title="bbox 176 229 452 264">
     <span class='ocr_line' id='line_1_4' title="bbox 176 229 452 264; baseline 0.007 -10"><span class='ocrx_word' id='word_1_23' title='bbox 176 229 452 264; x_wconf 78' lang='grc' dir='ltr'>παραμετροῦμενον,</span> 
     </span>
    </p>
   </div>
   <div class='ocr_carea' id='block_1_5' title="bbox 1019 228 1800 264">
    <p class='ocr_par' dir='ltr' id='par_1_5' title="bbox 1019 228 1800 264">
     <span class='ocr_line' id='line_1_5' title="bbox 1019 228 1800 264; baseline -0.001 -7"><span class='ocrx_word' id='word_1_24' title='bbox 1019 231 1120 257; x_wconf 88' lang='lat' dir='ltr'><strong>sendus</strong></span> <span class='ocrx_word' id='word_1_25' title='bbox 1133 234 1185 263; x_wconf 88' lang='lat' dir='ltr'><strong>est,</strong></span> <span class='ocrx_word' id='word_1_26' title='bbox 1202 235 1337 264; x_wconf 76' lang='lat' dir='ltr'><strong>quatenus</strong></span> <span class='ocrx_word' id='word_1_27' title='bbox 1352 229 1486 256; x_wconf 83' lang='lat' dir='ltr'><strong>uberioris</strong></span> <span class='ocrx_word' id='word_1_28' title='bbox 1501 228 1652 263; x_wconf 85' lang='lat' dir='ltr'><strong>splendoris</strong></span> <span class='ocrx_word' id='word_1_29' title='bbox 1665 229 1800 263; x_wconf 87' lang='lat' dir='ltr'><strong>particeps</strong></span> 
     </span>
    </p>
   </div>
   <div class='ocr_carea' id='block_1_6' title="bbox 176 275 1799 312">
    <p class='ocr_par' dir='ltr' id='par_1_6' title="bbox 176 275 1799 312">
     <span class='ocr_line' id='line_1_6' title="bbox 176 275 1799 312; baseline 0 -10"><span class='ocrx_word' id='word_1_30' title='bbox 176 275 233 307; x_wconf 88' lang='lat' dir='ltr'><strong>sit,</strong></span> <span class='ocrx_word' id='word_1_31' title='bbox 253 282 334 309; x_wconf 88' lang='lat' dir='ltr'><strong>quam</strong></span> <span class='ocrx_word' id='word_1_32' title='bbox 350 276 396 310; x_wconf 85' lang='lat' dir='ltr'><strong>qui</strong></span> <span class='ocrx_word' id='word_1_33' title='bbox 412 276 501 304; x_wconf 87' lang='lat' dir='ltr'><strong>minus</strong></span> <span class='ocrx_word' id='word_1_34' title='bbox 517 276 627 304; x_wconf 89' lang='lat' dir='ltr'><strong>luminis</strong></span> <span class='ocrx_word' id='word_1_35' title='bbox 644 277 774 304; x_wconf 87' lang='lat' dir='ltr'><strong>divinitus</strong></span> <span class='ocrx_word' id='word_1_36' title='bbox 792 277 907 311; x_wconf 89' lang='lat' dir='ltr'><strong>accepit.</strong></span> <span class='ocrx_word' id='word_1_37' title='bbox 924 276 963 304; x_wconf 88' lang='lat' dir='ltr'><strong>Ita</strong></span> <span class='ocrx_word' id='word_1_38' title='bbox 981 278 1174 312; x_wconf 81' lang='lat' dir='ltr'><strong>exsuperantia</strong></span> <span class='ocrx_word' id='word_1_39' title='bbox 1212 278 1287 311; x_wconf 63' lang='lat' dir='ltr'><strong>haec,</strong></span> <span class='ocrx_word' id='word_1_40' title='bbox 1317 277 1437 312; x_wconf 85' lang='lat' dir='ltr'><strong>perfecta</strong></span> <span class='ocrx_word' id='word_1_41' title='bbox 1453 277 1572 311; x_wconf 82' lang='lat' dir='ltr'><strong>cognitio</strong></span> <span class='ocrx_word' id='word_1_42' title='bbox 1584 276 1735 304; x_wconf 79' lang='lat' dir='ltr'><strong>existimata</strong></span> <span class='ocrx_word' id='word_1_43' title='bbox 1747 281 1799 310; x_wconf 83' lang='lat' dir='ltr'><strong>est,</strong></span> 
     </span>
    </p>
   </div>
   <div class='ocr_carea' id='block_1_7' title="bbox 177 321 1370 358">
    <p class='ocr_par' dir='ltr' id='par_1_7' title="bbox 177 321 1370 358">
     <span class='ocr_line' id='line_1_7' title="bbox 177 321 1370 358; baseline 0.003 -12"><span class='ocrx_word' id='word_1_44' title='bbox 177 327 229 347; x_wconf 89' lang='lat' dir='ltr'><strong>non</strong></span> <span class='ocrx_word' id='word_1_45' title='bbox 246 321 280 347; x_wconf 91' lang='lat' dir='ltr'><strong>ad</strong></span> <span class='ocrx_word' id='word_1_46' title='bbox 293 321 330 347; x_wconf 88' lang='lat' dir='ltr'><strong>rei</strong></span> <span class='ocrx_word' id='word_1_47' title='bbox 354 322 439 355; x_wconf 86' lang='lat' dir='ltr'><strong>ipsius</strong></span> <span class='ocrx_word' id='word_1_48' title='bbox 461 322 613 354; x_wconf 84' lang='lat' dir='ltr'><strong>veritatem,</strong></span> <span class='ocrx_word' id='word_1_49' title='bbox 628 321 675 349; x_wconf 87' lang='lat' dir='ltr'><strong>sed</strong></span> <span class='ocrx_word' id='word_1_50' title='bbox 686 322 720 349; x_wconf 82' lang='lat' dir='ltr'><strong>ad</strong></span> <span class='ocrx_word' id='word_1_51' title='bbox 731 323 845 349; x_wconf 87' lang='lat' dir='ltr'><strong>aliorum</strong></span> <span class='ocrx_word' id='word_1_52' title='bbox 863 323 998 350; x_wconf 83' lang='lat' dir='ltr'><strong>modulum</strong></span> <span class='ocrx_word' id='word_1_53' title='bbox 1015 329 1042 350; x_wconf 89' lang='lat' dir='ltr'><strong>et</strong></span> <span class='ocrx_word' id='word_1_54' title='bbox 1057 323 1211 350; x_wconf 68' lang='lat' dir='ltr'><strong>facultatem</strong></span> <span class='ocrx_word' id='word_1_55' title='bbox 1228 329 1370 358; x_wconf 82' lang='lat' dir='ltr'><strong>perpensa.</strong></span> 
     </span>
    </p>
   </div>
   <div class='ocr_carea' id='block_1_8' title="bbox 214 366 964 404">
    <p class='ocr_par' dir='ltr' id='par_1_8' title="bbox 214 366 964 404">
     <span class='ocr_line' id='line_1_8' title="bbox 214 366 964 404; baseline 0.005 -12"><span class='ocrx_word' id='word_1_56' title='bbox 214 366 266 392; x_wconf 84' lang='lat' dir='ltr'><strong>IH’.</strong></span> <span class='ocrx_word' id='word_1_57' title='bbox 278 366 328 393; x_wconf 86' lang='grc' dir='ltr'><strong>Διὰ</strong></span> <span class='ocrx_word' id='word_1_58' title='bbox 335 367 414 394; x_wconf 81' lang='grc' dir='ltr'>τοῦτο</span> <span class='ocrx_word' id='word_1_59' title='bbox 430 367 512 399; x_wconf 82' lang='grc' dir='ltr'>Ἐνὼς</span> <span class='ocrx_word' id='word_1_60' title='bbox 530 368 578 403; x_wconf 85' lang='grc' dir='ltr'>μὲν</span> <span class='ocrx_word' id='word_1_61' title='bbox 589 367 702 403; x_wconf 77' lang='grc' dir='ltr'>ἤλπισεν</span> <span class='ocrx_word' id='word_1_62' title='bbox 710 368 898 396; x_wconf 82' lang='grc' dir='ltr'>ἐπικαλεῖσθαι</span> <span class='ocrx_word' id='word_1_63' title='bbox 910 369 964 404; x_wconf 82' lang='grc'><strong>(99)</strong></span> 
     </span>
    </p>
   </div>
   <div class='ocr_carea' id='block_1_9' title="bbox 175 412 964 449">
    <p class='ocr_par' dir='ltr' id='par_1_9' title="bbox 175 412 964 449">
     <span class='ocr_line' id='line_1_9' title="bbox 175 412 964 449; baseline 0.004 -11"><span class='ocrx_word' id='word_1_64' title='bbox 175 412 221 439; x_wconf 80' lang='grc' dir='ltr'><strong>τὸν</strong></span> <span class='ocrx_word' id='word_1_65' title='bbox 237 413 349 448; x_wconf 82' lang='grc' dir='ltr'><strong>Κύριον·</strong></span> <span class='ocrx_word' id='word_1_66' title='bbox 364 412 442 444; x_wconf 73' lang='grc' dir='ltr'><strong>ἐλπὶς</strong></span> <span class='ocrx_word' id='word_1_67' title='bbox 453 413 482 439; x_wconf 80' lang='grc' dir='ltr'>τὸ</span> <span class='ocrx_word' id='word_1_68' title='bbox 499 413 716 449; x_wconf 79' lang='grc' dir='ltr'><strong>κατορθούμενον</strong></span> <span class='ocrx_word' id='word_1_69' title='bbox 731 412 776 449; x_wconf 78' lang='grc' dir='ltr'>ἦν,</span> <span class='ocrx_word' id='word_1_70' title='bbox 788 415 920 442; x_wconf 70' lang='grc' dir='ltr'>καὶτοῦτο</span> <span class='ocrx_word' id='word_1_71' title='bbox 933 416 964 441; x_wconf 83' lang='grc' dir='ltr'><strong>ού</strong></span> 
     </span>
    </p>
   </div>
   <div class='ocr_carea' id='block_1_10' title="bbox 178 457 963 495">
    <p class='ocr_par' dir='ltr' id='par_1_10' title="bbox 178 457 963 495">
     <span class='ocr_line' id='line_1_10' title="bbox 178 457 963 495; baseline 0.003 -11"><span class='ocrx_word' id='word_1_72' title='bbox 178 457 311 493; x_wconf 78' lang='grc' dir='ltr'>γνώσεως,</span> <span class='ocrx_word' id='word_1_73' title='bbox 326 458 383 485; x_wconf 80' lang='grc' dir='ltr'><strong>ἀλλ’</strong></span> <span class='ocrx_word' id='word_1_74' title='bbox 396 459 578 494; x_wconf 80' lang='grc' dir='ltr'>ἐπικλήσεως.</span> <span class='ocrx_word' id='word_1_75' title='bbox 599 459 685 494; x_wconf 85' lang='grc' dir='ltr'><strong>Ἑνὼχ</strong></span> <span class='ocrx_word' id='word_1_76' title='bbox 702 459 730 486; x_wconf 84' lang='grc' dir='ltr'>δὲ</span> <span class='ocrx_word' id='word_1_77' title='bbox 753 460 884 495; x_wconf 81' lang='grc' dir='ltr'><strong>μετετέθη</strong></span> <span class='ocrx_word' id='word_1_78' title='bbox 905 460 963 495; x_wconf 80' lang='grc' dir='ltr'>μὲν,</span> 
     </span>
    </p>
   </div>
   <div class='ocr_carea' id='block_1_11' title="bbox 173 503 965 541">
    <p class='ocr_par' dir='ltr' id='par_1_11' title="bbox 173 503 965 541">
     <span class='ocr_line' id='line_1_11' title="bbox 173 503 965 541; baseline 0.001 -11"><span class='ocrx_word' id='word_1_79' title='bbox 173 503 250 531; x_wconf 79' lang='grc' dir='ltr'>οῦπω</span> <span class='ocrx_word' id='word_1_80' title='bbox 264 504 293 530; x_wconf 85' lang='grc' dir='ltr'>δὲ</span> <span class='ocrx_word' id='word_1_81' title='bbox 313 504 403 540; x_wconf 82' lang='grc' dir='ltr'>δῆλον,</span> <span class='ocrx_word' id='word_1_82' title='bbox 417 506 441 531; x_wconf 86' lang='grc' dir='ltr'>εί</span> <span class='ocrx_word' id='word_1_83' title='bbox 454 505 522 531; x_wconf 83' lang='grc' dir='ltr'><strong>Θεοῦ</strong></span> <span class='ocrx_word' id='word_1_84' title='bbox 538 505 619 539; x_wconf 83' lang='grc' dir='ltr'>φύσιν</span> <span class='ocrx_word' id='word_1_85' title='bbox 640 505 807 541; x_wconf 76' lang='grc' dir='ltr'>περιλαϐὼν,</span> <span class='ocrx_word' id='word_1_86' title='bbox 823 505 839 540; x_wconf 83' lang='grc' dir='ltr'>ἢ</span> <span class='ocrx_word' id='word_1_87' title='bbox 853 505 965 541; x_wconf 62' lang='grc' dir='ltr'>περιλης</span> 
     </span>
    </p>
   </div>
   <div class='ocr_carea' id='block_1_12' title="bbox 173 548 966 586">
    <p class='ocr_par' dir='ltr' id='par_1_12' title="bbox 173 548 966 586">
     <span class='ocr_line' id='line_1_12' title="bbox 173 548 966 586; baseline 0.004 -11"><span class='ocrx_word' id='word_1_88' title='bbox 173 548 301 584; x_wconf 71' lang='grc' dir='ltr'>ψὸμενος.</span> <span class='ocrx_word' id='word_1_89' title='bbox 318 550 371 577; x_wconf 82' lang='grc' dir='ltr'>Τοῦ</span> <span class='ocrx_word' id='word_1_90' title='bbox 385 550 413 577; x_wconf 80' lang='grc' dir='ltr'>δὲ</span> <span class='ocrx_word' id='word_1_91' title='bbox 423 550 496 582; x_wconf 82' lang='grc' dir='ltr'><strong>Νῶε,</strong></span> <span class='ocrx_word' id='word_1_92' title='bbox 512 550 594 577; x_wconf 82' lang='grc' dir='ltr'>καλὸν</span> <span class='ocrx_word' id='word_1_93' title='bbox 611 552 629 586; x_wconf 83' lang='grc' dir='ltr'><strong>ἡ</strong></span> <span class='ocrx_word' id='word_1_94' title='bbox 648 551 838 586; x_wconf 71' lang='grc' dir='ltr'><strong>εὐαρέστησις,</strong></span> <span class='ocrx_word' id='word_1_95' title='bbox 854 550 901 577; x_wconf 86' lang='grc' dir='ltr'><strong>τοῦ</strong></span> <span class='ocrx_word' id='word_1_96' title='bbox 919 552 966 578; x_wconf 74' lang='grc' dir='ltr'><strong>καὶ</strong></span> 
     </span>
    </p>
   </div>
   <div class='ocr_carea' id='block_1_13' title="bbox 174 595 963 632">
    <p class='ocr_par' dir='ltr' id='par_1_13' title="bbox 174 595 963 632">
     <span class='ocr_line' id='line_1_13' title="bbox 174 595 963 632; baseline 0.001 -11"><span class='ocrx_word' id='word_1_97' title='bbox 174 595 277 630; x_wconf 81' lang='grc' dir='ltr'>κόσμον</span> <span class='ocrx_word' id='word_1_98' title='bbox 292 595 352 622; x_wconf 80' lang='grc' dir='ltr'>ὅλον</span> <span class='ocrx_word' id='word_1_99' title='bbox 363 595 393 628; x_wconf 78' lang='grc' dir='ltr'><strong>ἐξ</strong></span> <span class='ocrx_word' id='word_1_100' title='bbox 409 596 512 623; x_wconf 79' lang='grc' dir='ltr'><strong>ὑδάτων</strong></span> <span class='ocrx_word' id='word_1_101' title='bbox 526 596 711 623; x_wconf 79' lang='grc' dir='ltr'><strong>διασώσασθαι</strong></span> <span class='ocrx_word' id='word_1_102' title='bbox 725 596 924 629; x_wconf 76' lang='grc' dir='ltr'><strong>πιστευθέντος,</strong></span> <span class='ocrx_word' id='word_1_103' title='bbox 946 597 963 632; x_wconf 83' lang='grc' dir='ltr'><strong>ἢ</strong></span> 
     </span>
    </p>
   </div>
   <div class='ocr_carea' id='block_1_14' title="bbox 175 639 965 677">
    <p class='ocr_par' dir='ltr' id='par_1_14' title="bbox 175 639 965 677">
     <span class='ocr_line' id='line_1_14' title="bbox 175 639 965 677; baseline 0.004 -11"><span class='ocrx_word' id='word_1_104' title='bbox 175 639 279 674; x_wconf 84' lang='grc' dir='ltr'><strong>κόσμου</strong></span> <span class='ocrx_word' id='word_1_105' title='bbox 294 640 450 676; x_wconf 83' lang='grc' dir='ltr'>σπέρματα,</span> <span class='ocrx_word' id='word_1_106' title='bbox 461 640 532 676; x_wconf 79' lang='grc' dir='ltr'>ξύλῳ</span> <span class='ocrx_word' id='word_1_107' title='bbox 546 642 636 677; x_wconf 78' lang='grc' dir='ltr'>μικρῷ</span> <span class='ocrx_word' id='word_1_108' title='bbox 647 642 775 677; x_wconf 79' lang='grc' dir='ltr'><strong>φεύγοντι</strong></span> <span class='ocrx_word' id='word_1_109' title='bbox 790 642 826 677; x_wconf 73' lang='lat' dir='ltr'><strong>Li)</strong></span> <span class='ocrx_word' id='word_1_110' title='bbox 845 642 893 676; x_wconf 83' lang='grc' dir='ltr'><strong>τὴν</strong></span> <span class='ocrx_word' id='word_1_111' title='bbox 906 642 965 669; x_wconf 86' lang='grc' dir='ltr'><strong>ὲπί-</strong></span> 
     </span>
    </p>
   </div>
   <div class='ocr_carea' id='block_1_15' title="bbox 174 684 964 723">
    <p class='ocr_par' dir='ltr' id='par_1_15' title="bbox 174 684 964 723">
     <span class='ocr_line' id='line_1_15' title="bbox 174 684 964 723; baseline 0.005 -13"><span class='ocrx_word' id='word_1_112' title='bbox 174 684 279 711; x_wconf 83' lang='grc' dir='ltr'>κλυσιν.</span> <span class='ocrx_word' id='word_1_113' title='bbox 300 685 426 721; x_wconf 77' lang='grc' dir='ltr'>Ἀϐραὰμ</span> <span class='ocrx_word' id='word_1_114' title='bbox 437 686 465 712; x_wconf 82' lang='grc' dir='ltr'>δὲ</span> <span class='ocrx_word' id='word_1_115' title='bbox 481 686 626 722; x_wconf 83' lang='grc' dir='ltr'><strong>ἐδικαιώθη</strong></span> <span class='ocrx_word' id='word_1_116' title='bbox 638 688 686 722; x_wconf 79' lang='grc' dir='ltr'><strong>μὲν</strong></span> <span class='ocrx_word' id='word_1_117' title='bbox 700 688 732 713; x_wconf 82' lang='grc' dir='ltr'>ἐκ</span> <span class='ocrx_word' id='word_1_118' title='bbox 747 688 875 719; x_wconf 81' lang='grc' dir='ltr'>πίστεως,</span> <span class='ocrx_word' id='word_1_119' title='bbox 889 689 902 714; x_wconf 82' lang='grc' dir='ltr'>ὁ</span> <span class='ocrx_word' id='word_1_120' title='bbox 917 688 964 723; x_wconf 87' lang='grc' dir='ltr'><strong>μέ-</strong></span> 
     </span>
    </p>
   </div>
   <div class='ocr_carea' id='block_1_16' title="bbox 173 731 961 769">
    <p class='ocr_par' dir='ltr' id='par_1_16' title="bbox 173 731 961 769">
     <span class='ocr_line' id='line_1_16' title="bbox 173 731 961 769; baseline 0.004 -12"><span class='ocrx_word' id='word_1_121' title='bbox 173 738 225 765; x_wconf 86' lang='grc' dir='ltr'>γας</span> <span class='ocrx_word' id='word_1_122' title='bbox 245 731 428 767; x_wconf 83' lang='grc' dir='ltr'><strong>πατριάρχης,</strong></span> <span class='ocrx_word' id='word_1_123' title='bbox 444 733 491 759; x_wconf 79' lang='grc' dir='ltr'>καὶ</span> <span class='ocrx_word' id='word_1_124' title='bbox 506 733 564 759; x_wconf 82' lang='grc' dir='ltr'><strong>θύει</strong></span> <span class='ocrx_word' id='word_1_125' title='bbox 577 733 672 760; x_wconf 75' lang='grc' dir='ltr'>θυσίαν</span> <span class='ocrx_word' id='word_1_126' title='bbox 684 732 772 769; x_wconf 80' lang='grc' dir='ltr'><strong>ξένην,</strong></span> <span class='ocrx_word' id='word_1_127' title='bbox 788 733 834 760; x_wconf 72' lang='grc' dir='ltr'><strong>καὶ</strong></span> <span class='ocrx_word' id='word_1_128' title='bbox 848 733 898 768; x_wconf 78' lang='grc' dir='ltr'><strong>τῆς</strong></span> <span class='ocrx_word' id='word_1_129' title='bbox 913 742 961 769; x_wconf 91' lang='grc' dir='ltr'><strong>με-</strong></span> 
     </span>
    </p>
   </div>
   <div class='ocr_carea' id='block_1_17' title="bbox 173 776 962 814">
    <p class='ocr_par' dir='ltr' id='par_1_17' title="bbox 173 776 962 814">
     <span class='ocr_line' id='line_1_17' title="bbox 173 776 962 814; baseline 0.005 -12"><span class='ocrx_word' id='word_1_130' title='bbox 173 776 261 810; x_wconf 78' lang='grc' dir='ltr'>γάλης</span> <span class='ocrx_word' id='word_1_131' title='bbox 287 777 441 804; x_wconf 70' lang='grc' dir='ltr'>ἀντίτυπονυ</span> <span class='ocrx_word' id='word_1_132' title='bbox 460 778 526 805; x_wconf 83' lang='grc' dir='ltr'><strong>Θεὸν</strong></span> <span class='ocrx_word' id='word_1_133' title='bbox 551 779 580 805; x_wconf 83' lang='grc' dir='ltr'>δὲ</span> <span class='ocrx_word' id='word_1_134' title='bbox 603 779 652 814; x_wconf 84' lang='grc' dir='ltr'><strong>ούχ</strong></span> <span class='ocrx_word' id='word_1_135' title='bbox 671 779 710 811; x_wconf 81' lang='grc' dir='ltr'><strong>ὡς</strong></span> <span class='ocrx_word' id='word_1_136' title='bbox 729 780 795 806; x_wconf 82' lang='grc' dir='ltr'>Θεὸν</span> <span class='ocrx_word' id='word_1_137' title='bbox 811 778 891 813; x_wconf 78' lang='grc' dir='ltr'>εἶδεν,</span> <span class='ocrx_word' id='word_1_138' title='bbox 905 779 962 806; x_wconf 74' lang='grc' dir='ltr'>ἀλλ’</span> 
     </span>
    </p>
   </div>
   <div class='ocr_carea' id='block_1_18' title="bbox 173 822 962 862">
    <p class='ocr_par' dir='ltr' id='par_1_18' title="bbox 173 822 962 862">
     <span class='ocr_line' id='line_1_18' title="bbox 173 822 962 862; baseline 0.006 -14"><span class='ocrx_word' id='word_1_139' title='bbox 173 822 211 854; x_wconf 88' lang='grc' dir='ltr'><strong>ὡς</strong></span> <span class='ocrx_word' id='word_1_140' title='bbox 226 822 369 858; x_wconf 84' lang='grc' dir='ltr'>ἄνθρωπον</span> <span class='ocrx_word' id='word_1_141' title='bbox 393 824 501 860; x_wconf 77' lang='grc' dir='ltr'>ἔθρεψε,</span> <span class='ocrx_word' id='word_1_142' title='bbox 517 825 564 852; x_wconf 61' lang='grc' dir='ltr'><strong>καὶ¹</strong></span> <span class='ocrx_word' id='word_1_143' title='bbox 588 826 718 862; x_wconf 75' lang='grc' dir='ltr'><strong>ἐπῃνέθη,</strong></span> <span class='ocrx_word' id='word_1_144' title='bbox 736 826 878 858; x_wconf 72' lang='grc' dir='ltr'>σεϐασοεὶς</span> <span class='ocrx_word' id='word_1_145' title='bbox 901 827 962 853; x_wconf 82' lang='grc' dir='ltr'>ὅσον</span> 
     </span>
    </p>
   </div>
   <div class='ocr_carea' id='block_1_19' title="bbox 174 869 960 908">
    <p class='ocr_par' dir='ltr' id='par_1_19' title="bbox 174 869 960 908">
     <span class='ocr_line' id='line_1_19' title="bbox 174 869 960 908; baseline 0.004 -12"><span class='ocrx_word' id='word_1_146' title='bbox 174 869 334 896; x_wconf 77' lang='grc' dir='ltr'>κατέλαϐεν.</span> <span class='ocrx_word' id='word_1_147' title='bbox 359 870 455 898; x_wconf 81' lang='grc' dir='ltr'>Ἰακὼὸ</span> <span class='ocrx_word' id='word_1_148' title='bbox 469 872 507 903; x_wconf 80' lang='grc' dir='ltr'>δὲ,</span> <span class='ocrx_word' id='word_1_149' title='bbox 525 872 647 907; x_wconf 76' lang='grc' dir='ltr'>κλίμακα</span> <span class='ocrx_word' id='word_1_150' title='bbox 662 872 711 907; x_wconf 88' lang='grc' dir='ltr'>μὲν</span> <span class='ocrx_word' id='word_1_151' title='bbox 725 872 830 908; x_wconf 66' lang='grc' dir='ltr'>ὑψηλὴν</span> <span class='ocrx_word' id='word_1_152' title='bbox 848 873 960 907; x_wconf 71' lang='grc' dir='ltr'>ἐφαντά-</span> 
     </span>
    </p>
   </div>
   <div class='ocr_carea' id='block_1_20' title="bbox 174 914 963 952">
    <p class='ocr_par' dir='ltr' id='par_1_20' title="bbox 174 914 963 952">
     <span class='ocr_line' id='line_1_20' title="bbox 174 914 963 952; baseline 0.004 -11"><span class='ocrx_word' id='word_1_153' title='bbox 174 914 225 950; x_wconf 88' lang='grc' dir='ltr'><strong>σθη</strong></span> <span class='ocrx_word' id='word_1_154' title='bbox 238 915 309 948; x_wconf 80' lang='grc' dir='ltr'>τινὰ,</span> <span class='ocrx_word' id='word_1_155' title='bbox 331 915 377 942; x_wconf 77' lang='grc' dir='ltr'>καὶ</span> <span class='ocrx_word' id='word_1_156' title='bbox 393 916 515 950; x_wconf 80' lang='grc' dir='ltr'>ἀγγέλων</span> <span class='ocrx_word' id='word_1_157' title='bbox 540 917 644 950; x_wconf 78' lang='grc' dir='ltr'>ἄνοδον,</span> <span class='ocrx_word' id='word_1_158' title='bbox 665 917 713 944; x_wconf 63' lang='grc' dir='ltr'><strong>καὶ</strong></span> <span class='ocrx_word' id='word_1_159' title='bbox 735 918 835 952; x_wconf 82' lang='grc' dir='ltr'><strong>στήλην</strong></span> <span class='ocrx_word' id='word_1_160' title='bbox 858 918 963 952; x_wconf 73' lang='grc' dir='ltr'>ἀλείφει</span> 
     </span>
    </p>
   </div>
   <div class='ocr_carea' id='block_1_21' title="bbox 174 961 964 999">
    <p class='ocr_par' dir='ltr' id='par_1_21' title="bbox 174 961 964 999">
     <span class='ocr_line' id='line_1_21' title="bbox 174 961 964 999; baseline 0.004 -13"><span class='ocrx_word' id='word_1_161' title='bbox 174 961 311 995; x_wconf 74' lang='grc' dir='ltr'><strong>μυστικῶς</strong></span> <span class='ocrx_word' id='word_1_162' title='bbox 332 961 410 996; x_wconf 78' lang='grc' dir='ltr'>(ἴσως</span> <span class='ocrx_word' id='word_1_163' title='bbox 432 963 474 988; x_wconf 79' lang='grc' dir='ltr'>ἵνα</span> <span class='ocrx_word' id='word_1_164' title='bbox 494 962 540 989; x_wconf 81' lang='grc' dir='ltr'>τὸν</span> <span class='ocrx_word' id='word_1_165' title='bbox 561 963 630 998; x_wconf 79' lang='grc' dir='ltr'>ὑπὲρ</span> <span class='ocrx_word' id='word_1_166' title='bbox 643 962 722 999; x_wconf 80' lang='grc' dir='ltr'>ἡμῶν</span> <span class='ocrx_word' id='word_1_167' title='bbox 735 963 878 998; x_wconf 77' lang='grc' dir='ltr'>ἀλειφέντα</span> <span class='ocrx_word' id='word_1_168' title='bbox 892 963 964 990; x_wconf 76' lang='grc' dir='ltr'>λίθον</span> 
     </span>
    </p>
   </div>
   <div class='ocr_carea' id='block_1_22' title="bbox 176 1007 963 1046">
    <p class='ocr_par' dir='ltr' id='par_1_22' title="bbox 176 1007 963 1046">
     <span class='ocr_line' id='line_1_22' title="bbox 176 1007 963 1046; baseline 0.005 -14"><span class='ocrx_word' id='word_1_169' title='bbox 176 1007 382 1043; x_wconf 77' lang='grc' dir='ltr'>παραδηλώσῃ),</span> <span class='ocrx_word' id='word_1_170' title='bbox 411 1008 458 1035; x_wconf 80' lang='grc' dir='ltr'>καὶ</span> <span class='ocrx_word' id='word_1_171' title='bbox 477 1007 551 1040; x_wconf 80' lang='grc' dir='ltr'>οἶκος</span> <span class='ocrx_word' id='word_1_172' title='bbox 564 1009 630 1036; x_wconf 82' lang='grc' dir='ltr'>Θεοῦ</span> <span class='ocrx_word' id='word_1_173' title='bbox 660 1009 698 1045; x_wconf 68' lang='grc' dir='ltr'><strong>(Ξ)</strong></span> <span class='ocrx_word' id='word_1_174' title='bbox 715 1010 790 1045; x_wconf 73' lang='grc' dir='ltr'>τόπῳ</span> <span class='ocrx_word' id='word_1_175' title='bbox 808 1010 861 1036; x_wconf 73' lang='grc' dir='ltr'>τινὶ</span> <span class='ocrx_word' id='word_1_176' title='bbox 879 1018 963 1046; x_wconf 80' lang='grc' dir='ltr'>προσ-</span> 
     </span>
    </p>
   </div>
   <div class='ocr_carea' id='block_1_23' title="bbox 172 1052 964 1092">
    <p class='ocr_par' dir='ltr' id='par_1_23' title="bbox 172 1052 964 1092">
     <span class='ocr_line' id='line_1_23' title="bbox 172 1052 964 1092; baseline 0.005 -14"><span class='ocrx_word' id='word_1_177' title='bbox 172 1052 285 1087; x_wconf 80' lang='grc' dir='ltr'>ηγορίαν</span> <span class='ocrx_word' id='word_1_178' title='bbox 297 1053 412 1084; x_wconf 83' lang='grc' dir='ltr'>δίδωσιν,</span> <span class='ocrx_word' id='word_1_179' title='bbox 424 1055 464 1085; x_wconf 74' lang='grc' dir='ltr'><strong>εἰς</strong></span> <span class='ocrx_word' id='word_1_180' title='bbox 485 1055 569 1092; x_wconf 81' lang='grc' dir='ltr'>τιμὴν</span> <span class='ocrx_word' id='word_1_181' title='bbox 585 1055 631 1081; x_wconf 81' lang='grc' dir='ltr'><strong>τοῦ</strong></span> <span class='ocrx_word' id='word_1_182' title='bbox 646 1055 784 1090; x_wconf 70' lang='grc' dir='ltr'>ὀφθέντος,</span> <span class='ocrx_word' id='word_1_183' title='bbox 801 1054 846 1082; x_wconf 71' lang='grc' dir='ltr'>καὶ</span> <span class='ocrx_word' id='word_1_184' title='bbox 866 1055 903 1088; x_wconf 85' lang='grc' dir='ltr'>ὡς</span> <span class='ocrx_word' id='word_1_185' title='bbox 918 1057 964 1082; x_wconf 81' lang='grc' dir='ltr'><strong>ἀν-</strong></span> 
     </span>
    </p>
   </div>
   <div class='ocr_carea' id='block_1_24' title="bbox 172 1096 962 1137">
    <p class='ocr_par' dir='ltr' id='par_1_24' title="bbox 172 1096 962 1137">
     <span class='ocr_line' id='line_1_24' title="bbox 172 1096 962 1137; baseline 0.006 -15"><span class='ocrx_word' id='word_1_186' title='bbox 172 1096 274 1133; x_wconf 83' lang='grc' dir='ltr'>θρώπῳ</span> <span class='ocrx_word' id='word_1_187' title='bbox 283 1097 322 1133; x_wconf 79' lang='grc' dir='ltr'>τῷ</span> <span class='ocrx_word' id='word_1_188' title='bbox 332 1098 392 1133; x_wconf 83' lang='grc' dir='ltr'><strong>Θεῴ</strong></span> <span class='ocrx_word' id='word_1_189' title='bbox 403 1099 596 1134; x_wconf 66' lang='grc' dir='ltr'><strong>προσπαλαίει,</strong></span> <span class='ocrx_word' id='word_1_190' title='bbox 610 1100 627 1135; x_wconf 82' lang='grc' dir='ltr'>ἦ</span> <span class='ocrx_word' id='word_1_191' title='bbox 642 1101 683 1132; x_wconf 80' lang='grc' dir='ltr'>τίς</span> <span class='ocrx_word' id='word_1_192' title='bbox 695 1101 760 1126; x_wconf 85' lang='grc' dir='ltr'>ποτέ</span> <span class='ocrx_word' id='word_1_193' title='bbox 773 1102 845 1128; x_wconf 76' lang='grc' dir='ltr'>ἐστιν</span> <span class='ocrx_word' id='word_1_194' title='bbox 857 1102 873 1137; x_wconf 83' lang='grc' dir='ltr'>ἡ</span> <span class='ocrx_word' id='word_1_195' title='bbox 891 1102 962 1137; x_wconf 84' lang='grc' dir='ltr'><strong>πάλη</strong></span> 
     </span>
    </p>
   </div>
   <div class='ocr_carea' id='block_1_25' title="bbox 171 1142 962 1182">
    <p class='ocr_par' dir='ltr' id='par_1_25' title="bbox 171 1142 962 1182">
     <span class='ocr_line' id='line_1_25' title="bbox 171 1142 962 1182; baseline 0.005 -14"><span class='ocrx_word' id='word_1_196' title='bbox 171 1142 239 1169; x_wconf 81' lang='grc' dir='ltr'>θεοῦ</span> <span class='ocrx_word' id='word_1_197' title='bbox 260 1143 328 1178; x_wconf 75' lang='grc' dir='ltr'>πρὸς</span> <span class='ocrx_word' id='word_1_198' title='bbox 348 1143 501 1179; x_wconf 82' lang='grc' dir='ltr'>ἄνθρωπον,</span> <span class='ocrx_word' id='word_1_199' title='bbox 519 1145 535 1180; x_wconf 85' lang='grc' dir='ltr'>ἢ</span> <span class='ocrx_word' id='word_1_200' title='bbox 554 1145 624 1180; x_wconf 79' lang='grc' dir='ltr'>τάχα</span> <span class='ocrx_word' id='word_1_201' title='bbox 645 1146 694 1180; x_wconf 85' lang='grc' dir='ltr'><strong>τῆς</strong></span> <span class='ocrx_word' id='word_1_202' title='bbox 707 1145 880 1181; x_wconf 83' lang='grc' dir='ltr'>ἀνθρωπίνης</span> <span class='ocrx_word' id='word_1_203' title='bbox 898 1148 962 1182; x_wconf 77' lang='grc' dir='ltr'><strong>ἀρε-</strong></span> 
     </span>
    </p>
   </div>
   <div class='ocr_carea' id='block_1_26' title="bbox 171 1187 963 1228">
    <p class='ocr_par' dir='ltr' id='par_1_26' title="bbox 171 1187 963 1228">
     <span class='ocr_line' id='line_1_26' title="bbox 171 1187 963 1228; baseline 0.006 -14"><span class='ocrx_word' id='word_1_204' title='bbox 171 1187 222 1222; x_wconf 81' lang='grc' dir='ltr'><strong>τῆς</strong></span> <span class='ocrx_word' id='word_1_205' title='bbox 243 1189 311 1223; x_wconf 80' lang='grc' dir='ltr'>πρὸς</span> <span class='ocrx_word' id='word_1_206' title='bbox 325 1189 391 1216; x_wconf 81' lang='grc' dir='ltr'>Θεὸν</span> <span class='ocrx_word' id='word_1_207' title='bbox 405 1190 590 1223; x_wconf 78' lang='grc' dir='ltr'>ἀντεξέτασις,</span> <span class='ocrx_word' id='word_1_208' title='bbox 609 1192 655 1217; x_wconf 77' lang='grc' dir='ltr'>καὶ</span> <span class='ocrx_word' id='word_1_209' title='bbox 677 1191 797 1226; x_wconf 77' lang='grc' dir='ltr'>σύμϐολα</span> <span class='ocrx_word' id='word_1_210' title='bbox 813 1192 861 1227; x_wconf 75' lang='grc' dir='ltr'><strong>τῆς</strong></span> <span class='ocrx_word' id='word_1_211' title='bbox 875 1193 963 1228; x_wconf 79' lang='grc' dir='ltr'>πάλης</span> 
     </span>
    </p>
   </div>
   <div class='ocr_carea' id='block_1_27' title="bbox 172 1235 962 1274">
    <p class='ocr_par' dir='ltr' id='par_1_27' title="bbox 172 1235 962 1274">
     <span class='ocr_line' id='line_1_27' title="bbox 172 1235 962 1274; baseline 0.008 -14"><span class='ocrx_word' id='word_1_212' title='bbox 172 1235 219 1261; x_wconf 75' lang='grc' dir='ltr'><strong>ἐπὶ</strong></span> <span class='ocrx_word' id='word_1_213' title='bbox 244 1235 292 1262; x_wconf 79' lang='grc' dir='ltr'><strong>τοῦ</strong></span> <span class='ocrx_word' id='word_1_214' title='bbox 310 1235 435 1270; x_wconf 82' lang='grc' dir='ltr'>σώματος</span> <span class='ocrx_word' id='word_1_215' title='bbox 460 1237 548 1272; x_wconf 78' lang='grc' dir='ltr'>φέρει,</span> <span class='ocrx_word' id='word_1_216' title='bbox 579 1237 627 1273; x_wconf 82' lang='grc' dir='ltr'>τὴν</span> <span class='ocrx_word' id='word_1_217' title='bbox 646 1238 730 1272; x_wconf 74' lang='grc' dir='ltr'>ἧτταν</span> <span class='ocrx_word' id='word_1_218' title='bbox 746 1239 962 1274; x_wconf 72' lang='grc' dir='ltr'>παραδεικνύντα</span> 
     </span>
    </p>
   </div>
   <div class='ocr_carea' id='block_1_28' title="bbox 171 1280 962 1320">
    <p class='ocr_par' dir='ltr' id='par_1_28' title="bbox 171 1280 962 1320">
     <span class='ocr_line' id='line_1_28' title="bbox 171 1280 962 1320; baseline 0.006 -14"><span class='ocrx_word' id='word_1_219' title='bbox 171 1280 222 1315; x_wconf 82' lang='grc' dir='ltr'><strong>τῆς</strong></span> <span class='ocrx_word' id='word_1_220' title='bbox 249 1282 380 1317; x_wconf 80' lang='grc' dir='ltr'>γεννητῆς</span> <span class='ocrx_word' id='word_1_221' title='bbox 398 1283 437 1317; x_wconf 76' lang='grc'><strong>(5)</strong></span> <span class='ocrx_word' id='word_1_222' title='bbox 463 1283 579 1317; x_wconf 78' lang='grc' dir='ltr'>φύσεως,</span> <span class='ocrx_word' id='word_1_223' title='bbox 592 1284 639 1310; x_wconf 78' lang='grc' dir='ltr'>καὶ</span> <span class='ocrx_word' id='word_1_224' title='bbox 656 1282 736 1310; x_wconf 78' lang='grc' dir='ltr'>ἆθλον</span> <span class='ocrx_word' id='word_1_225' title='bbox 759 1285 899 1316; x_wconf 72' lang='grc' dir='ltr'><strong>εὐσεῦείας</strong></span> <span class='ocrx_word' id='word_1_226' title='bbox 913 1286 962 1320; x_wconf 77' lang='grc' dir='ltr'><strong>τὴν</strong></span> 
     </span>
    </p>
   </div>
   <div class='ocr_carea' id='block_1_29' title="bbox 174 1325 961 1364">
    <p class='ocr_par' dir='ltr' id='par_1_29' title="bbox 174 1325 961 1364">
     <span class='ocr_line' id='line_1_29' title="bbox 174 1325 961 1364; baseline 0.006 -14"><span class='ocrx_word' id='word_1_227' title='bbox 174 1325 324 1361; x_wconf 78' lang='grc' dir='ltr'>μεταϐολὴν</span> <span class='ocrx_word' id='word_1_228' title='bbox 335 1326 383 1361; x_wconf 79' lang='grc' dir='ltr'><strong>τῆς</strong></span> <span class='ocrx_word' id='word_1_229' title='bbox 392 1328 577 1363; x_wconf 68' lang='grc' dir='ltr'>προσηγορίας</span> <span class='ocrx_word' id='word_1_230' title='bbox 588 1327 730 1362; x_wconf 66' lang='grc' dir='ltr'>λαμϐάνει,</span> <span class='ocrx_word' id='word_1_231' title='bbox 741 1329 961 1364; x_wconf 78' lang='grc' dir='ltr'>μετονομασοεὶς,</span> 
     </span>
    </p>
   </div>
   <div class='ocr_carea' id='block_1_30' title="bbox 172 1371 961 1411">
    <p class='ocr_par' dir='ltr' id='par_1_30' title="bbox 172 1371 961 1411">
     <span class='ocr_line' id='line_1_30' title="bbox 172 1371 961 1411; baseline 0.006 -14"><span class='ocrx_word' id='word_1_232' title='bbox 172 1371 234 1397; x_wconf 70' lang='grc' dir='ltr'>ἀντὶ</span> <span class='ocrx_word' id='word_1_233' title='bbox 257 1371 363 1402; x_wconf 79' lang='grc' dir='ltr'>Ἰακὼϐ,</span> <span class='ocrx_word' id='word_1_234' title='bbox 385 1372 503 1408; x_wconf 77' lang='grc' dir='ltr'>Ἰσραὴλ,</span> <span class='ocrx_word' id='word_1_235' title='bbox 530 1373 608 1400; x_wconf 79' lang='grc' dir='ltr'>τοῦτο</span> <span class='ocrx_word' id='word_1_236' title='bbox 620 1374 652 1410; x_wconf 87' lang='grc' dir='ltr'>δὴ</span> <span class='ocrx_word' id='word_1_237' title='bbox 675 1375 706 1401; x_wconf 84' lang='grc' dir='ltr'>τὸ</span> <span class='ocrx_word' id='word_1_238' title='bbox 725 1375 794 1410; x_wconf 76' lang='grc' dir='ltr'>μέγα</span> <span class='ocrx_word' id='word_1_239' title='bbox 810 1376 857 1402; x_wconf 79' lang='grc' dir='ltr'>καὶ</span> <span class='ocrx_word' id='word_1_240' title='bbox 872 1377 961 1411; x_wconf 84' lang='grc' dir='ltr'>τίμιον</span> 
     </span>
    </p>
   </div>
   <div class='ocr_carea' id='block_1_31' title="bbox 171 1416 962 1457">
    <p class='ocr_par' dir='ltr' id='par_1_31' title="bbox 171 1416 962 1457">
     <span class='ocr_line' id='line_1_31' title="bbox 171 1416 962 1457; baseline 0.009 -15"><span class='ocrx_word' id='word_1_241' title='bbox 171 1416 268 1452; x_wconf 70' lang='grc' dir='ltr'>ὄνομα·</span> <span class='ocrx_word' id='word_1_242' title='bbox 286 1418 374 1444; x_wconf 76' lang='grc' dir='ltr'>ἐκεῖνο</span> <span class='ocrx_word' id='word_1_243' title='bbox 397 1419 436 1450; x_wconf 84' lang='grc' dir='ltr'>δὲ,</span> <span class='ocrx_word' id='word_1_244' title='bbox 457 1418 519 1446; x_wconf 75' lang='grc' dir='ltr'>οὔτε</span> <span class='ocrx_word' id='word_1_245' title='bbox 538 1420 627 1452; x_wconf 72' lang='grc' dir='ltr'>αὐτὸς,</span> <span class='ocrx_word' id='word_1_246' title='bbox 643 1420 704 1446; x_wconf 73' lang='grc' dir='ltr'>οὔτε</span> <span class='ocrx_word' id='word_1_247' title='bbox 729 1430 770 1453; x_wconf 83' lang='grc' dir='ltr'>τις</span> <span class='ocrx_word' id='word_1_248' title='bbox 787 1422 856 1457; x_wconf 80' lang='grc' dir='ltr'>ὑπὲρ</span> <span class='ocrx_word' id='word_1_249' title='bbox 883 1423 962 1449; x_wconf 76' lang='grc' dir='ltr'>αὑτὸν</span> 
     </span>
    </p>
   </div>
   <div class='ocr_carea' id='block_1_32' title="bbox 174 1463 961 1501">
    <p class='ocr_par' dir='ltr' id='par_1_32' title="bbox 174 1463 961 1501">
     <span class='ocr_line' id='line_1_32' title="bbox 174 1463 961 1501; baseline 0.006 -12"><span class='ocrx_word' id='word_1_250' title='bbox 174 1463 257 1499; x_wconf 78' lang='grc' dir='ltr'>μέχρι</span> <span class='ocrx_word' id='word_1_251' title='bbox 277 1464 397 1500; x_wconf 80' lang='grc' dir='ltr'>σήμερον</span> <span class='ocrx_word' id='word_1_252' title='bbox 426 1465 596 1500; x_wconf 76' lang='grc' dir='ltr'>ἐκαυχήσατο</span> <span class='ocrx_word' id='word_1_253' title='bbox 611 1466 665 1493; x_wconf 82' lang='grc' dir='ltr'>τῶν</span> <span class='ocrx_word' id='word_1_254' title='bbox 680 1467 782 1493; x_wconf 80' lang='grc' dir='ltr'>δώδεκα</span> <span class='ocrx_word' id='word_1_255' title='bbox 802 1468 902 1501; x_wconf 74' lang='grc' dir='ltr'>φυλῶν,</span> <span class='ocrx_word' id='word_1_256' title='bbox 924 1465 961 1495; x_wconf 80' lang='grc' dir='ltr'>ὧν</span> 
     </span>
    </p>
   </div>
   <div class='ocr_carea' id='block_1_33' title="bbox 1052 366 1801 403">
    <p class='ocr_par' dir='ltr' id='par_1_33' title="bbox 1052 366 1801 403">
     <span class='ocr_line' id='line_1_33' title="bbox 1052 366 1801 403; baseline -0.001 -7"><span class='ocrx_word' id='word_1_257' title='bbox 1052 368 1145 396; x_wconf 80' lang='lat' dir='ltr'><strong>XVIII.</strong></span> <span class='ocrx_word' id='word_1_258' title='bbox 1162 369 1294 402; x_wconf 83' lang='lat' dir='ltr'><strong>Quocirca</strong></span> <span class='ocrx_word' id='word_1_259' title='bbox 1310 368 1381 395; x_wconf 87' lang='lat' dir='ltr'><strong>Enos</strong></span> <span class='ocrx_word' id='word_1_260' title='bbox 1401 367 1509 403; x_wconf 88' lang='lat' dir='ltr'><strong>quidem</strong></span> <span class='ocrx_word' id='word_1_261' title='bbox 1531 374 1606 401; x_wconf 85' lang='lat' dir='ltr'><strong>spem</strong></span> <span class='ocrx_word' id='word_1_262' title='bbox 1628 366 1721 394; x_wconf 92' lang='lat' dir='ltr'><strong>habuit</strong></span> <span class='ocrx_word' id='word_1_263' title='bbox 1742 366 1801 395; x_wconf 83' lang='lat' dir='ltr'><strong>fore</strong></span> 
     </span>
    </p>
   </div>
   <div class='ocr_carea' id='block_1_34' title="bbox 1016 413 1802 447">
    <p class='ocr_par' dir='ltr' id='par_1_34' title="bbox 1016 413 1802 447">
     <span class='ocr_line' id='line_1_34' title="bbox 1016 413 1802 447; baseline -0.001 -6"><span class='ocrx_word' id='word_1_264' title='bbox 1016 418 1045 441; x_wconf 92' lang='lat' dir='ltr'><strong>ut</strong></span> <span class='ocrx_word' id='word_1_265' title='bbox 1063 414 1206 442; x_wconf 90' lang='lat' dir='ltr'><strong>Dominum</strong></span> <span class='ocrx_word' id='word_1_266' title='bbox 1223 415 1362 442; x_wconf 80' lang='lat' dir='ltr'><strong>invocaret</strong></span> <span class='ocrx_word' id='word_1_267' title='bbox 1373 414 1394 430; x_wconf 81' lang='lat'><strong>°‘</strong></span> <span class='ocrx_word' id='word_1_268' title='bbox 1410 422 1417 440; x_wconf 89' lang='lat'>:</span> <span class='ocrx_word' id='word_1_269' title='bbox 1431 413 1475 441; x_wconf 91' lang='lat' dir='ltr'><strong>ubi</strong></span> <span class='ocrx_word' id='word_1_270' title='bbox 1491 413 1566 441; x_wconf 86' lang='lat' dir='ltr'><strong>vides</strong></span> <span class='ocrx_word' id='word_1_271' title='bbox 1577 420 1651 447; x_wconf 90' lang='lat' dir='ltr'><strong>spem</strong></span> <span class='ocrx_word' id='word_1_272' title='bbox 1670 414 1802 440; x_wconf 81' lang='lat' dir='ltr'><strong>duntaxat</strong></span> 
     </span>
    </p>
   </div>
   <div class='ocr_carea' id='block_1_35' title="bbox 1015 458 1800 494">
    <p class='ocr_par' dir='ltr' id='par_1_35' title="bbox 1015 458 1800 494">
     <span class='ocr_line' id='line_1_35' title="bbox 1015 458 1800 494; baseline -0.001 -8"><span class='ocrx_word' id='word_1_273' title='bbox 1015 460 1041 486; x_wconf 92' lang='lat' dir='ltr'><strong>in</strong></span> <span class='ocrx_word' id='word_1_274' title='bbox 1055 467 1088 487; x_wconf 88' lang='lat' dir='ltr'><strong>eo</strong></span> <span class='ocrx_word' id='word_1_275' title='bbox 1103 460 1219 492; x_wconf 90' lang='lat' dir='ltr'><strong>laudari,</strong></span> <span class='ocrx_word' id='word_1_276' title='bbox 1233 467 1349 494; x_wconf 84' lang='lat' dir='ltr'><strong>eamque</strong></span> <span class='ocrx_word' id='word_1_277' title='bbox 1369 466 1421 486; x_wconf 90' lang='lat' dir='ltr'><strong>non</strong></span> <span class='ocrx_word' id='word_1_278' title='bbox 1435 458 1608 493; x_wconf 73' lang='lat' dir='ltr'><strong>cognitionis,</strong></span> <span class='ocrx_word' id='word_1_279' title='bbox 1626 459 1673 486; x_wconf 89' lang='lat' dir='ltr'><strong>sed</strong></span> <span class='ocrx_word' id='word_1_280' title='bbox 1691 459 1800 486; x_wconf 90' lang='lat' dir='ltr'><strong>invoca-</strong></span> 
     </span>
    </p>
   </div>
   <div class='ocr_carea' id='block_1_36' title="bbox 1016 504 1801 539">
    <p class='ocr_par' dir='ltr' id='par_1_36' title="bbox 1016 504 1801 539">
     <span class='ocr_line' id='line_1_36' title="bbox 1016 504 1801 539; baseline -0.001 -7"><span class='ocrx_word' id='word_1_281' title='bbox 1016 505 1106 533; x_wconf 87' lang='lat' dir='ltr'><strong>tionis.</strong></span> <span class='ocrx_word' id='word_1_282' title='bbox 1125 506 1217 533; x_wconf 87' lang='lat' dir='ltr'><strong>Enoch</strong></span> <span class='ocrx_word' id='word_1_283' title='bbox 1238 510 1338 537; x_wconf 81' lang='lat' dir='ltr'><strong>autent,</strong></span> <span class='ocrx_word' id='word_1_284' title='bbox 1369 505 1491 539; x_wconf 85' lang='lat' dir='ltr'><strong>quamvis</strong></span> <span class='ocrx_word' id='word_1_285' title='bbox 1510 504 1655 531; x_wconf 86' lang='lat' dir='ltr'><strong>translatus</strong></span> <span class='ocrx_word' id='word_1_286' title='bbox 1678 504 1801 537; x_wconf 79' lang='lat' dir='ltr'><strong>fuerit“,</strong></span> 
     </span>
    </p>
   </div>
   <div class='ocr_carea' id='block_1_37' title="bbox 1015 550 1802 585">
    <p class='ocr_par' dir='ltr' id='par_1_37' title="bbox 1015 550 1802 585">
     <span class='ocr_line' id='line_1_37' title="bbox 1015 550 1802 585; baseline 0 -7"><span class='ocrx_word' id='word_1_287' title='bbox 1015 552 1135 578; x_wconf 91' lang='lat' dir='ltr'><strong>nondunt</strong></span> <span class='ocrx_word' id='word_1_288' title='bbox 1155 556 1246 578; x_wconf 89' lang='lat' dir='ltr'><strong>tamen</strong></span> <span class='ocrx_word' id='word_1_289' title='bbox 1264 555 1389 584; x_wconf 85' lang='lat' dir='ltr'><strong>constat,</strong></span> <span class='ocrx_word' id='word_1_290' title='bbox 1409 558 1441 577; x_wconf 92' lang='lat' dir='ltr'><strong>an</strong></span> <span class='ocrx_word' id='word_1_291' title='bbox 1464 550 1509 577; x_wconf 90' lang='lat' dir='ltr'><strong>Dei</strong></span> <span class='ocrx_word' id='word_1_292' title='bbox 1535 555 1660 577; x_wconf 88' lang='lat' dir='ltr'><strong>naturam</strong></span> <span class='ocrx_word' id='word_1_293' title='bbox 1680 558 1802 585; x_wconf 89' lang='lat' dir='ltr'><strong>compre-</strong></span> 
     </span>
    </p>
   </div>
   <div class='ocr_carea' id='block_1_38' title="bbox 1016 596 1801 631">
    <p class='ocr_par' dir='ltr' id='par_1_38' title="bbox 1016 596 1801 631">
     <span class='ocr_line' id='line_1_38' title="bbox 1016 596 1801 631; baseline -0.001 -7"><span class='ocrx_word' id='word_1_294' title='bbox 1016 597 1158 630; x_wconf 89' lang='lat' dir='ltr'><strong>henderit,</strong></span> <span class='ocrx_word' id='word_1_295' title='bbox 1184 601 1231 624; x_wconf 91' lang='lat' dir='ltr'><strong>aut</strong></span> <span class='ocrx_word' id='word_1_296' title='bbox 1254 596 1503 631; x_wconf 86' lang='lat' dir='ltr'><strong>comprehensurus</strong></span> <span class='ocrx_word' id='word_1_297' title='bbox 1527 596 1571 623; x_wconf 88' lang='lat' dir='ltr'><strong>sit.</strong></span> <span class='ocrx_word' id='word_1_298' title='bbox 1595 596 1654 623; x_wconf 88' lang='lat' dir='ltr'><strong>Jam</strong></span> <span class='ocrx_word' id='word_1_299' title='bbox 1677 596 1741 628; x_wconf 83' lang='lat' dir='ltr'><strong>Noe.</strong></span> <span class='ocrx_word' id='word_1_300' title='bbox 1759 597 1801 624; x_wconf 89' lang='lat' dir='ltr'><strong>cui</strong></span> 
     </span>
    </p>
   </div>
   <div class='ocr_carea' id='block_1_39' title="bbox 1014 642 1802 677">
    <p class='ocr_par' dir='ltr' id='par_1_39' title="bbox 1014 642 1802 677">
     <span class='ocr_line' id='line_1_39' title="bbox 1014 642 1802 677; baseline 0 -8"><span class='ocrx_word' id='word_1_301' title='bbox 1014 642 1089 670; x_wconf 86' lang='lat' dir='ltr'><strong>orbis</strong></span> <span class='ocrx_word' id='word_1_302' title='bbox 1112 643 1231 670; x_wconf 89' lang='lat' dir='ltr'><strong>universi</strong></span> <span class='ocrx_word' id='word_1_303' title='bbox 1257 642 1292 669; x_wconf 90' lang='lat' dir='ltr'><strong>ab</strong></span> <span class='ocrx_word' id='word_1_304' title='bbox 1319 650 1451 677; x_wconf 86' lang='lat' dir='ltr'><strong>aquarum</strong></span> <span class='ocrx_word' id='word_1_305' title='bbox 1481 642 1602 677; x_wconf 87' lang='lat' dir='ltr'><strong>periculo</strong></span> <span class='ocrx_word' id='word_1_306' title='bbox 1621 643 1802 670; x_wconf 75' lang='lat' dir='ltr'><strong>conservandi</strong></span> 
     </span>
    </p>
   </div>
   <div class='ocr_carea' id='block_1_40' title="bbox 1015 684 1802 723">
    <p class='ocr_par' dir='ltr' id='par_1_40' title="bbox 1015 684 1802 723">
     <span class='ocr_line' id='line_1_40' title="bbox 1015 684 1802 723; baseline 0 -8"><span class='ocrx_word' id='word_1_307' title='bbox 1015 696 1079 716; x_wconf 86' lang='lat' dir='ltr'><strong>cura</strong></span> <span class='ocrx_word' id='word_1_308' title='bbox 1101 689 1204 716; x_wconf 86' lang='lat' dir='ltr'><strong>credita</strong></span> <span class='ocrx_word' id='word_1_309' title='bbox 1229 684 1315 720; x_wconf 78' lang='lat' dir='ltr'><strong>est&quot;,</strong></span> <span class='ocrx_word' id='word_1_310' title='bbox 1330 689 1371 715; x_wconf 91' lang='lat' dir='ltr'><strong>vel</strong></span> <span class='ocrx_word' id='word_1_311' title='bbox 1393 688 1481 723; x_wconf 90' lang='lat' dir='ltr'><strong>potius</strong></span> <span class='ocrx_word' id='word_1_312' title='bbox 1506 689 1580 715; x_wconf 88' lang='lat' dir='ltr'><strong>orbis</strong></span> <span class='ocrx_word' id='word_1_313' title='bbox 1606 690 1709 716; x_wconf 84' lang='lat' dir='ltr'><strong>semina</strong></span> <span class='ocrx_word' id='word_1_314' title='bbox 1728 696 1802 716; x_wconf 89' lang='lat' dir='ltr'><strong>com-</strong></span> 
     </span>
    </p>
   </div>
   <div class='ocr_carea' id='block_1_41' title="bbox 1015 732 1800 768">
    <p class='ocr_par' dir='ltr' id='par_1_41' title="bbox 1015 732 1800 768">
     <span class='ocr_line' id='line_1_41' title="bbox 1015 732 1800 768; baseline -0.001 -8"><span class='ocrx_word' id='word_1_315' title='bbox 1015 734 1108 765; x_wconf 82' lang='lat' dir='ltr'><strong>missa,</strong></span> <span class='ocrx_word' id='word_1_316' title='bbox 1119 733 1216 768; x_wconf 77' lang='lat' dir='ltr'><strong>exiguo</strong></span> <span class='ocrx_word' id='word_1_317' title='bbox 1229 733 1300 768; x_wconf 80' lang='lat' dir='ltr'><strong>ligno</strong></span> <span class='ocrx_word' id='word_1_318' title='bbox 1311 733 1440 760; x_wconf 79' lang='lat' dir='ltr'><strong>diluvium</strong></span> <span class='ocrx_word' id='word_1_319' title='bbox 1454 732 1582 767; x_wconf 82' lang='lat' dir='ltr'><strong>fugientia</strong></span> <span class='ocrx_word' id='word_1_320' title='bbox 1594 733 1626 765; x_wconf 72' lang='lat'><strong>“,</strong></span> <span class='ocrx_word' id='word_1_321' title='bbox 1642 733 1704 760; x_wconf 90' lang='lat' dir='ltr'><strong>hinc</strong></span> <span class='ocrx_word' id='word_1_322' title='bbox 1715 733 1800 760; x_wconf 89' lang='lat' dir='ltr'><strong>solum</strong></span> 
     </span>
    </p>
   </div>
   <div class='ocr_carea' id='block_1_42' title="bbox 1014 779 1802 814">
    <p class='ocr_par' dir='ltr' id='par_1_42' title="bbox 1014 779 1802 814">
     <span class='ocr_line' id='line_1_42' title="bbox 1014 779 1802 814; baseline -0.001 -8"><span class='ocrx_word' id='word_1_323' title='bbox 1014 779 1119 806; x_wconf 84' lang='lat' dir='ltr'><strong>laudent</strong></span> <span class='ocrx_word' id='word_1_324' title='bbox 1127 785 1291 807; x_wconf 88' lang='lat' dir='ltr'><strong>consecutus</strong></span> <span class='ocrx_word' id='word_1_325' title='bbox 1302 783 1353 812; x_wconf 88' lang='lat' dir='ltr'><strong>est,</strong></span> <span class='ocrx_word' id='word_1_326' title='bbox 1365 779 1436 813; x_wconf 92' lang='lat' dir='ltr'><strong>quod</strong></span> <span class='ocrx_word' id='word_1_327' title='bbox 1449 779 1504 807; x_wconf 91' lang='lat' dir='ltr'><strong>Deo</strong></span> <span class='ocrx_word' id='word_1_328' title='bbox 1527 783 1619 814; x_wconf 86' lang='lat' dir='ltr'><strong>gratus</strong></span> <span class='ocrx_word' id='word_1_329' title='bbox 1633 785 1661 806; x_wconf 90' lang='lat' dir='ltr'><strong>et</strong></span> <span class='ocrx_word' id='word_1_330' title='bbox 1675 784 1802 813; x_wconf 80' lang='lat' dir='ltr'><strong>acceptus</strong></span> 
     </span>
    </p>
   </div>
   <div class='ocr_carea' id='block_1_43' title="bbox 1015 825 1800 861">
    <p class='ocr_par' dir='ltr' id='par_1_43' title="bbox 1015 825 1800 861">
     <span class='ocr_line' id='line_1_43' title="bbox 1015 825 1800 861; baseline 0 -9"><span class='ocrx_word' id='word_1_331' title='bbox 1015 825 1119 853; x_wconf 87' lang='lat' dir='ltr'><strong>fuisset.</strong></span> <span class='ocrx_word' id='word_1_332' title='bbox 1136 826 1248 860; x_wconf 81' lang='lat' dir='ltr'><strong>Magnus</strong></span> <span class='ocrx_word' id='word_1_333' title='bbox 1267 833 1347 860; x_wconf 90' lang='lat' dir='ltr'><strong>porro</strong></span> <span class='ocrx_word' id='word_1_334' title='bbox 1363 826 1407 853; x_wconf 87' lang='lat' dir='ltr'><strong>ille</strong></span> <span class='ocrx_word' id='word_1_335' title='bbox 1429 826 1583 861; x_wconf 83' lang='lat' dir='ltr'><strong>patriarcha</strong></span> <span class='ocrx_word' id='word_1_336' title='bbox 1599 826 1747 858; x_wconf 78' lang='lat' dir='ltr'><strong>Abraham,</strong></span> <span class='ocrx_word' id='word_1_337' title='bbox 1767 832 1800 852; x_wconf 86' lang='lat' dir='ltr'><strong>ex</strong></span> 
     </span>
    </p>
   </div>
   <div class='ocr_carea' id='block_1_44' title="bbox 1015 872 1800 906">
    <p class='ocr_par' dir='ltr' id='par_1_44' title="bbox 1015 872 1800 906">
     <span class='ocr_line' id='line_1_44' title="bbox 1015 872 1800 906; baseline -0.001 -7"><span class='ocrx_word' id='word_1_338' title='bbox 1015 872 1067 899; x_wconf 86' lang='lat' dir='ltr'><strong>ﬁde</strong></span> <span class='ocrx_word' id='word_1_339' title='bbox 1080 872 1189 906; x_wconf 84' lang='lat' dir='ltr'><strong>quidem</strong></span> <span class='ocrx_word' id='word_1_340' title='bbox 1214 872 1378 905; x_wconf 88' lang='lat' dir='ltr'><strong>justificatus</strong></span> <span class='ocrx_word' id='word_1_341' title='bbox 1393 878 1434 900; x_wconf 84' lang='lat' dir='ltr'><strong>est</strong></span> <span class='ocrx_word' id='word_1_342' title='bbox 1446 873 1479 904; x_wconf 84' lang='lat'><strong>&quot;,</strong></span> <span class='ocrx_word' id='word_1_343' title='bbox 1497 880 1527 899; x_wconf 90' lang='lat' dir='ltr'><strong>ac</strong></span> <span class='ocrx_word' id='word_1_344' title='bbox 1540 880 1636 900; x_wconf 89' lang='lat' dir='ltr'><strong>novam</strong></span> <span class='ocrx_word' id='word_1_345' title='bbox 1656 877 1682 899; x_wconf 93' lang='lat' dir='ltr'><strong>et</strong></span> <span class='ocrx_word' id='word_1_346' title='bbox 1695 872 1800 899; x_wconf 91' lang='lat' dir='ltr'><strong>inaudi-</strong></span> 
     </span>
    </p>
   </div>
   <div class='ocr_carea' id='block_1_45' title="bbox 1015 917 1800 953">
    <p class='ocr_par' dir='ltr' id='par_1_45' title="bbox 1015 917 1800 953">
     <span class='ocr_line' id='line_1_45' title="bbox 1015 917 1800 953; baseline 0.001 -11"><span class='ocrx_word' id='word_1_347' title='bbox 1015 922 1069 943; x_wconf 89' lang='lat' dir='ltr'><strong>tam</strong></span> <span class='ocrx_word' id='word_1_348' title='bbox 1087 917 1235 949; x_wconf 83' lang='lat' dir='ltr'><strong>victimam,</strong></span> <span class='ocrx_word' id='word_1_349' title='bbox 1251 926 1409 952; x_wconf 68' lang='lat' dir='ltr'><strong>magnazque</strong></span> <span class='ocrx_word' id='word_1_350' title='bbox 1423 918 1495 945; x_wconf 88' lang='lat' dir='ltr'><strong>illius</strong></span> <span class='ocrx_word' id='word_1_351' title='bbox 1520 918 1633 953; x_wconf 79' lang='lat' dir='ltr'><strong>ﬁguram</strong></span> <span class='ocrx_word' id='word_1_352' title='bbox 1651 922 1800 952; x_wconf 78' lang='lat' dir='ltr'><strong>gerentem,</strong></span> 
     </span>
    </p>
   </div>
   <div class='ocr_carea' id='block_1_46' title="bbox 1014 963 1801 998">
    <p class='ocr_par' dir='ltr' id='par_1_46' title="bbox 1014 963 1801 998">
     <span class='ocr_line' id='line_1_46' title="bbox 1014 963 1801 998; baseline -0.003 -8"><span class='ocrx_word' id='word_1_353' title='bbox 1014 963 1142 990; x_wconf 83' lang='lat' dir='ltr'><strong>obtulit&quot;</strong></span> <span class='ocrx_word' id='word_1_354' title='bbox 1157 972 1163 990; x_wconf 86' lang='lat'><strong>:</strong></span> <span class='ocrx_word' id='word_1_355' title='bbox 1179 970 1207 990; x_wconf 86' lang='lat' dir='ltr'><strong>at</strong></span> <span class='ocrx_word' id='word_1_356' title='bbox 1224 963 1306 990; x_wconf 89' lang='lat' dir='ltr'><strong>Dcunt</strong></span> <span class='ocrx_word' id='word_1_357' title='bbox 1331 972 1381 990; x_wconf 90' lang='lat' dir='ltr'><strong>non</strong></span> <span class='ocrx_word' id='word_1_358' title='bbox 1405 969 1435 990; x_wconf 91' lang='lat' dir='ltr'><strong>ut</strong></span> <span class='ocrx_word' id='word_1_359' title='bbox 1451 965 1533 991; x_wconf 87' lang='lat' dir='ltr'><strong>Deunt</strong></span> <span class='ocrx_word' id='word_1_360' title='bbox 1546 964 1694 998; x_wconf 79' lang='lat' dir='ltr'><strong>conspexit,</strong></span> <span class='ocrx_word' id='word_1_361' title='bbox 1709 963 1754 990; x_wconf 87' lang='lat' dir='ltr'><strong>sed</strong></span> <span class='ocrx_word' id='word_1_362' title='bbox 1772 968 1801 989; x_wconf 86' lang='lat' dir='ltr'><strong>ut.</strong></span> 
     </span>
    </p>
   </div>
   <div class='ocr_carea' id='block_1_47' title="bbox 1013 1009 1799 1045">
    <p class='ocr_par' dir='ltr' id='par_1_47' title="bbox 1013 1009 1799 1045">
     <span class='ocr_line' id='line_1_47' title="bbox 1013 1009 1799 1045; baseline -0.001 -9"><span class='ocrx_word' id='word_1_363' title='bbox 1013 1009 1151 1036; x_wconf 86' lang='lat' dir='ltr'><strong>hominem</strong></span> <span class='ocrx_word' id='word_1_364' title='bbox 1169 1010 1287 1042; x_wconf 71' lang='lat' dir='ltr'><strong>aluit&quot;;</strong></span> <span class='ocrx_word' id='word_1_365' title='bbox 1307 1018 1338 1037; x_wconf 92' lang='lat' dir='ltr'><strong>ac</strong></span> <span class='ocrx_word' id='word_1_366' title='bbox 1360 1010 1471 1045; x_wconf 88' lang='lat' dir='ltr'><strong>proinde</strong></span> <span class='ocrx_word' id='word_1_367' title='bbox 1503 1010 1627 1037; x_wconf 87' lang='lat' dir='ltr'><strong>laudatus</strong></span> <span class='ocrx_word' id='word_1_368' title='bbox 1647 1015 1698 1041; x_wconf 88' lang='lat' dir='ltr'><strong>est,</strong></span> <span class='ocrx_word' id='word_1_369' title='bbox 1717 1010 1799 1044; x_wconf 76' lang='lat' dir='ltr'><strong>quod.</strong></span> 
     </span>
    </p>
   </div>
   <div class='ocr_carea' id='block_1_48' title="bbox 1014 1057 1798 1090">
    <p class='ocr_par' dir='ltr' id='par_1_48' title="bbox 1014 1057 1798 1090">
     <span class='ocr_line' id='line_1_48' title="bbox 1014 1057 1798 1090; baseline 0 -8"><span class='ocrx_word' id='word_1_370' title='bbox 1014 1061 1142 1089; x_wconf 88' lang='lat' dir='ltr'><strong>quantutn</strong></span> <span class='ocrx_word' id='word_1_371' title='bbox 1173 1057 1304 1090; x_wconf 80' lang='lat' dir='ltr'><strong>percepit,</strong></span> <span class='ocrx_word' id='word_1_372' title='bbox 1329 1061 1433 1082; x_wconf 90' lang='lat' dir='ltr'><strong>tantum</strong></span> <span class='ocrx_word' id='word_1_373' title='bbox 1457 1063 1565 1090; x_wconf 87' lang='lat' dir='ltr'><strong>quoque</strong></span> <span class='ocrx_word' id='word_1_374' title='bbox 1586 1059 1730 1082; x_wconf 87' lang='lat' dir='ltr'><strong>veneratus</strong></span> <span class='ocrx_word' id='word_1_375' title='bbox 1747 1059 1798 1082; x_wconf 86' lang='lat' dir='ltr'><strong>est.</strong></span> 
     </span>
    </p>
   </div>
   <div class='ocr_carea' id='block_1_49' title="bbox 1016 1099 1799 1135">
    <p class='ocr_par' dir='ltr' id='par_1_49' title="bbox 1016 1099 1799 1135">
     <span class='ocr_line' id='line_1_49' title="bbox 1016 1099 1799 1135; baseline -0.001 -9"><span class='ocrx_word' id='word_1_376' title='bbox 1016 1099 1083 1128; x_wconf 83' lang='lat' dir='ltr'><strong>Nam</strong></span> <span class='ocrx_word' id='word_1_377' title='bbox 1117 1101 1181 1135; x_wconf 87' lang='lat' dir='ltr'><strong>quid</strong></span> <span class='ocrx_word' id='word_1_378' title='bbox 1211 1101 1244 1127; x_wconf 89' lang='lat' dir='ltr'><strong>de</strong></span> <span class='ocrx_word' id='word_1_379' title='bbox 1266 1100 1348 1128; x_wconf 85' lang='lat' dir='ltr'><strong>Jacolt</strong></span> <span class='ocrx_word' id='word_1_380' title='bbox 1367 1101 1465 1132; x_wconf 84' lang='lat' dir='ltr'><strong>dicam,</strong></span> <span class='ocrx_word' id='word_1_381' title='bbox 1493 1101 1538 1135; x_wconf 91' lang='lat' dir='ltr'><strong>qui</strong></span> <span class='ocrx_word' id='word_1_382' title='bbox 1569 1100 1633 1126; x_wconf 88' lang='lat' dir='ltr'><strong>licet</strong></span> <span class='ocrx_word' id='word_1_383' title='bbox 1656 1099 1799 1127; x_wconf 87' lang='lat' dir='ltr'><strong>sublimem</strong></span> 
     </span>
    </p>
   </div>
   <div class='ocr_carea' id='block_1_50' title="bbox 1017 1144 1800 1182">
    <p class='ocr_par' dir='ltr' id='par_1_50' title="bbox 1017 1144 1800 1182">
     <span class='ocr_line' id='line_1_50' title="bbox 1017 1144 1800 1182; baseline -0.004 -8"><span class='ocrx_word' id='word_1_384' title='bbox 1017 1148 1160 1182; x_wconf 85' lang='lat' dir='ltr'><strong>quamdam</strong></span> <span class='ocrx_word' id='word_1_385' title='bbox 1172 1147 1285 1178; x_wconf 85' lang='lat' dir='ltr'><strong>scalam,</strong></span> <span class='ocrx_word' id='word_1_386' title='bbox 1300 1152 1326 1174; x_wconf 89' lang='lat' dir='ltr'><strong>et</strong></span> <span class='ocrx_word' id='word_1_387' title='bbox 1340 1147 1517 1174; x_wconf 84' lang='lat' dir='ltr'><strong>ascendentes</strong></span> <span class='ocrx_word' id='word_1_388' title='bbox 1533 1146 1641 1181; x_wconf 79' lang='lat' dir='ltr'><strong>angelos</strong></span> <span class='ocrx_word' id='word_1_389' title='bbox 1655 1145 1680 1172; x_wconf 95' lang='lat' dir='ltr'><strong>in</strong></span> <span class='ocrx_word' id='word_1_390' title='bbox 1697 1144 1800 1173; x_wconf 88' lang='lat' dir='ltr'><strong>somnis</strong></span> 
     </span>
    </p>
   </div>
   <div class='ocr_carea' id='block_1_51' title="bbox 1014 1190 1800 1227">
    <p class='ocr_par' dir='ltr' id='par_1_51' title="bbox 1014 1190 1800 1227">
     <span class='ocr_line' id='line_1_51' title="bbox 1014 1190 1800 1227; baseline -0.001 -9"><span class='ocrx_word' id='word_1_391' title='bbox 1014 1192 1187 1227; x_wconf 89' lang='lat' dir='ltr'><strong>conspicatus</strong></span> <span class='ocrx_word' id='word_1_392' title='bbox 1204 1192 1239 1220; x_wconf 88' lang='lat' dir='ltr'><strong>sit</strong></span> <span class='ocrx_word' id='word_1_393' title='bbox 1253 1192 1286 1225; x_wconf 76' lang='grc'><strong>⁵⁸,</strong></span> <span class='ocrx_word' id='word_1_394' title='bbox 1303 1200 1335 1219; x_wconf 90' lang='lat' dir='ltr'><strong>ac</strong></span> <span class='ocrx_word' id='word_1_395' title='bbox 1353 1192 1505 1219; x_wconf 87' lang='lat' dir='ltr'><strong>columnam</strong></span> <span class='ocrx_word' id='word_1_396' title='bbox 1524 1199 1576 1219; x_wconf 92' lang='lat' dir='ltr'><strong>non</strong></span> <span class='ocrx_word' id='word_1_397' title='bbox 1593 1192 1651 1218; x_wconf 92' lang='lat' dir='ltr'><strong>sine</strong></span> <span class='ocrx_word' id='word_1_398' title='bbox 1672 1190 1800 1226; x_wconf 84' lang='lat' dir='ltr'><strong>mysterio</strong></span> 
     </span>
    </p>
   </div>
   <div class='ocr_carea' id='block_1_52' title="bbox 1014 1235 1801 1272">
    <p class='ocr_par' dir='ltr' id='par_1_52' title="bbox 1014 1235 1801 1272">
     <span class='ocr_line' id='line_1_52' title="bbox 1014 1235 1801 1272; baseline -0.004 -8"><span class='ocrx_word' id='word_1_399' title='bbox 1014 1238 1129 1272; x_wconf 81' lang='lat' dir='ltr'><strong>quodam</strong></span> <span class='ocrx_word' id='word_1_400' title='bbox 1145 1238 1253 1265; x_wconf 81' lang='lat' dir='ltr'><strong>unxerit</strong></span> <span class='ocrx_word' id='word_1_401' title='bbox 1265 1238 1392 1271; x_wconf 81' lang='lat' dir='ltr'><strong>(fortasse</strong></span> <span class='ocrx_word' id='word_1_402' title='bbox 1412 1242 1441 1264; x_wconf 91' lang='lat' dir='ltr'><strong>ut</strong></span> <span class='ocrx_word' id='word_1_403' title='bbox 1457 1237 1570 1271; x_wconf 88' lang='lat' dir='ltr'><strong>lapidem</strong></span> <span class='ocrx_word' id='word_1_404' title='bbox 1590 1235 1684 1263; x_wconf 88' lang='lat' dir='ltr'><strong>salutis</strong></span> <span class='ocrx_word' id='word_1_405' title='bbox 1701 1239 1801 1262; x_wconf 74' lang='lat' dir='ltr'><strong>nostra:</strong></span> 
     </span>
    </p>
   </div>
   <div class='ocr_carea' id='block_1_53' title="bbox 1014 1280 1799 1318">
    <p class='ocr_par' dir='ltr' id='par_1_53' title="bbox 1014 1280 1799 1318">
     <span class='ocr_line' id='line_1_53' title="bbox 1014 1280 1799 1318; baseline -0.008 -7"><span class='ocrx_word' id='word_1_406' title='bbox 1014 1291 1095 1311; x_wconf 84' lang='lat' dir='ltr'><strong>causa</strong></span> <span class='ocrx_word' id='word_1_407' title='bbox 1117 1289 1228 1311; x_wconf 92' lang='lat' dir='ltr'><strong>unctum</strong></span> <span class='ocrx_word' id='word_1_408' title='bbox 1263 1282 1454 1318; x_wconf 70' lang='lat' dir='ltr'><strong>signiﬁcaret),</strong></span> <span class='ocrx_word' id='word_1_409' title='bbox 1475 1287 1556 1316; x_wconf 88' lang='lat' dir='ltr'><strong>atque</strong></span> <span class='ocrx_word' id='word_1_410' title='bbox 1581 1281 1607 1308; x_wconf 92' lang='lat' dir='ltr'><strong>in</strong></span> <span class='ocrx_word' id='word_1_411' title='bbox 1631 1280 1700 1314; x_wconf 80' lang='lat' dir='ltr'><strong>ejus,</strong></span> <span class='ocrx_word' id='word_1_412' title='bbox 1720 1287 1799 1315; x_wconf 88' lang='lat' dir='ltr'><strong>quem</strong></span> 
     </span>
    </p>
   </div>
   <div class='ocr_carea' id='block_1_54' title="bbox 1014 1324 1797 1364">
    <p class='ocr_par' dir='ltr' id='par_1_54' title="bbox 1014 1324 1797 1364">
     <span class='ocr_line' id='line_1_54' title="bbox 1014 1324 1797 1364; baseline -0.005 -9"><span class='ocrx_word' id='word_1_413' title='bbox 1014 1334 1213 1364; x_wconf 77' lang='lat' dir='ltr'><strong>conspexerat,</strong></span> <span class='ocrx_word' id='word_1_414' title='bbox 1240 1330 1386 1361; x_wconf 87' lang='lat' dir='ltr'><strong>honorem,</strong></span> <span class='ocrx_word' id='word_1_415' title='bbox 1415 1328 1474 1355; x_wconf 90' lang='lat' dir='ltr'><strong>loco</strong></span> <span class='ocrx_word' id='word_1_416' title='bbox 1499 1327 1604 1354; x_wconf 86' lang='lat' dir='ltr'><strong>cuidam</strong></span> <span class='ocrx_word' id='word_1_417' title='bbox 1627 1327 1722 1353; x_wconf 90' lang='lat' dir='ltr'><strong>domus</strong></span> <span class='ocrx_word' id='word_1_418' title='bbox 1750 1324 1797 1352; x_wconf 86' lang='lat' dir='ltr'><strong>Dei</strong></span> 
     </span>
    </p>
   </div>
   <div class='ocr_carea' id='block_1_55' title="bbox 1013 1371 1799 1410">
    <p class='ocr_par' dir='ltr' id='par_1_55' title="bbox 1013 1371 1799 1410">
     <span class='ocr_line' id='line_1_55' title="bbox 1013 1371 1799 1410; baseline -0.006 -8"><span class='ocrx_word' id='word_1_419' title='bbox 1013 1380 1219 1410; x_wconf 84' lang='lat' dir='ltr'><strong>cognomentum</strong></span> <span class='ocrx_word' id='word_1_420' title='bbox 1242 1374 1410 1409; x_wconf 85' lang='lat' dir='ltr'><strong>imposuerit,</strong></span> <span class='ocrx_word' id='word_1_421' title='bbox 1428 1382 1460 1401; x_wconf 86' lang='lat' dir='ltr'><strong>ac</strong></span> <span class='ocrx_word' id='word_1_422' title='bbox 1485 1381 1545 1401; x_wconf 93' lang='lat' dir='ltr'><strong>cunt</strong></span> <span class='ocrx_word' id='word_1_423' title='bbox 1570 1373 1626 1400; x_wconf 88' lang='lat' dir='ltr'><strong>Deo</strong></span> <span class='ocrx_word' id='word_1_424' title='bbox 1642 1371 1719 1406; x_wconf 84' lang='lat' dir='ltr'><strong>quasi</strong></span> <span class='ocrx_word' id='word_1_425' title='bbox 1739 1379 1799 1398; x_wconf 91' lang='lat' dir='ltr'><strong>cum</strong></span> 
     </span>
    </p>
   </div>
   <div class='ocr_carea' id='block_1_56' title="bbox 1015 1417 1798 1454">
    <p class='ocr_par' dir='ltr' id='par_1_56' title="bbox 1015 1417 1798 1454">
     <span class='ocr_line' id='line_1_56' title="bbox 1015 1417 1798 1454; baseline -0.008 -5"><span class='ocrx_word' id='word_1_426' title='bbox 1015 1422 1123 1449; x_wconf 86' lang='lat' dir='ltr'><strong>homine</strong></span> <span class='ocrx_word' id='word_1_427' title='bbox 1138 1421 1239 1448; x_wconf 85' lang='lat' dir='ltr'><strong>luctam</strong></span> <span class='ocrx_word' id='word_1_428' title='bbox 1262 1421 1363 1452; x_wconf 87' lang='lat' dir='ltr'><strong>inierit,</strong></span> <span class='ocrx_word' id='word_1_429' title='bbox 1377 1426 1545 1454; x_wconf 58' lang='lat' dir='ltr'><strong>quascunque</strong></span> <span class='ocrx_word' id='word_1_430' title='bbox 1565 1419 1673 1445; x_wconf 88' lang='lat' dir='ltr'><strong>tandem</strong></span> <span class='ocrx_word' id='word_1_431' title='bbox 1692 1417 1737 1444; x_wconf 89' lang='lat' dir='ltr'><strong>illa</strong></span> <span class='ocrx_word' id='word_1_432' title='bbox 1752 1417 1798 1444; x_wconf 87' lang='lat' dir='ltr'><strong>Dei</strong></span> 
     </span>
    </p>
   </div>
   <div class='ocr_carea' id='block_1_57' title="bbox 1014 1463 1799 1500">
    <p class='ocr_par' dir='ltr' id='par_1_57' title="bbox 1014 1463 1799 1500">
     <span class='ocr_line' id='line_1_57' title="bbox 1014 1463 1799 1500; baseline -0.008 -6"><span class='ocrx_word' id='word_1_433' title='bbox 1014 1475 1074 1495; x_wconf 88' lang='lat' dir='ltr'><strong>cum</strong></span> <span class='ocrx_word' id='word_1_434' title='bbox 1091 1468 1200 1494; x_wconf 87' lang='lat' dir='ltr'><strong>homine</strong></span> <span class='ocrx_word' id='word_1_435' title='bbox 1219 1467 1290 1493; x_wconf 87' lang='lat' dir='ltr'><strong>lucta</strong></span> <span class='ocrx_word' id='word_1_436' title='bbox 1307 1474 1366 1493; x_wconf 90' lang='lat' dir='ltr'><strong>esse</strong></span> <span class='ocrx_word' id='word_1_437' title='bbox 1388 1470 1479 1500; x_wconf 86' lang='lat' dir='ltr'><strong>queat.</strong></span> <span class='ocrx_word' id='word_1_438' title='bbox 1498 1465 1545 1492; x_wconf 91' lang='lat' dir='ltr'><strong>Ilis</strong></span> <span class='ocrx_word' id='word_1_439' title='bbox 1557 1465 1629 1491; x_wconf 83' lang='lat' dir='ltr'><strong>enim</strong></span> <span class='ocrx_word' id='word_1_440' title='bbox 1643 1463 1732 1490; x_wconf 76' lang='lat' dir='ltr'><strong>verbis</strong></span> <span class='ocrx_word' id='word_1_441' title='bbox 1744 1463 1799 1489; x_wconf 79' lang='lat' dir='ltr'><strong>for-</strong></span> 
     </span>
    </p>
   </div>
   <div class='ocr_carea' id='block_1_58' title="bbox 172 1507 960 1549">
    <p class='ocr_par' dir='ltr' id='par_1_58' title="bbox 172 1507 960 1549">
     <span class='ocr_line' id='line_1_58' title="bbox 172 1507 960 1549; baseline 0.006 -14"><span class='ocrx_word' id='word_1_442' title='bbox 172 1510 265 1546; x_wconf 80' lang='grc' dir='ltr'>πατὴρ</span> <span class='ocrx_word' id='word_1_443' title='bbox 295 1507 340 1545; x_wconf 85' lang='grc' dir='ltr'>ἦν,</span> <span class='ocrx_word' id='word_1_444' title='bbox 360 1511 400 1536; x_wconf 80' lang='grc' dir='ltr'><strong>ὅτι</strong></span> <span class='ocrx_word' id='word_1_445' title='bbox 433 1510 499 1537; x_wconf 84' lang='grc' dir='ltr'>Θεοῦ</span> <span class='ocrx_word' id='word_1_446' title='bbox 533 1511 614 1545; x_wconf 86' lang='grc' dir='ltr'>φύσιν</span> <span class='ocrx_word' id='word_1_447' title='bbox 639 1512 654 1547; x_wconf 84' lang='grc' dir='ltr'>ἢ</span> <span class='ocrx_word' id='word_1_448' title='bbox 679 1512 740 1547; x_wconf 70' lang='grc' dir='ltr'>δψιν</span> <span class='ocrx_word' id='word_1_449' title='bbox 760 1513 824 1547; x_wconf 85' lang='grc' dir='ltr'>ὅλην</span> <span class='ocrx_word' id='word_1_450' title='bbox 855 1513 960 1549; x_wconf 58' lang='grc' dir='ltr'>ἐχώρηε</span> 
     </span>
    </p>
   </div>
   <div class='ocr_carea' id='block_1_59' title="bbox 1013 1507 1799 1549">
    <p class='ocr_par' dir='ltr' id='par_1_59' title="bbox 1014 1510 1799 1547">
     <span class='ocr_line' id='line_1_59' title="bbox 1014 1510 1799 1547; baseline -0.008 -6"><span class='ocrx_word' id='word_1_451' title='bbox 1014 1520 1085 1541; x_wconf 86' lang='lat' dir='ltr'><strong>tasse</strong></span> <span class='ocrx_word' id='word_1_452' title='bbox 1099 1514 1166 1540; x_wconf 92' lang='lat' dir='ltr'><strong>nihil</strong></span> <span class='ocrx_word' id='word_1_453' title='bbox 1189 1514 1262 1541; x_wconf 83' lang='lat' dir='ltr'><strong>aliud</strong></span> <span class='ocrx_word' id='word_1_454' title='bbox 1289 1514 1434 1544; x_wconf 83' lang='lat' dir='ltr'><strong>indicatur,</strong></span> <span class='ocrx_word' id='word_1_455' title='bbox 1447 1520 1526 1547; x_wconf 88' lang='lat' dir='ltr'><strong>quant</strong></span> <span class='ocrx_word' id='word_1_456' title='bbox 1549 1512 1672 1539; x_wconf 76' lang='lat' dir='ltr'><strong>humana:</strong></span> <span class='ocrx_word' id='word_1_457' title='bbox 1692 1510 1799 1537; x_wconf 80' lang='lat' dir='ltr'><strong>virtutis</strong></span> 
     </span>
    </p>
   </div>
   <div class='ocr_carea' id='block_1_60' title="bbox 173 1556 1798 1594">
    <p class='ocr_par' dir='ltr' id='par_1_60' title="bbox 173 1556 1798 1594">
     <span class='ocr_line' id='line_1_60' title="bbox 173 1556 1798 1594; baseline -0.006 -2"><span class='ocrx_word' id='word_1_458' title='bbox 173 1564 219 1583; x_wconf 60' lang='grc' dir='ltr'><strong>τεν</strong></span> <span class='ocrx_word' id='word_1_459' title='bbox 236 1556 284 1592; x_wconf 67' lang='grc'><strong>(4)·</strong></span> <span class='ocrx_word' id='word_1_460' title='bbox 1014 1567 1074 1586; x_wconf 87' lang='lat' dir='ltr'><strong>cutn</strong></span> <span class='ocrx_word' id='word_1_461' title='bbox 1092 1559 1182 1586; x_wconf 92' lang='lat' dir='ltr'><strong>divina</strong></span> <span class='ocrx_word' id='word_1_462' title='bbox 1196 1559 1374 1594; x_wconf 80' lang='lat' dir='ltr'><strong>comparatio,</strong></span> <span class='ocrx_word' id='word_1_463' title='bbox 1390 1559 1523 1593; x_wconf 79' lang='lat' dir='ltr'><strong>luctaeque</strong></span> <span class='ocrx_word' id='word_1_464' title='bbox 1541 1558 1629 1592; x_wconf 81' lang='lat' dir='ltr'><strong>signa,</strong></span> <span class='ocrx_word' id='word_1_465' title='bbox 1645 1564 1704 1592; x_wconf 65' lang='lat' dir='ltr'><strong>qua:</strong></span> <span class='ocrx_word' id='word_1_466' title='bbox 1720 1563 1798 1583; x_wconf 89' lang='lat' dir='ltr'><strong>crea-</strong></span> 
     </span>
    </p>
   </div>
   <div class='ocr_carea' id='block_1_61' title="bbox 173 1602 1799 1640">
    <p class='ocr_par' dir='ltr' id='par_1_61' title="bbox 173 1602 1799 1640">
     <span class='ocr_line' id='line_1_61' title="bbox 173 1602 1799 1640; baseline -0.001 -11"><span class='ocrx_word' id='word_1_467' title='bbox 173 1607 227 1629; x_wconf 88' lang='lat' dir='ltr'><strong>tam</strong></span> <span class='ocrx_word' id='word_1_468' title='bbox 251 1609 376 1631; x_wconf 86' lang='lat' dir='ltr'><strong>naturam</strong></span> <span class='ocrx_word' id='word_1_469' title='bbox 397 1604 494 1632; x_wconf 88' lang='lat' dir='ltr'><strong>victam</strong></span> <span class='ocrx_word' id='word_1_470' title='bbox 528 1611 588 1632; x_wconf 90' lang='lat' dir='ltr'><strong>esse</strong></span> <span class='ocrx_word' id='word_1_471' title='bbox 613 1604 797 1636; x_wconf 84' lang='lat' dir='ltr'><strong>ostenderent,</strong></span> <span class='ocrx_word' id='word_1_472' title='bbox 831 1605 858 1631; x_wconf 95' lang='lat' dir='ltr'><strong>in</strong></span> <span class='ocrx_word' id='word_1_473' title='bbox 885 1613 996 1640; x_wconf 74' lang='lat' dir='ltr'><strong>corpore</strong></span> <span class='ocrx_word' id='word_1_474' title='bbox 1015 1605 1118 1637; x_wconf 83' lang='lat' dir='ltr'><strong>tulerit,</strong></span> <span class='ocrx_word' id='word_1_475' title='bbox 1140 1613 1171 1632; x_wconf 91' lang='lat' dir='ltr'><strong>ac</strong></span> <span class='ocrx_word' id='word_1_476' title='bbox 1199 1606 1314 1639; x_wconf 83' lang='lat' dir='ltr'><strong>denique</strong></span> <span class='ocrx_word' id='word_1_477' title='bbox 1339 1613 1387 1639; x_wconf 92' lang='lat' dir='ltr'><strong>pro</strong></span> <span class='ocrx_word' id='word_1_478' title='bbox 1415 1605 1524 1639; x_wconf 88' lang='lat' dir='ltr'><strong>pietatis</strong></span> <span class='ocrx_word' id='word_1_479' title='bbox 1547 1603 1658 1638; x_wconf 66' lang='lat' dir='ltr'><strong>praemio</strong></span> <span class='ocrx_word' id='word_1_480' title='bbox 1682 1602 1799 1629; x_wconf 89' lang='lat' dir='ltr'><strong>nominis</strong></span> 
     </span>
    </p>
   </div>
   <div class='ocr_carea' id='block_1_62' title="bbox 173 1649 1796 1686">
    <p class='ocr_par' dir='ltr' id='par_1_62' title="bbox 173 1649 1796 1686">
     <span class='ocr_line' id='line_1_62' title="bbox 173 1649 1796 1686; baseline 0.001 -12"><span class='ocrx_word' id='word_1_481' title='bbox 173 1650 413 1676; x_wconf 88' lang='lat' dir='ltr'><strong>commutationem</strong></span> <span class='ocrx_word' id='word_1_482' title='bbox 442 1650 595 1684; x_wconf 84' lang='lat' dir='ltr'><strong>acceperit,</strong></span> <span class='ocrx_word' id='word_1_483' title='bbox 626 1657 675 1683; x_wconf 90' lang='lat' dir='ltr'><strong>pro</strong></span> <span class='ocrx_word' id='word_1_484' title='bbox 700 1649 782 1677; x_wconf 81' lang='lat' dir='ltr'><strong>.Iacoh</strong></span> <span class='ocrx_word' id='word_1_485' title='bbox 813 1651 958 1682; x_wconf 90' lang='lat' dir='ltr'><strong>nimirum,</strong></span> <span class='ocrx_word' id='word_1_486' title='bbox 981 1659 1078 1686; x_wconf 82' lang='lat' dir='ltr'><strong>magno</strong></span> <span class='ocrx_word' id='word_1_487' title='bbox 1097 1651 1142 1678; x_wconf 92' lang='lat' dir='ltr'><strong>illo</strong></span> <span class='ocrx_word' id='word_1_488' title='bbox 1168 1656 1195 1678; x_wconf 91' lang='lat' dir='ltr'><strong>ct</strong></span> <span class='ocrx_word' id='word_1_489' title='bbox 1217 1651 1318 1678; x_wconf 80' lang='lat' dir='ltr'><strong>eximio</strong></span> <span class='ocrx_word' id='word_1_490' title='bbox 1333 1651 1442 1678; x_wconf 79' lang='lat' dir='ltr'><strong>lsraelis</strong></span> <span class='ocrx_word' id='word_1_491' title='bbox 1472 1650 1582 1677; x_wconf 88' lang='lat' dir='ltr'><strong>nomine</strong></span> <span class='ocrx_word' id='word_1_492' title='bbox 1613 1653 1796 1684; x_wconf 87' lang='lat' dir='ltr'><strong>nuncupatus;</strong></span> 
     </span>
    </p>
   </div>
   <div class='ocr_carea' id='block_1_63' title="bbox 172 1694 1797 1731">
    <p class='ocr_par' dir='ltr' id='par_1_63' title="bbox 172 1694 1797 1731">
     <span class='ocr_line' id='line_1_63' title="bbox 172 1694 1797 1731; baseline 0.001 -10"><span class='ocrx_word' id='word_1_493' title='bbox 172 1694 226 1721; x_wconf 87' lang='lat' dir='ltr'><strong>hoc</strong></span> <span class='ocrx_word' id='word_1_494' title='bbox 248 1699 337 1721; x_wconf 84' lang='lat' dir='ltr'><strong>tamen</strong></span> <span class='ocrx_word' id='word_1_495' title='bbox 359 1702 407 1721; x_wconf 91' lang='lat' dir='ltr'><strong>nec</strong></span> <span class='ocrx_word' id='word_1_496' title='bbox 430 1695 496 1729; x_wconf 84' lang='lat' dir='ltr'><strong>ipse,</strong></span> <span class='ocrx_word' id='word_1_497' title='bbox 520 1702 570 1722; x_wconf 88' lang='lat' dir='ltr'><strong>nec</strong></span> <span class='ocrx_word' id='word_1_498' title='bbox 586 1695 728 1730; x_wconf 78' lang='lat' dir='ltr'><strong>quisquam</strong></span> <span class='ocrx_word' id='word_1_499' title='bbox 752 1704 784 1722; x_wconf 86' lang='lat' dir='ltr'><strong>co</strong></span> <span class='ocrx_word' id='word_1_500' title='bbox 806 1697 958 1728; x_wconf 85' lang='lat' dir='ltr'><strong>sublimior,</strong></span> <span class='ocrx_word' id='word_1_501' title='bbox 979 1697 1011 1723; x_wconf 89' lang='lat' dir='ltr'><strong>ad</strong></span> <span class='ocrx_word' id='word_1_502' title='bbox 1027 1697 1098 1724; x_wconf 93' lang='lat' dir='ltr'><strong>hunc</strong></span> <span class='ocrx_word' id='word_1_503' title='bbox 1116 1704 1201 1731; x_wconf 85' lang='lat' dir='ltr'><strong>usque</strong></span> <span class='ocrx_word' id='word_1_504' title='bbox 1218 1697 1288 1724; x_wconf 88' lang='lat' dir='ltr'><strong>diem</strong></span> <span class='ocrx_word' id='word_1_505' title='bbox 1302 1697 1328 1724; x_wconf 96' lang='lat' dir='ltr'><strong>in</strong></span> <span class='ocrx_word' id='word_1_506' title='bbox 1347 1697 1474 1724; x_wconf 87' lang='lat' dir='ltr'><strong>omniltus</strong></span> <span class='ocrx_word' id='word_1_507' title='bbox 1503 1696 1643 1723; x_wconf 82' lang='lat' dir='ltr'><strong>duodecim</strong></span> <span class='ocrx_word' id='word_1_508' title='bbox 1665 1696 1797 1727; x_wconf 86' lang='lat' dir='ltr'><strong>tribubus,</strong></span> 
     </span>
    </p>
   </div>
   <div class='ocr_carea' id='block_1_64' title="bbox 171 1739 1798 1777">
    <p class='ocr_par' dir='ltr' id='par_1_64' title="bbox 171 1739 1798 1777">
     <span class='ocr_line' id='line_1_64' title="bbox 171 1739 1798 1777; baseline 0.003 -12"><span class='ocrx_word' id='word_1_509' title='bbox 171 1747 288 1774; x_wconf 88' lang='lat' dir='ltr'><strong>quarum</strong></span> <span class='ocrx_word' id='word_1_510' title='bbox 307 1745 385 1774; x_wconf 78' lang='lat' dir='ltr'><strong>pater</strong></span> <span class='ocrx_word' id='word_1_511' title='bbox 398 1740 510 1772; x_wconf 83' lang='lat' dir='ltr'><strong>exstitit,</strong></span> <span class='ocrx_word' id='word_1_512' title='bbox 526 1739 634 1775; x_wconf 81' lang='lat' dir='ltr'><strong>gloriari</strong></span> <span class='ocrx_word' id='word_1_513' title='bbox 659 1741 854 1775; x_wconf 78' lang='lat' dir='ltr'><strong>magniﬁcoque</strong></span> <span class='ocrx_word' id='word_1_514' title='bbox 887 1743 1035 1776; x_wconf 72' lang='lat' dir='ltr'><strong>pt‘utdical&#39;e</strong></span> <span class='ocrx_word' id='word_1_515' title='bbox 1063 1743 1160 1777; x_wconf 88' lang='lat' dir='ltr'><strong>potuit,</strong></span> <span class='ocrx_word' id='word_1_516' title='bbox 1191 1751 1219 1770; x_wconf 90' lang='lat' dir='ltr'><strong>se</strong></span> <span class='ocrx_word' id='word_1_517' title='bbox 1245 1747 1327 1770; x_wconf 91' lang='lat' dir='ltr'><strong>totam</strong></span> <span class='ocrx_word' id='word_1_518' title='bbox 1354 1744 1400 1770; x_wconf 90' lang='lat' dir='ltr'><strong>Dei</strong></span> <span class='ocrx_word' id='word_1_519' title='bbox 1435 1748 1558 1770; x_wconf 87' lang='lat' dir='ltr'><strong>naturam</strong></span> <span class='ocrx_word' id='word_1_520' title='bbox 1593 1743 1683 1770; x_wconf 85' lang='lat' dir='ltr'><strong>animo</strong></span> <span class='ocrx_word' id='word_1_521' title='bbox 1702 1750 1798 1776; x_wconf 81' lang='lat' dir='ltr'><strong>perce-</strong></span> 
     </span>
    </p>
   </div>
   <div class='ocr_carea' id='block_1_65' title="bbox 172 1785 253 1820">
    <p class='ocr_par' dir='ltr' id='par_1_65' title="bbox 172 1785 253 1820">
     <span class='ocr_line' id='line_1_65' title="bbox 172 1785 253 1820; baseline -0.012 -8"><span class='ocrx_word' id='word_1_522' title='bbox 172 1785 253 1820; x_wconf 82' lang='lat' dir='ltr'><strong>pisse.</strong></span> 
     </span>
    </p>
   </div>
   <div class='ocr_carea' id='block_1_66' title="bbox 208 1832 961 1870">
    <p class='ocr_par' dir='ltr' id='par_1_66' title="bbox 208 1832 961 1870">
     <span class='ocr_line' id='line_1_66' title="bbox 208 1832 961 1870; baseline 0.001 -10"><span class='ocrx_word' id='word_1_523' title='bbox 208 1834 259 1860; x_wconf 79' lang='lat'><strong>18&#39;.</strong></span> <span class='ocrx_word' id='word_1_524' title='bbox 276 1833 353 1868; x_wconf 70' lang='grc' dir='ltr'>Ἠλίᾳ</span> <span class='ocrx_word' id='word_1_525' title='bbox 375 1833 414 1866; x_wconf 79' lang='grc' dir='ltr'>δὲ,</span> <span class='ocrx_word' id='word_1_526' title='bbox 429 1832 490 1860; x_wconf 69' lang='grc' dir='ltr'>οὔτε</span> <span class='ocrx_word' id='word_1_527' title='bbox 508 1832 616 1869; x_wconf 78' lang='grc' dir='ltr'>πνεῦμα</span> <span class='ocrx_word' id='word_1_528' title='bbox 635 1833 730 1868; x_wconf 76' lang='grc' dir='ltr'>βίαιον,</span> <span class='ocrx_word' id='word_1_529' title='bbox 747 1834 808 1860; x_wconf 68' lang='grc' dir='ltr'>οὔτε</span> <span class='ocrx_word' id='word_1_530' title='bbox 826 1834 961 1870; x_wconf 73' lang='grc' dir='ltr'>πῦρ,οῦτε</span> 
     </span>
    </p>
   </div>
   <div class='ocr_carea' id='block_1_67' title="bbox 175 1879 961 1916">
    <p class='ocr_par' dir='ltr' id='par_1_67' title="bbox 175 1879 961 1916">
     <span class='ocr_line' id='line_1_67' title="bbox 175 1879 961 1916; baseline 0.003 -11"><span class='ocrx_word' id='word_1_531' title='bbox 175 1880 348 1914; x_wconf 73' lang='grc' dir='ltr'>συσσεισμὺς,</span> <span class='ocrx_word' id='word_1_532' title='bbox 370 1879 408 1911; x_wconf 85' lang='grc' dir='ltr'><strong>ὡς</strong></span> <span class='ocrx_word' id='word_1_533' title='bbox 428 1879 477 1914; x_wconf 72' lang='grc' dir='ltr'>τῆς</span> <span class='ocrx_word' id='word_1_534' title='bbox 491 1879 610 1915; x_wconf 71' lang='grc' dir='ltr'>ἱστορίας</span> <span class='ocrx_word' id='word_1_535' title='bbox 637 1879 756 1911; x_wconf 75' lang='grc' dir='ltr'>ἀκούεις,</span> <span class='ocrx_word' id='word_1_536' title='bbox 780 1880 838 1906; x_wconf 81' lang='grc' dir='ltr'><strong>ἀλλ’</strong></span> <span class='ocrx_word' id='word_1_537' title='bbox 858 1882 874 1915; x_wconf 80' lang='grc' dir='ltr'><strong>ἡ</strong></span> <span class='ocrx_word' id='word_1_538' title='bbox 890 1880 961 1916; x_wconf 68' lang='grc' dir='ltr'>αὖρα</span> 
     </span>
    </p>
   </div>
   <div class='ocr_carea' id='block_1_68' title="bbox 173 1925 961 1962">
    <p class='ocr_par' dir='ltr' id='par_1_68' title="bbox 173 1925 961 1962">
     <span class='ocr_line' id='line_1_68' title="bbox 173 1925 961 1962; baseline 0.003 -11"><span class='ocrx_word' id='word_1_539' title='bbox 173 1934 215 1957; x_wconf 81' lang='grc' dir='ltr'><strong>τις</strong></span> <span class='ocrx_word' id='word_1_540' title='bbox 227 1926 302 1961; x_wconf 80' lang='grc' dir='ltr'>ὀλίγη</span> <span class='ocrx_word' id='word_1_541' title='bbox 314 1925 364 1961; x_wconf 80' lang='grc' dir='ltr'>τὴν</span> <span class='ocrx_word' id='word_1_542' title='bbox 374 1925 420 1952; x_wconf 83' lang='grc' dir='ltr'><strong>τοῦ</strong></span> <span class='ocrx_word' id='word_1_543' title='bbox 429 1925 495 1952; x_wconf 80' lang='grc' dir='ltr'>Θεοῦ</span> <span class='ocrx_word' id='word_1_544' title='bbox 507 1926 667 1962; x_wconf 70' lang='grc' dir='ltr'>παρουσίαν,</span> <span class='ocrx_word' id='word_1_545' title='bbox 681 1926 727 1952; x_wconf 83' lang='grc' dir='ltr'>καὶ</span> <span class='ocrx_word' id='word_1_546' title='bbox 735 1925 829 1958; x_wconf 82' lang='grc' dir='ltr'>ταῦτα,</span> <span class='ocrx_word' id='word_1_547' title='bbox 839 1927 868 1952; x_wconf 79' lang='grc' dir='ltr'>οὐ</span> <span class='ocrx_word' id='word_1_548' title='bbox 881 1927 961 1961; x_wconf 68' lang='grc' dir='ltr'>φύσιν</span> 
     </span>
    </p>
   </div>
   <div class='ocr_carea' id='block_1_69' title="bbox 173 1972 962 2008">
    <p class='ocr_par' dir='ltr' id='par_1_69' title="bbox 173 1972 962 2008">
     <span class='ocr_line' id='line_1_69' title="bbox 173 1972 962 2008; baseline -0.001 -9"><span class='ocrx_word' id='word_1_549' title='bbox 173 1973 403 2008; x_wconf 67' lang='grc' dir='ltr'>ὲσκιαγράιρηςεν.</span> <span class='ocrx_word' id='word_1_550' title='bbox 420 1972 499 2008; x_wconf 70' lang='grc' dir='ltr'>Ἠλίᾳ</span> <span class='ocrx_word' id='word_1_551' title='bbox 511 1973 579 2004; x_wconf 87' lang='grc' dir='ltr'>τίνι;</span> <span class='ocrx_word' id='word_1_552' title='bbox 603 1972 631 1999; x_wconf 86' lang='grc' dir='ltr'><strong>ὃν</strong></span> <span class='ocrx_word' id='word_1_553' title='bbox 644 1972 691 1999; x_wconf 76' lang='grc' dir='ltr'>καὶ</span> <span class='ocrx_word' id='word_1_554' title='bbox 710 1973 784 2008; x_wconf 73' lang='grc' dir='ltr'>ἕρμα</span> <span class='ocrx_word' id='word_1_555' title='bbox 808 1973 892 2008; x_wconf 78' lang='grc' dir='ltr'>πυρὸς</span> <span class='ocrx_word' id='word_1_556' title='bbox 916 1973 962 1999; x_wconf 87' lang='grc' dir='ltr'><strong>ἀν-</strong></span> 
     </span>
    </p>
   </div>
   <div class='ocr_carea' id='block_1_70' title="bbox 172 2017 959 2055">
    <p class='ocr_par' dir='ltr' id='par_1_70' title="bbox 172 2017 959 2055">
     <span class='ocr_line' id='line_1_70' title="bbox 172 2017 959 2055; baseline -0.001 -9"><span class='ocrx_word' id='word_1_557' title='bbox 172 2021 234 2053; x_wconf 82' lang='grc' dir='ltr'><strong>άγει</strong></span> <span class='ocrx_word' id='word_1_558' title='bbox 257 2020 325 2055; x_wconf 74' lang='grc' dir='ltr'>προς</span> <span class='ocrx_word' id='word_1_559' title='bbox 337 2019 461 2054; x_wconf 74' lang='grc' dir='ltr'>οὐρανὸν,</span> <span class='ocrx_word' id='word_1_560' title='bbox 476 2018 572 2054; x_wconf 79' lang='grc' dir='ltr'>δηλοῦν</span> <span class='ocrx_word' id='word_1_561' title='bbox 585 2017 632 2044; x_wconf 86' lang='grc' dir='ltr'><strong>τοῦ</strong></span> <span class='ocrx_word' id='word_1_562' title='bbox 656 2018 759 2045; x_wconf 79' lang='grc' dir='ltr'>δικαίου</span> <span class='ocrx_word' id='word_1_563' title='bbox 776 2019 806 2044; x_wconf 77' lang='grc' dir='ltr'>τὸ</span> <span class='ocrx_word' id='word_1_564' title='bbox 823 2019 891 2053; x_wconf 78' lang='grc' dir='ltr'>ὑπὲρ</span> <span class='ocrx_word' id='word_1_565' title='bbox 911 2018 959 2045; x_wconf 84' lang='grc' dir='ltr'><strong>ἄν·</strong></span> 
     </span>
    </p>
   </div>
   <div class='ocr_carea' id='block_1_71' title="bbox 172 2063 957 2100">
    <p class='ocr_par' dir='ltr' id='par_1_71' title="bbox 172 2063 957 2100">
     <span class='ocr_line' id='line_1_71' title="bbox 172 2063 957 2100; baseline -0.004 -8"><span class='ocrx_word' id='word_1_566' title='bbox 172 2066 290 2100; x_wconf 86' lang='grc' dir='ltr'>Ορωπον.</span> <span class='ocrx_word' id='word_1_567' title='bbox 306 2064 405 2091; x_wconf 81' lang='grc' dir='ltr'>Μανωὲ</span> <span class='ocrx_word' id='word_1_568' title='bbox 422 2064 450 2090; x_wconf 78' lang='grc' dir='ltr'>δὲ</span> <span class='ocrx_word' id='word_1_569' title='bbox 464 2064 509 2090; x_wconf 82' lang='grc' dir='ltr'>τὸν</span> <span class='ocrx_word' id='word_1_570' title='bbox 524 2063 618 2099; x_wconf 79' lang='grc' dir='ltr'>κριτὴν</span> <span class='ocrx_word' id='word_1_571' title='bbox 638 2064 780 2098; x_wconf 79' lang='grc' dir='ltr'>πρότερον,</span> <span class='ocrx_word' id='word_1_572' title='bbox 799 2064 845 2090; x_wconf 72' lang='grc' dir='ltr'>καὶ</span> <span class='ocrx_word' id='word_1_573' title='bbox 857 2064 957 2099; x_wconf 71' lang='grc' dir='ltr'>Πέτρον</span> 
     </span>
    </p>
   </div>
   <div class='ocr_carea' id='block_1_72' title="bbox 171 2109 958 2146">
    <p class='ocr_par' dir='ltr' id='par_1_72' title="bbox 171 2109 958 2146">
     <span class='ocr_line' id='line_1_72' title="bbox 171 2109 958 2146; baseline -0.004 -9"><span class='ocrx_word' id='word_1_574' title='bbox 171 2111 217 2137; x_wconf 79' lang='grc' dir='ltr'>τὸν</span> <span class='ocrx_word' id='word_1_575' title='bbox 234 2110 356 2146; x_wconf 77' lang='grc' dir='ltr'>μαθητὴν</span> <span class='ocrx_word' id='word_1_576' title='bbox 374 2110 496 2144; x_wconf 75' lang='grc' dir='ltr'>ὕστερον,</span> <span class='ocrx_word' id='word_1_577' title='bbox 511 2109 568 2141; x_wconf 82' lang='grc' dir='ltr'><strong>πῶς</strong></span> <span class='ocrx_word' id='word_1_578' title='bbox 590 2109 621 2135; x_wconf 83' lang='grc' dir='ltr'>οὑ</span> <span class='ocrx_word' id='word_1_579' title='bbox 632 2109 822 2144; x_wconf 77' lang='grc' dir='ltr'>τεθαύμακας;</span> <span class='ocrx_word' id='word_1_580' title='bbox 841 2109 886 2135; x_wconf 72' lang='grc' dir='ltr'><strong>τὸν</strong></span> <span class='ocrx_word' id='word_1_581' title='bbox 909 2109 958 2144; x_wconf 86' lang='grc' dir='ltr'><strong>μὲν</strong></span> 
     </span>
    </p>
   </div>
   <div class='ocr_carea' id='block_1_73' title="bbox 1051 1833 1799 1868">
    <p class='ocr_par' dir='ltr' id='par_1_73' title="bbox 1051 1833 1799 1868">
     <span class='ocr_line' id='line_1_73' title="bbox 1051 1833 1799 1868; baseline 0.001 -7"><span class='ocrx_word' id='word_1_582' title='bbox 1051 1834 1122 1861; x_wconf 72' lang='lat' dir='ltr'><strong>XIX.</strong></span> <span class='ocrx_word' id='word_1_583' title='bbox 1141 1833 1194 1861; x_wconf 84' lang='lat' dir='ltr'><strong>Nec</strong></span> <span class='ocrx_word' id='word_1_584' title='bbox 1218 1841 1281 1860; x_wconf 83' lang='lat' dir='ltr'><strong>vero</strong></span> <span class='ocrx_word' id='word_1_585' title='bbox 1304 1833 1379 1865; x_wconf 65' lang='lat' dir='ltr'><strong>Elite,</strong></span> <span class='ocrx_word' id='word_1_586' title='bbox 1392 1833 1433 1860; x_wconf 82' lang='lat' dir='ltr'><strong>vel</strong></span> <span class='ocrx_word' id='word_1_587' title='bbox 1457 1834 1575 1867; x_wconf 62' lang='lat' dir='ltr'><strong>spiritus,</strong></span> <span class='ocrx_word' id='word_1_588' title='bbox 1586 1833 1741 1868; x_wconf 69' lang='lat' dir='ltr'><strong>vehemens,</strong></span> <span class='ocrx_word' id='word_1_589' title='bbox 1756 1835 1799 1862; x_wconf 84' lang='lat' dir='ltr'><strong>vel</strong></span> 
     </span>
    </p>
   </div>
   <div class='ocr_carea' id='block_1_74' title="bbox 1013 1879 1799 1917">
    <p class='ocr_par' dir='ltr' id='par_1_74' title="bbox 1013 1879 1799 1917">
     <span class='ocr_line' id='line_1_74' title="bbox 1013 1879 1799 1917; baseline 0.001 -10"><span class='ocrx_word' id='word_1_590' title='bbox 1013 1881 1094 1915; x_wconf 80' lang='lat' dir='ltr'><strong>ignis,</strong></span> <span class='ocrx_word' id='word_1_591' title='bbox 1114 1880 1153 1907; x_wconf 86' lang='lat' dir='ltr'><strong>vel</strong></span> <span class='ocrx_word' id='word_1_592' title='bbox 1173 1884 1252 1907; x_wconf 60' lang='lat' dir='ltr'><strong>terrae</strong></span> <span class='ocrx_word' id='word_1_593' title='bbox 1277 1880 1428 1917; x_wconf 78' lang='lat' dir='ltr'><strong>concussio,</strong></span> <span class='ocrx_word' id='word_1_594' title='bbox 1444 1884 1473 1906; x_wconf 85' lang='lat' dir='ltr'><strong>ut</strong></span> <span class='ocrx_word' id='word_1_595' title='bbox 1487 1879 1568 1915; x_wconf 79' lang='lat'><strong>510</strong></span> <span class='ocrx_word' id='word_1_596' title='bbox 1581 1880 1701 1907; x_wconf 66' lang='lat' dir='ltr'><strong>historia:</strong></span> <span class='ocrx_word' id='word_1_597' title='bbox 1713 1888 1799 1909; x_wconf 76' lang='lat' dir='ltr'><strong>sacra:</strong></span> 
     </span>
    </p>
   </div>
   <div class='ocr_carea' id='block_1_75' title="bbox 1012 1926 1798 1960">
    <p class='ocr_par' dir='ltr' id='par_1_75' title="bbox 1012 1926 1798 1960">
     <span class='ocr_line' id='line_1_75' title="bbox 1012 1926 1798 1960; baseline 0.005 -9"><span class='ocrx_word' id='word_1_598' title='bbox 1012 1926 1193 1952; x_wconf 83' lang='lat' dir='ltr'><strong>monumentis</strong></span> <span class='ocrx_word' id='word_1_599' title='bbox 1205 1926 1340 1959; x_wconf 90' lang='lat' dir='ltr'><strong>proditum</strong></span> <span class='ocrx_word' id='word_1_600' title='bbox 1357 1930 1406 1958; x_wconf 89' lang='lat' dir='ltr'><strong>est,</strong></span> <span class='ocrx_word' id='word_1_601' title='bbox 1426 1926 1472 1952; x_wconf 87' lang='lat' dir='ltr'><strong>sed</strong></span> <span class='ocrx_word' id='word_1_602' title='bbox 1491 1933 1557 1952; x_wconf 89' lang='lat' dir='ltr'><strong>aura</strong></span> <span class='ocrx_word' id='word_1_603' title='bbox 1572 1928 1693 1960; x_wconf 62' lang='lat' dir='ltr'><strong>quaedam</strong></span> <span class='ocrx_word' id='word_1_604' title='bbox 1711 1928 1798 1955; x_wconf 89' lang='lat' dir='ltr'><strong>tenuis</strong></span> 
     </span>
    </p>
   </div>
   <div class='ocr_carea' id='block_1_76' title="bbox 1013 1971 1796 2005">
    <p class='ocr_par' dir='ltr' id='par_1_76' title="bbox 1013 1971 1796 2005">
     <span class='ocr_line' id='line_1_76' title="bbox 1013 1971 1796 2005; baseline 0 -7"><span class='ocrx_word' id='word_1_605' title='bbox 1013 1971 1060 1998; x_wconf 87' lang='lat' dir='ltr'><strong>Dei</strong></span> <span class='ocrx_word' id='word_1_606' title='bbox 1076 1972 1258 2004; x_wconf 66' lang='lat' dir='ltr'><strong>praesentiant,</strong></span> <span class='ocrx_word' id='word_1_607' title='bbox 1271 1978 1324 1997; x_wconf 94' lang='lat' dir='ltr'><strong>non</strong></span> <span class='ocrx_word' id='word_1_608' title='bbox 1341 1975 1430 1997; x_wconf 88' lang='lat' dir='ltr'><strong>autem</strong></span> <span class='ocrx_word' id='word_1_609' title='bbox 1450 1975 1574 1998; x_wconf 88' lang='lat' dir='ltr'><strong>naturam</strong></span> <span class='ocrx_word' id='word_1_610' title='bbox 1591 1971 1688 2005; x_wconf 88' lang='lat' dir='ltr'><strong>ipsam,</strong></span> <span class='ocrx_word' id='word_1_611' title='bbox 1701 1972 1796 1999; x_wconf 89' lang='lat' dir='ltr'><strong>adnut-</strong></span> 
     </span>
    </p>
   </div>
   <div class='ocr_carea' id='block_1_77' title="bbox 1012 2017 1798 2053">
    <p class='ocr_par' dir='ltr' id='par_1_77' title="bbox 1012 2017 1798 2053">
     <span class='ocr_line' id='line_1_77' title="bbox 1012 2017 1798 2053; baseline 0.001 -9"><span class='ocrx_word' id='word_1_612' title='bbox 1012 2017 1142 2044; x_wconf 75' lang='lat' dir='ltr'><strong>bravit“.</strong></span> <span class='ocrx_word' id='word_1_613' title='bbox 1157 2017 1245 2052; x_wconf 91' lang='lat' dir='ltr'><strong>Ipsum</strong></span> <span class='ocrx_word' id='word_1_614' title='bbox 1272 2017 1356 2043; x_wconf 86' lang='lat' dir='ltr'><strong>Eliant</strong></span> <span class='ocrx_word' id='word_1_615' title='bbox 1384 2017 1454 2048; x_wconf 87' lang='lat' dir='ltr'><strong>dico,</strong></span> <span class='ocrx_word' id='word_1_616' title='bbox 1479 2024 1558 2050; x_wconf 90' lang='lat' dir='ltr'><strong>quem</strong></span> <span class='ocrx_word' id='word_1_617' title='bbox 1580 2017 1674 2052; x_wconf 81' lang='lat' dir='ltr'><strong>igneus</strong></span> <span class='ocrx_word' id='word_1_618' title='bbox 1689 2025 1798 2053; x_wconf 86' lang='lat' dir='ltr'><strong>quoque</strong></span> 
     </span>
    </p>
   </div>
   <div class='ocr_carea' id='block_1_78' title="bbox 1011 2063 1796 2098">
    <p class='ocr_par' dir='ltr' id='par_1_78' title="bbox 1011 2063 1796 2098">
     <span class='ocr_line' id='line_1_78' title="bbox 1011 2063 1796 2098; baseline -0.001 -7"><span class='ocrx_word' id='word_1_619' title='bbox 1011 2071 1107 2091; x_wconf 86' lang='lat' dir='ltr'><strong>currus</strong></span> <span class='ocrx_word' id='word_1_620' title='bbox 1130 2064 1155 2090; x_wconf 93' lang='lat' dir='ltr'><strong>in</strong></span> <span class='ocrx_word' id='word_1_621' title='bbox 1187 2063 1283 2090; x_wconf 72' lang='lat' dir='ltr'><strong>coelum</strong></span> <span class='ocrx_word' id='word_1_622' title='bbox 1307 2064 1443 2095; x_wconf 83' lang='lat' dir='ltr'><strong>evexit&quot;,</strong></span> <span class='ocrx_word' id='word_1_623' title='bbox 1458 2063 1622 2098; x_wconf 82' lang='lat' dir='ltr'><strong>signiﬁcans,</strong></span> <span class='ocrx_word' id='word_1_624' title='bbox 1640 2068 1670 2090; x_wconf 92' lang='lat' dir='ltr'><strong>ut</strong></span> <span class='ocrx_word' id='word_1_625' title='bbox 1689 2064 1796 2098; x_wconf 87' lang='lat' dir='ltr'><strong>opinor,</strong></span> 
     </span>
    </p>
   </div>
   <div class='ocr_carea' id='block_1_79' title="bbox 1012 2109 1798 2146">
    <p class='ocr_par' dir='ltr' id='par_1_79' title="bbox 1012 2109 1798 2146">
     <span class='ocr_line' id='line_1_79' title="bbox 1012 2109 1798 2146; baseline -0.001 -8"><span class='ocrx_word' id='word_1_626' title='bbox 1012 2111 1175 2146; x_wconf 85' lang='lat' dir='ltr'><strong>singularem</strong></span> <span class='ocrx_word' id='word_1_627' title='bbox 1191 2110 1336 2145; x_wconf 86' lang='lat' dir='ltr'><strong>quamdam</strong></span> <span class='ocrx_word' id='word_1_628' title='bbox 1363 2110 1480 2137; x_wconf 89' lang='lat' dir='ltr'><strong>hominis</strong></span> <span class='ocrx_word' id='word_1_629' title='bbox 1496 2109 1635 2142; x_wconf 91' lang='lat' dir='ltr'><strong>virtutem,</strong></span> <span class='ocrx_word' id='word_1_630' title='bbox 1654 2114 1735 2145; x_wconf 87' lang='lat' dir='ltr'><strong>atque</strong></span> <span class='ocrx_word' id='word_1_631' title='bbox 1747 2110 1798 2137; x_wconf 89' lang='lat' dir='ltr'><strong>hu-</strong></span> 
     </span>
    </p>
   </div>
   <div class='ocr_carea' id='block_1_80' title="bbox 171 2155 960 2192">
    <p class='ocr_par' dir='ltr' id='par_1_80' title="bbox 171 2155 959 2191">
     <span class='ocr_line' id='line_1_80' title="bbox 171 2155 959 2191; baseline 0.001 -9"><span class='ocrx_word' id='word_1_632' title='bbox 171 2156 232 2183; x_wconf 78' lang='grc' dir='ltr'>ούδὲ</span> <span class='ocrx_word' id='word_1_633' title='bbox 249 2156 309 2191; x_wconf 57' lang='grc' dir='ltr'>ὄψιν</span> <span class='ocrx_word' id='word_1_634' title='bbox 333 2156 450 2191; x_wconf 79' lang='grc' dir='ltr'>φέροντα</span> <span class='ocrx_word' id='word_1_635' title='bbox 474 2155 519 2181; x_wconf 82' lang='grc' dir='ltr'><strong>τοῦ</strong></span> <span class='ocrx_word' id='word_1_636' title='bbox 539 2155 734 2189; x_wconf 64' lang='grc' dir='ltr'>φαντασθέντος</span> <span class='ocrx_word' id='word_1_637' title='bbox 752 2155 828 2187; x_wconf 77' lang='grc' dir='ltr'>Θεοῦ,</span> <span class='ocrx_word' id='word_1_638' title='bbox 845 2156 892 2182; x_wconf 73' lang='grc' dir='ltr'><strong>καὶ</strong></span> <span class='ocrx_word' id='word_1_639' title='bbox 916 2156 959 2183; x_wconf 73' lang='grc' dir='ltr'>διὰ</span> 
     </span>
    </p>
   </div>
   <div class='ocr_carea' id='block_1_81' title="bbox 1013 2155 1796 2192">
    <p class='ocr_par' dir='ltr' id='par_1_81' title="bbox 1013 2155 1796 2192">
     <span class='ocr_line' id='line_1_81' title="bbox 1013 2155 1796 2192; baseline 0.003 -10"><span class='ocrx_word' id='word_1_640' title='bbox 1013 2163 1120 2182; x_wconf 91' lang='lat' dir='ltr'><strong>manum</strong></span> <span class='ocrx_word' id='word_1_641' title='bbox 1137 2155 1276 2190; x_wconf 79' lang='lat' dir='ltr'><strong>fastigium</strong></span> <span class='ocrx_word' id='word_1_642' title='bbox 1294 2155 1480 2183; x_wconf 85' lang='lat' dir='ltr'><strong>excedentem.</strong></span> <span class='ocrx_word' id='word_1_643' title='bbox 1496 2155 1586 2189; x_wconf 84' lang='lat' dir='ltr'><strong>Quid?</strong></span> <span class='ocrx_word' id='word_1_644' title='bbox 1602 2157 1659 2184; x_wconf 78' lang='lat' dir='ltr'><strong>Non</strong></span> <span class='ocrx_word' id='word_1_645' title='bbox 1677 2161 1703 2184; x_wconf 91' lang='lat' dir='ltr'><strong>te</strong></span> <span class='ocrx_word' id='word_1_646' title='bbox 1715 2157 1796 2192; x_wconf 78' lang='lat' dir='ltr'><strong>jutlex</strong></span> 
     </span>
    </p>
   </div>
   <div class='ocr_carea' id='block_1_82' title="bbox 172 2199 955 2236">
    <p class='ocr_par' dir='ltr' id='par_1_82' title="bbox 172 2199 955 2236">
     <span class='ocr_line' id='line_1_82' title="bbox 172 2199 955 2236; baseline -0.001 -8"><span class='ocrx_word' id='word_1_647' title='bbox 172 2202 259 2234; x_wconf 83' lang='grc' dir='ltr'>τοῦτο,</span> <span class='ocrx_word' id='word_1_648' title='bbox 282 2202 497 2236; x_wconf 73' lang='grc' dir='ltr'>Ἀπολώλαμεν,</span> <span class='ocrx_word' id='word_1_649' title='bbox 512 2199 535 2228; x_wconf 88' lang='grc' dir='ltr'>ὤ</span> <span class='ocrx_word' id='word_1_650' title='bbox 557 2201 654 2236; x_wconf 76' lang='grc' dir='ltr'>γῦναι,</span> <span class='ocrx_word' id='word_1_651' title='bbox 676 2201 796 2235; x_wconf 77' lang='grc' dir='ltr'>λέγοντα,</span> <span class='ocrx_word' id='word_1_652' title='bbox 815 2202 888 2228; x_wconf 71' lang='grc' dir='ltr'><strong>Θεέι·</strong></span> <span class='ocrx_word' id='word_1_653' title='bbox 904 2202 955 2227; x_wconf 85' lang='grc' dir='ltr'><strong>ὲω-</strong></span> 
     </span>
    </p>
   </div>
   <div class='ocr_carea' id='block_1_83' title="bbox 169 2246 957 2283">
    <p class='ocr_par' dir='ltr' id='par_1_83' title="bbox 169 2246 957 2283">
     <span class='ocr_line' id='line_1_83' title="bbox 169 2246 957 2283; baseline -0.003 -8"><span class='ocrx_word' id='word_1_654' title='bbox 169 2248 314 2283; x_wconf 80' lang='grc' dir='ltr'>ριὶκαμεν,</span> <span class='ocrx_word' id='word_1_655' title='bbox 336 2248 374 2279; x_wconf 85' lang='grc' dir='ltr'><strong>ὡς</strong></span> <span class='ocrx_word' id='word_1_656' title='bbox 392 2248 422 2273; x_wconf 84' lang='grc' dir='ltr'><strong>ού</strong></span> <span class='ocrx_word' id='word_1_657' title='bbox 445 2247 571 2282; x_wconf 84' lang='grc' dir='ltr'>χωρητῆς</span> <span class='ocrx_word' id='word_1_658' title='bbox 599 2246 680 2282; x_wconf 77' lang='grc' dir='ltr'>οὔσης</span> <span class='ocrx_word' id='word_1_659' title='bbox 707 2247 870 2283; x_wconf 82' lang='grc' dir='ltr'>ἀνθρώποις,</span> <span class='ocrx_word' id='word_1_660' title='bbox 896 2247 957 2274; x_wconf 73' lang='grc' dir='ltr'>οὐδὲ</span> 
     </span>
    </p>
   </div>
   <div class='ocr_carea' id='block_1_84' title="bbox 173 2293 957 2329">
    <p class='ocr_par' dir='ltr' id='par_1_84' title="bbox 173 2293 957 2329">
     <span class='ocr_line' id='line_1_84' title="bbox 173 2293 957 2329; baseline -0.001 -8"><span class='ocrx_word' id='word_1_661' title='bbox 173 2294 320 2329; x_wconf 71' lang='grc' dir='ltr'>φαντασίας</span> <span class='ocrx_word' id='word_1_662' title='bbox 335 2294 419 2325; x_wconf 67' lang='grc' dir='ltr'>θείας,</span> <span class='ocrx_word' id='word_1_663' title='bbox 436 2293 473 2329; x_wconf 86' lang='grc' dir='ltr'>μὴ</span> <span class='ocrx_word' id='word_1_664' title='bbox 493 2294 533 2319; x_wconf 78' lang='grc' dir='ltr'>ὅτι</span> <span class='ocrx_word' id='word_1_665' title='bbox 547 2301 578 2327; x_wconf 79' lang='grc' dir='ltr'><strong>γε</strong></span> <span class='ocrx_word' id='word_1_666' title='bbox 597 2293 712 2327; x_wconf 77' lang='grc' dir='ltr'>φύσεως·</span> <span class='ocrx_word' id='word_1_667' title='bbox 735 2293 779 2320; x_wconf 59' lang='grc' dir='ltr'>τὴν</span> <span class='ocrx_word' id='word_1_668' title='bbox 797 2293 825 2319; x_wconf 77' lang='grc' dir='ltr'>δὲ</span> <span class='ocrx_word' id='word_1_669' title='bbox 843 2294 889 2319; x_wconf 82' lang='grc' dir='ltr'>καὶ</span> <span class='ocrx_word' id='word_1_670' title='bbox 912 2293 957 2320; x_wconf 68' lang='grc' dir='ltr'>τὸν</span> 
     </span>
    </p>
   </div>
   <div class='ocr_carea' id='block_1_85' title="bbox 223 2339 688 2371">
    <p class='ocr_par' dir='ltr' id='par_1_85' title="bbox 223 2339 688 2371">
     <span class='ocr_line' id='line_1_85' title="bbox 223 2339 688 2371; baseline -0.002 -5"><span class='ocrx_word' id='word_1_671' title='bbox 223 2340 246 2356; x_wconf 82' lang='grc'><strong>⁶¹</strong></span> <span class='ocrx_word' id='word_1_672' title='bbox 260 2339 326 2366; x_wconf 84' lang='lat' dir='ltr'><strong>Gen.</strong></span> <span class='ocrx_word' id='word_1_673' title='bbox 345 2347 382 2371; x_wconf 88' lang='lat' dir='ltr'><strong>tv,</strong></span> <span class='ocrx_word' id='word_1_674' title='bbox 398 2339 442 2365; x_wconf 78' lang='lat'><strong>&#39;26.</strong></span> <span class='ocrx_word' id='word_1_675' title='bbox 490 2339 512 2354; x_wconf 83' lang='lat'><strong>&quot;</strong></span> <span class='ocrx_word' id='word_1_676' title='bbox 523 2339 589 2366; x_wconf 79' lang='lat' dir='ltr'><strong>Gen.</strong></span> <span class='ocrx_word' id='word_1_677' title='bbox 606 2347 631 2368; x_wconf 87' lang='grc' dir='ltr'>ν.</span> <span class='ocrx_word' id='word_1_678' title='bbox 644 2339 688 2365; x_wconf 65' lang='lat' dir='ltr'><strong>2t.</strong></span> 
     </span>
    </p>
   </div>
   <div class='ocr_carea' id='block_1_86' title="bbox 185 2374 498 2408">
    <p class='ocr_par' dir='ltr' id='par_1_86' title="bbox 185 2374 498 2408">
     <span class='ocr_line' id='line_1_86' title="bbox 185 2374 498 2408; baseline -0.006 -6"><span class='ocrx_word' id='word_1_679' title='bbox 185 2376 196 2392; x_wconf 84' lang='grc'><strong><em>³</em></strong></span> <span class='ocrx_word' id='word_1_680' title='bbox 208 2374 276 2402; x_wconf 86' lang='lat' dir='ltr'><strong>Gen.</strong></span> <span class='ocrx_word' id='word_1_681' title='bbox 289 2382 359 2406; x_wconf 76' lang='lat' dir='ltr'><strong>xxtt,</strong></span> <span class='ocrx_word' id='word_1_682' title='bbox 381 2374 398 2400; x_wconf 74' lang='grc'>2</span> <span class='ocrx_word' id='word_1_683' title='bbox 423 2382 498 2408; x_wconf 77' lang='lat' dir='ltr'><strong>seqq.</strong></span> 
     </span>
    </p>
   </div>
   <div class='ocr_carea' id='block_1_87' title="bbox 208 2430 954 2466">
    <p class='ocr_par' dir='ltr' id='par_1_87' title="bbox 208 2430 954 2466">
     <span class='ocr_line' id='line_1_87' title="bbox 208 2430 954 2466; baseline -0.003 -7"><span class='ocrx_word' id='word_1_684' title='bbox 208 2431 264 2466; x_wconf 79' lang='lat'><strong>(99)</strong></span> <span class='ocrx_word' id='word_1_685' title='bbox 297 2431 526 2458; x_wconf 76' lang='grc' dir='ltr'>Ἐπικαλεῑσθαι.</span> <span class='ocrx_word' id='word_1_686' title='bbox 564 2430 674 2466; x_wconf 84' lang='lat' dir='ltr'><strong>Vocem</strong></span> <span class='ocrx_word' id='word_1_687' title='bbox 695 2431 763 2458; x_wconf 88' lang='lat' dir='ltr'><strong>ltattc</strong></span> <span class='ocrx_word' id='word_1_688' title='bbox 802 2431 826 2466; x_wconf 73' lang='lat' dir='ltr'><strong>in</strong></span> <span class='ocrx_word' id='word_1_689' title='bbox 868 2432 954 2458; x_wconf 81' lang='lat' dir='ltr'><strong>activa</strong></span> 
     </span>
    </p>
   </div>
   <div class='ocr_carea' id='block_1_88' title="bbox 173 2465 955 2502">
    <p class='ocr_par' dir='ltr' id='par_1_88' title="bbox 173 2465 955 2502">
     <span class='ocr_line' id='line_1_88' title="bbox 173 2465 955 2502; baseline -0.004 -7"><span class='ocrx_word' id='word_1_690' title='bbox 173 2465 378 2502; x_wconf 75' lang='lat' dir='ltr'><strong>signiﬁcatione</strong></span> <span class='ocrx_word' id='word_1_691' title='bbox 392 2467 495 2502; x_wconf 85' lang='lat' dir='ltr'><strong>accepit</strong></span> <span class='ocrx_word' id='word_1_692' title='bbox 513 2466 615 2493; x_wconf 85' lang='lat' dir='ltr'><strong>Billius.</strong></span> <span class='ocrx_word' id='word_1_693' title='bbox 637 2465 704 2498; x_wconf 85' lang='lat' dir='ltr'><strong>Alii,</strong></span> <span class='ocrx_word' id='word_1_694' title='bbox 729 2470 785 2500; x_wconf 83' lang='lat' dir='ltr'><strong>post</strong></span> <span class='ocrx_word' id='word_1_695' title='bbox 801 2465 955 2492; x_wconf 77' lang='lat' dir='ltr'><strong>Theodore-</strong></span> 
     </span>
    </p>
   </div>
   <div class='ocr_carea' id='block_1_89' title="bbox 175 2501 955 2535">
    <p class='ocr_par' dir='ltr' id='par_1_89' title="bbox 175 2501 955 2535">
     <span class='ocr_line' id='line_1_89' title="bbox 175 2501 955 2535; baseline 0 -7"><span class='ocrx_word' id='word_1_696' title='bbox 175 2501 241 2532; x_wconf 83' lang='lat' dir='ltr'><strong>luin,</strong></span> <span class='ocrx_word' id='word_1_697' title='bbox 265 2502 290 2527; x_wconf 93' lang='lat' dir='ltr'><strong>in</strong></span> <span class='ocrx_word' id='word_1_698' title='bbox 309 2501 414 2534; x_wconf 85' lang='lat' dir='ltr'><strong>passiva</strong></span> <span class='ocrx_word' id='word_1_699' title='bbox 437 2501 587 2535; x_wconf 86' lang='lat' dir='ltr'><strong>accipiunt.</strong></span> <span class='ocrx_word' id='word_1_700' title='bbox 611 2506 638 2527; x_wconf 88' lang='lat' dir='ltr'><strong>et</strong></span> <span class='ocrx_word' id='word_1_701' title='bbox 655 2506 762 2528; x_wconf 88' lang='lat' dir='ltr'><strong>vertunt</strong></span> <span class='ocrx_word' id='word_1_702' title='bbox 783 2509 789 2527; x_wconf 92' lang='lat'>:</span> <span class='ocrx_word' id='word_1_703' title='bbox 808 2510 816 2526; x_wconf 79' lang='grc' dir='ltr'><strong>ι</strong></span> <span class='ocrx_word' id='word_1_704' title='bbox 832 2501 955 2535; x_wconf 81' lang='lat' dir='ltr'><strong>Speravit</strong></span> 
     </span>
    </p>
   </div>
   <div class='ocr_carea' id='block_1_90' title="bbox 173 2535 636 2565">
    <p class='ocr_par' dir='ltr' id='par_1_90' title="bbox 173 2535 636 2565">
     <span class='ocr_line' id='line_1_90' title="bbox 173 2535 636 2565; baseline -0.006 0"><span class='ocrx_word' id='word_1_705' title='bbox 173 2538 230 2565; x_wconf 85' lang='lat' dir='ltr'><strong>fore</strong></span> <span class='ocrx_word' id='word_1_706' title='bbox 245 2541 272 2562; x_wconf 91' lang='lat' dir='ltr'><strong>ut</strong></span> <span class='ocrx_word' id='word_1_707' title='bbox 290 2535 418 2563; x_wconf 82' lang='lat' dir='ltr'><strong>Dominus</strong></span> <span class='ocrx_word' id='word_1_708' title='bbox 434 2536 611 2562; x_wconf 87' lang='lat' dir='ltr'><strong>invocaretur.</strong></span> <span class='ocrx_word' id='word_1_709' title='bbox 627 2545 636 2561; x_wconf 72' lang='grc' dir='ltr'><strong>ι</strong></span> 
     </span>
    </p>
   </div>
   <div class='ocr_carea' id='block_1_91' title="bbox 208 2570 954 2613">
    <p class='ocr_par' dir='ltr' id='par_1_91' title="bbox 208 2570 954 2613">
     <span class='ocr_line' id='line_1_91' title="bbox 208 2570 954 2613; baseline 0 -16"><span class='ocrx_word' id='word_1_710' title='bbox 208 2571 247 2613; x_wconf 75' lang='grc' dir='ltr'><strong>ςι)</strong></span> <span class='ocrx_word' id='word_1_711' title='bbox 260 2571 416 2613; x_wconf 47' lang='grc' dir='ltr'><strong>ἔβεύτογτι.</strong></span> <span class='ocrx_word' id='word_1_712' title='bbox 442 2571 524 2598; x_wconf 88' lang='lat' dir='ltr'><strong>Savil.</strong></span> <span class='ocrx_word' id='word_1_713' title='bbox 546 2576 574 2598; x_wconf 91' lang='lat' dir='ltr'><strong>et</strong></span> <span class='ocrx_word' id='word_1_714' title='bbox 602 2571 708 2603; x_wconf 91' lang='lat' dir='ltr'><strong>Comb.,</strong></span> <span class='ocrx_word' id='word_1_715' title='bbox 727 2570 901 2605; x_wconf 74' lang='grc' dir='ltr'>διαφυγόντα.</span> <span class='ocrx_word' id='word_1_716' title='bbox 926 2570 954 2597; x_wconf 94' lang='lat' dir='ltr'><strong>In</strong></span> 
     </span>
    </p>
   </div>
   <div class='ocr_carea' id='block_1_92' title="bbox 173 2605 424 2639">
    <p class='ocr_par' dir='ltr' id='par_1_92' title="bbox 173 2605 424 2639">
     <span class='ocr_line' id='line_1_92' title="bbox 173 2605 424 2639; baseline -0.016 -5"><span class='ocrx_word' id='word_1_717' title='bbox 173 2605 242 2636; x_wconf 66' lang='lat' dir='ltr'><strong>aliis,</strong></span> <span class='ocrx_word' id='word_1_718' title='bbox 258 2605 424 2639; x_wconf 78' lang='grc' dir='ltr'>διαφυγόντι.</span> 
     </span>
    </p>
   </div>
   <div class='ocr_carea' id='block_1_93' title="bbox 208 2639 954 2677">
    <p class='ocr_par' dir='ltr' id='par_1_93' title="bbox 208 2639 954 2677">
     <span class='ocr_line' id='line_1_93' title="bbox 208 2639 954 2677; baseline -0.001 -10"><span class='ocrx_word' id='word_1_719' title='bbox 208 2640 247 2677; x_wconf 71' lang='lat'><strong>(2)</strong></span> <span class='ocrx_word' id='word_1_720' title='bbox 265 2641 333 2677; x_wconf 32' lang='lat' dir='ltr'><strong>Kal:</strong></span> <span class='ocrx_word' id='word_1_721' title='bbox 345 2639 428 2673; x_wconf 78' lang='grc' dir='ltr'>οἶκος</span> <span class='ocrx_word' id='word_1_722' title='bbox 453 2641 537 2677; x_wconf 61' lang='grc' dir='ltr'>θεοῦ.</span> <span class='ocrx_word' id='word_1_723' title='bbox 564 2639 794 2677; x_wconf 15' lang='grc' dir='ltr'><strong>ιμέῡοιιιιιε-Βεί.)</strong></span> <span class='ocrx_word' id='word_1_724' title='bbox 819 2640 954 2677; x_wconf 42' lang='grc' dir='ltr'><strong>Βθᾳξέηιι,</strong></span> 
     </span>
    </p>
   </div>
   <div class='ocr_carea' id='block_1_94' title="bbox 174 2673 952 2708">
    <p class='ocr_par' dir='ltr' id='par_1_94' title="bbox 174 2673 952 2708">
     <span class='ocr_line' id='line_1_94' title="bbox 174 2673 952 2708; baseline -0.001 -5"><span class='ocrx_word' id='word_1_725' title='bbox 174 2673 297 2707; x_wconf 71' lang='grc' dir='ltr'>ιιῐῐί,’όυο</span> <span class='ocrx_word' id='word_1_726' title='bbox 316 2676 392 2702; x_wconf 78' lang='lat' dir='ltr'><strong>Coll).</strong></span> <span class='ocrx_word' id='word_1_727' title='bbox 405 2681 433 2702; x_wconf 86' lang='lat' dir='ltr'><strong>et</strong></span> <span class='ocrx_word' id='word_1_728' title='bbox 451 2675 498 2703; x_wconf 85' lang='lat' dir='ltr'><strong>0r.</strong></span> <span class='ocrx_word' id='word_1_729' title='bbox 515 2676 540 2706; x_wconf 83' lang='lat' dir='ltr'><strong>t,</strong></span> <span class='ocrx_word' id='word_1_730' title='bbox 556 2673 625 2705; x_wconf 79' lang='grc' dir='ltr'>εἶδος</span> <span class='ocrx_word' id='word_1_731' title='bbox 643 2675 721 2708; x_wconf 85' lang='grc' dir='ltr'>Θεοῦ,</span> <span class='ocrx_word' id='word_1_732' title='bbox 744 2685 753 2700; x_wconf 76' lang='grc' dir='ltr'>ι</span> <span class='ocrx_word' id='word_1_733' title='bbox 775 2675 856 2702; x_wconf 75' lang='lat' dir='ltr'><strong>facies</strong></span> <span class='ocrx_word' id='word_1_734' title='bbox 875 2673 930 2702; x_wconf 85' lang='lat' dir='ltr'><strong>Dei.</strong></span> <span class='ocrx_word' id='word_1_735' title='bbox 943 2685 952 2702; x_wconf 76' lang='grc' dir='ltr'><strong>ι</strong></span> 
     </span>
    </p>
   </div>
   <div class='ocr_carea' id='block_1_95' title="bbox 175 2710 956 2745">
    <p class='ocr_par' dir='ltr' id='par_1_95' title="bbox 175 2710 956 2745">
     <span class='ocr_line' id='line_1_95' title="bbox 175 2710 956 2745; baseline -0.003 -7"><span class='ocrx_word' id='word_1_736' title='bbox 175 2711 287 2738; x_wconf 86' lang='lat' dir='ltr'><strong>Fatetur</strong></span> <span class='ocrx_word' id='word_1_737' title='bbox 311 2711 404 2738; x_wconf 86' lang='lat' dir='ltr'><strong>Billius</strong></span> <span class='ocrx_word' id='word_1_738' title='bbox 428 2711 455 2737; x_wconf 95' lang='lat' dir='ltr'><strong>in</strong></span> <span class='ocrx_word' id='word_1_739' title='bbox 478 2711 548 2738; x_wconf 88' lang='lat' dir='ltr'><strong>notis</strong></span> <span class='ocrx_word' id='word_1_740' title='bbox 565 2718 592 2738; x_wconf 87' lang='lat' dir='ltr'><strong>se</strong></span> <span class='ocrx_word' id='word_1_741' title='bbox 615 2711 640 2737; x_wconf 93' lang='lat' dir='ltr'><strong>in</strong></span> <span class='ocrx_word' id='word_1_742' title='bbox 666 2711 748 2745; x_wconf 91' lang='lat' dir='ltr'><strong>priori</strong></span> <span class='ocrx_word' id='word_1_743' title='bbox 777 2710 893 2737; x_wconf 84' lang='lat' dir='ltr'><strong>editione</strong></span> <span class='ocrx_word' id='word_1_744' title='bbox 917 2712 956 2737; x_wconf 86' lang='lat' dir='ltr'><strong>sic</strong></span> 
     </span>
    </p>
   </div>
   <div class='ocr_carea' id='block_1_96' title="bbox 175 2745 954 2780">
    <p class='ocr_par' dir='ltr' id='par_1_96' title="bbox 175 2745 954 2780">
     <span class='ocr_line' id='line_1_96' title="bbox 175 2745 954 2780; baseline -0.001 -8"><span class='ocrx_word' id='word_1_745' title='bbox 175 2746 288 2773; x_wconf 78' lang='lat' dir='ltr'><strong>vertisse</strong></span> <span class='ocrx_word' id='word_1_746' title='bbox 314 2745 473 2772; x_wconf 86' lang='lat' dir='ltr'><strong>auctoritate</strong></span> <span class='ocrx_word' id='word_1_747' title='bbox 498 2746 636 2777; x_wconf 85' lang='lat' dir='ltr'><strong>codicum;</strong></span> <span class='ocrx_word' id='word_1_748' title='bbox 662 2753 748 2780; x_wconf 84' lang='lat' dir='ltr'><strong>neque</strong></span> <span class='ocrx_word' id='word_1_749' title='bbox 771 2746 838 2772; x_wconf 81' lang='lat' dir='ltr'><strong>ham:</strong></span> <span class='ocrx_word' id='word_1_750' title='bbox 862 2745 954 2772; x_wconf 88' lang='lat' dir='ltr'><strong>lectio-</strong></span> 
     </span>
    </p>
   </div>
   <div class='ocr_carea' id='block_1_97' title="bbox 177 2780 954 2815">
    <p class='ocr_par' dir='ltr' id='par_1_97' title="bbox 177 2780 954 2815">
     <span class='ocr_line' id='line_1_97' title="bbox 177 2780 954 2815; baseline -0.001 -7"><span class='ocrx_word' id='word_1_751' title='bbox 177 2788 237 2808; x_wconf 90' lang='lat' dir='ltr'><strong>nem</strong></span> <span class='ocrx_word' id='word_1_752' title='bbox 264 2780 466 2815; x_wconf 83' lang='lat' dir='ltr'><strong>improbandam</strong></span> <span class='ocrx_word' id='word_1_753' title='bbox 478 2780 600 2815; x_wconf 19' lang='lat' dir='ltr'><strong>‘judicat.</strong></span> <span class='ocrx_word' id='word_1_754' title='bbox 632 2780 685 2807; x_wconf 84' lang='lat' dir='ltr'><strong>Sed</strong></span> <span class='ocrx_word' id='word_1_755' title='bbox 715 2782 740 2807; x_wconf 89' lang='lat' dir='ltr'><strong>in</strong></span> <span class='ocrx_word' id='word_1_756' title='bbox 769 2781 885 2807; x_wconf 80' lang='lat' dir='ltr'><strong>secunda</strong></span> <span class='ocrx_word' id='word_1_757' title='bbox 912 2780 954 2807; x_wconf 75' lang='grc' dir='ltr'><strong>οὐ.</strong></span> 
     </span>
    </p>
   </div>
   <div class='ocr_carea' id='block_1_98' title="bbox 177 2813 955 2851">
    <p class='ocr_par' dir='ltr' id='par_1_98' title="bbox 177 2813 955 2851">
     <span class='ocr_line' id='line_1_98' title="bbox 177 2813 955 2851; baseline 0 -8"><span class='ocrx_word' id='word_1_758' title='bbox 177 2813 367 2850; x_wconf 62' lang='grc' dir='ltr'>ιιιωῑιιιίιέυω</span> <span class='ocrx_word' id='word_1_759' title='bbox 385 2815 450 2850; x_wconf 86' lang='lat' dir='ltr'><strong>Elia,</strong></span> <span class='ocrx_word' id='word_1_760' title='bbox 463 2813 537 2847; x_wconf 59' lang='grc' dir='ltr'>οἶνος</span> <span class='ocrx_word' id='word_1_761' title='bbox 558 2814 637 2849; x_wconf 70' lang='grc' dir='ltr'>Θεοῦ,</span> <span class='ocrx_word' id='word_1_762' title='bbox 653 2825 662 2842; x_wconf 86' lang='grc'><em>‹</em></span> <span class='ocrx_word' id='word_1_763' title='bbox 678 2816 772 2845; x_wconf 90' lang='lat' dir='ltr'><strong>domus</strong></span> <span class='ocrx_word' id='word_1_764' title='bbox 791 2815 846 2848; x_wconf 82' lang='lat' dir='ltr'><strong>Dei,</strong></span> <span class='ocrx_word' id='word_1_765' title='bbox 860 2825 867 2839; x_wconf 77' lang='grc' dir='ltr'><strong>ι</strong></span> <span class='ocrx_word' id='word_1_766' title='bbox 886 2815 955 2851; x_wconf 86' lang='lat' dir='ltr'><strong>quod</strong></span> 
     </span>
    </p>
   </div>
   <div class='ocr_carea' id='block_1_99' title="bbox 729 2338 1016 2372">
    <p class='ocr_par' dir='ltr' id='par_1_99' title="bbox 729 2338 1016 2372">
     <span class='ocr_line' id='line_1_99' title="bbox 729 2338 1016 2372; baseline 0.003 -8"><span class='ocrx_word' id='word_1_767' title='bbox 729 2339 751 2354; x_wconf 61' lang='lat'><strong>‘3</strong></span> <span class='ocrx_word' id='word_1_768' title='bbox 765 2338 831 2365; x_wconf 88' lang='lat' dir='ltr'><strong>Gen.</strong></span> <span class='ocrx_word' id='word_1_769' title='bbox 852 2347 888 2370; x_wconf 82' lang='lat' dir='ltr'><strong>vt,</strong></span> <span class='ocrx_word' id='word_1_770' title='bbox 906 2339 940 2365; x_wconf 74' lang='grc'><strong>15</strong></span> <span class='ocrx_word' id='word_1_771' title='bbox 956 2346 1016 2372; x_wconf 85' lang='lat' dir='ltr'><strong>sqq.</strong></span> 
     </span>
    </p>
   </div>
   <div class='ocr_carea' id='block_1_100' title="bbox 539 2373 1122 2408">
    <p class='ocr_par' dir='ltr' id='par_1_100' title="bbox 539 2373 1122 2408">
     <span class='ocr_line' id='line_1_100' title="bbox 539 2373 1122 2408; baseline 0 -9"><span class='ocrx_word' id='word_1_772' title='bbox 539 2374 560 2388; x_wconf 80' lang='lat'>“</span> <span class='ocrx_word' id='word_1_773' title='bbox 574 2373 640 2400; x_wconf 87' lang='lat' dir='ltr'><strong>Gen.</strong></span> <span class='ocrx_word' id='word_1_774' title='bbox 656 2381 734 2403; x_wconf 83' lang='lat' dir='ltr'><strong>xvtn.</strong></span> <span class='ocrx_word' id='word_1_775' title='bbox 748 2373 766 2400; x_wconf 77' lang='grc'><strong>2</strong></span> <span class='ocrx_word' id='word_1_776' title='bbox 779 2381 837 2408; x_wconf 85' lang='lat' dir='ltr'><strong>sqq.</strong></span> <span class='ocrx_word' id='word_1_777' title='bbox 854 2374 875 2389; x_wconf 71' lang='grc'><strong>⁵⁸</strong></span> <span class='ocrx_word' id='word_1_778' title='bbox 891 2374 958 2401; x_wconf 81' lang='lat' dir='ltr'><strong>Gen.</strong></span> <span class='ocrx_word' id='word_1_779' title='bbox 971 2373 1122 2405; x_wconf 72' lang='lat' dir='ltr'><strong>xxvttt,12.</strong></span> 
     </span>
    </p>
   </div>
   <div class='ocr_carea' id='block_1_101' title="bbox 1010 2200 1797 2236">
    <p class='ocr_par' dir='ltr' id='par_1_101' title="bbox 1010 2200 1797 2236">
     <span class='ocr_line' id='line_1_101' title="bbox 1010 2200 1797 2236; baseline 0.001 -8"><span class='ocrx_word' id='word_1_780' title='bbox 1010 2201 1055 2228; x_wconf 88' lang='lat' dir='ltr'><strong>ille</strong></span> <span class='ocrx_word' id='word_1_781' title='bbox 1073 2201 1182 2233; x_wconf 85' lang='lat' dir='ltr'><strong>Manuc,</strong></span> <span class='ocrx_word' id='word_1_782' title='bbox 1204 2209 1236 2228; x_wconf 86' lang='lat' dir='ltr'><strong>ac</strong></span> <span class='ocrx_word' id='word_1_783' title='bbox 1260 2200 1355 2228; x_wconf 84' lang='lat' dir='ltr'><strong>Petrus</strong></span> <span class='ocrx_word' id='word_1_784' title='bbox 1377 2201 1524 2236; x_wconf 85' lang='lat' dir='ltr'><strong>apostolus,</strong></span> <span class='ocrx_word' id='word_1_785' title='bbox 1545 2202 1724 2229; x_wconf 87' lang='lat' dir='ltr'><strong>admiratione</strong></span> <span class='ocrx_word' id='word_1_786' title='bbox 1741 2202 1797 2228; x_wconf 84' lang='lat' dir='ltr'><strong>alii-</strong></span> 
     </span>
    </p>
   </div>
   <div class='ocr_carea' id='block_1_102' title="bbox 1011 2247 1794 2283">
    <p class='ocr_par' dir='ltr' id='par_1_102' title="bbox 1011 2247 1794 2283">
     <span class='ocr_line' id='line_1_102' title="bbox 1011 2247 1794 2283; baseline 0.003 -10"><span class='ocrx_word' id='word_1_787' title='bbox 1011 2247 1106 2274; x_wconf 87' lang='lat' dir='ltr'><strong>ciunt?</strong></span> <span class='ocrx_word' id='word_1_788' title='bbox 1129 2247 1249 2280; x_wconf 84' lang='lat' dir='ltr'><strong>Quorum</strong></span> <span class='ocrx_word' id='word_1_789' title='bbox 1271 2247 1340 2274; x_wconf 88' lang='lat' dir='ltr'><strong>alter</strong></span> <span class='ocrx_word' id='word_1_790' title='bbox 1362 2255 1395 2274; x_wconf 92' lang='lat' dir='ltr'><strong>ne</strong></span> <span class='ocrx_word' id='word_1_791' title='bbox 1412 2253 1587 2282; x_wconf 89' lang='lat' dir='ltr'><strong>conspectum</strong></span> <span class='ocrx_word' id='word_1_792' title='bbox 1606 2249 1714 2283; x_wconf 89' lang='lat' dir='ltr'><strong>quidem</strong></span> <span class='ocrx_word' id='word_1_793' title='bbox 1735 2249 1794 2280; x_wconf 84' lang='lat' dir='ltr'><strong>Dei.</strong></span> 
     </span>
    </p>
   </div>
   <div class='ocr_carea' id='block_1_103' title="bbox 1011 2292 1796 2328">
    <p class='ocr_par' dir='ltr' id='par_1_103' title="bbox 1011 2292 1796 2328">
     <span class='ocr_line' id='line_1_103' title="bbox 1011 2292 1796 2328; baseline 0.001 -8"><span class='ocrx_word' id='word_1_794' title='bbox 1011 2301 1058 2328; x_wconf 88' lang='lat' dir='ltr'><strong>per</strong></span> <span class='ocrx_word' id='word_1_795' title='bbox 1081 2293 1225 2328; x_wconf 79' lang='lat' dir='ltr'><strong>imaginem</strong></span> <span class='ocrx_word' id='word_1_796' title='bbox 1248 2292 1298 2327; x_wconf 83' lang='lat' dir='ltr'><strong>ipsi</strong></span> <span class='ocrx_word' id='word_1_797' title='bbox 1321 2294 1500 2327; x_wconf 89' lang='lat' dir='ltr'><strong>ohversantis,</strong></span> <span class='ocrx_word' id='word_1_798' title='bbox 1526 2294 1597 2321; x_wconf 89' lang='lat' dir='ltr'><strong>ferre</strong></span> <span class='ocrx_word' id='word_1_799' title='bbox 1622 2298 1737 2328; x_wconf 87' lang='lat' dir='ltr'><strong>poterat,</strong></span> <span class='ocrx_word' id='word_1_800' title='bbox 1764 2302 1796 2321; x_wconf 90' lang='lat' dir='ltr'><strong>ac</strong></span> 
     </span>
    </p>
   </div>
   <div class='ocr_carea' id='block_1_104' title="bbox 1069 2337 1792 2372">
    <p class='ocr_par' dir='ltr' id='par_1_104' title="bbox 1069 2337 1792 2372">
     <span class='ocr_line' id='line_1_104' title="bbox 1069 2337 1792 2372; baseline -0.003 -7"><span class='ocrx_word' id='word_1_801' title='bbox 1069 2338 1091 2353; x_wconf 79' lang='lat'><strong>‘“</strong></span> <span class='ocrx_word' id='word_1_802' title='bbox 1103 2338 1170 2365; x_wconf 86' lang='lat' dir='ltr'><strong>Gen.</strong></span> <span class='ocrx_word' id='word_1_803' title='bbox 1187 2345 1224 2368; x_wconf 79' lang='lat' dir='ltr'><strong>lx,</strong></span> <span class='ocrx_word' id='word_1_804' title='bbox 1240 2338 1250 2364; x_wconf 86' lang='lat' dir='ltr'><strong>I</strong></span> <span class='ocrx_word' id='word_1_805' title='bbox 1265 2345 1324 2372; x_wconf 85' lang='lat' dir='ltr'><strong>sqq.</strong></span> <span class='ocrx_word' id='word_1_806' title='bbox 1375 2337 1397 2353; x_wconf 71' lang='grc'><strong>⁸⁵</strong></span> <span class='ocrx_word' id='word_1_807' title='bbox 1408 2338 1476 2365; x_wconf 79' lang='lat' dir='ltr'><strong>Gen.</strong></span> <span class='ocrx_word' id='word_1_808' title='bbox 1494 2346 1538 2370; x_wconf 79' lang='lat' dir='ltr'><strong>xv,</strong></span> <span class='ocrx_word' id='word_1_809' title='bbox 1557 2338 1587 2367; x_wconf 78' lang='lat'><strong>6;</strong></span> <span class='ocrx_word' id='word_1_810' title='bbox 1606 2338 1684 2365; x_wconf 73' lang='lat' dir='ltr'><strong>“om.</strong></span> <span class='ocrx_word' id='word_1_811' title='bbox 1706 2347 1742 2370; x_wconf 75' lang='lat' dir='ltr'><strong>tv,</strong></span> 
     </span>
    </p>
   </div>
   <div class='ocr_carea' id='block_1_105' title="bbox 1161 2373 1793 2408">
    <p class='ocr_par' dir='ltr' id='par_1_105' title="bbox 1161 2373 1793 2408">
     <span class='ocr_line' id='line_1_105' title="bbox 1161 2373 1793 2408; baseline 0.002 -9"><span class='ocrx_word' id='word_1_812' title='bbox 1161 2373 1183 2388; x_wconf 79' lang='grc'><strong>⁶⁹</strong></span> <span class='ocrx_word' id='word_1_813' title='bbox 1197 2373 1227 2400; x_wconf 94' lang='lat' dir='ltr'><strong>III</strong></span> <span class='ocrx_word' id='word_1_814' title='bbox 1241 2373 1306 2407; x_wconf 73' lang='lat' dir='ltr'><strong>Heg.</strong></span> <span class='ocrx_word' id='word_1_815' title='bbox 1325 2381 1379 2405; x_wconf 74' lang='lat' dir='ltr'><strong>xtx,</strong></span> <span class='ocrx_word' id='word_1_816' title='bbox 1396 2373 1424 2399; x_wconf 83' lang='grc'><strong>11</strong></span> <span class='ocrx_word' id='word_1_817' title='bbox 1446 2381 1504 2408; x_wconf 89' lang='lat' dir='ltr'><strong>sqq.</strong></span> <span class='ocrx_word' id='word_1_818' title='bbox 1542 2374 1564 2388; x_wconf 77' lang='grc'><strong>⁷⁸</strong></span> <span class='ocrx_word' id='word_1_819' title='bbox 1579 2373 1610 2400; x_wconf 80' lang='lat' dir='ltr'>IV</span> <span class='ocrx_word' id='word_1_820' title='bbox 1623 2373 1688 2408; x_wconf 75' lang='lat' dir='ltr'><strong>Reg.</strong></span> <span class='ocrx_word' id='word_1_821' title='bbox 1703 2381 1734 2404; x_wconf 85' lang='lat' dir='ltr'><strong>tt,</strong></span> <span class='ocrx_word' id='word_1_822' title='bbox 1749 2374 1793 2401; x_wconf 85' lang='lat' dir='ltr'>II.</span> 
     </span>
    </p>
   </div>
   <div class='ocr_carea' id='block_1_106' title="bbox 1013 2430 1790 2466">
    <p class='ocr_par' dir='ltr' id='par_1_106' title="bbox 1013 2430 1790 2466">
     <span class='ocr_line' id='line_1_106' title="bbox 1013 2430 1790 2466; baseline 0 -9"><span class='ocrx_word' id='word_1_823' title='bbox 1013 2440 1022 2457; x_wconf 74' lang='grc' dir='ltr'><strong>ι</strong></span> <span class='ocrx_word' id='word_1_824' title='bbox 1036 2431 1156 2466; x_wconf 78' lang='lat' dir='ltr'><strong>Gregorii</strong></span> <span class='ocrx_word' id='word_1_825' title='bbox 1173 2431 1264 2464; x_wconf 85' lang='lat' dir='ltr'><strong>verba,</strong></span> <span class='ocrx_word' id='word_1_826' title='bbox 1278 2431 1311 2457; x_wconf 89' lang='lat' dir='ltr'><strong>de</strong></span> <span class='ocrx_word' id='word_1_827' title='bbox 1329 2430 1379 2458; x_wconf 88' lang='lat' dir='ltr'><strong>Ioci</strong></span> <span class='ocrx_word' id='word_1_828' title='bbox 1398 2431 1605 2465; x_wconf 88' lang='lat' dir='ltr'><strong>nuncupatione,</strong></span> <span class='ocrx_word' id='word_1_829' title='bbox 1621 2430 1714 2458; x_wconf 84' lang='lat' dir='ltr'><strong>Jacobi</strong></span> <span class='ocrx_word' id='word_1_830' title='bbox 1731 2440 1790 2466; x_wconf 74' lang='lat' dir='ltr'><strong>cum</strong></span> 
     </span>
    </p>
   </div>
   <div class='ocr_carea' id='block_1_107' title="bbox 1010 2464 1791 2499">
    <p class='ocr_par' dir='ltr' id='par_1_107' title="bbox 1010 2464 1791 2499">
     <span class='ocr_line' id='line_1_107' title="bbox 1010 2464 1791 2499; baseline 0.001 -7"><span class='ocrx_word' id='word_1_831' title='bbox 1010 2464 1107 2499; x_wconf 79' lang='lat' dir='ltr'><strong>angelo</strong></span> <span class='ocrx_word' id='word_1_832' title='bbox 1134 2466 1234 2492; x_wconf 83' lang='lat' dir='ltr'><strong>Iuctam</strong></span> <span class='ocrx_word' id='word_1_833' title='bbox 1266 2465 1454 2499; x_wconf 67' lang='lat' dir='ltr'><strong>praecedant.)</strong></span> <span class='ocrx_word' id='word_1_834' title='bbox 1485 2466 1512 2493; x_wconf 85' lang='lat' dir='ltr'><strong>Si</strong></span> <span class='ocrx_word' id='word_1_835' title='bbox 1542 2466 1682 2492; x_wconf 85' lang='lat' dir='ltr'><strong>lectionem</strong></span> <span class='ocrx_word' id='word_1_836' title='bbox 1718 2464 1791 2498; x_wconf 82' lang='grc' dir='ltr'>οἶκος</span> 
     </span>
    </p>
   </div>
   <div class='ocr_carea' id='block_1_108' title="bbox 1009 2500 1791 2536">
    <p class='ocr_par' dir='ltr' id='par_1_108' title="bbox 1009 2500 1791 2536">
     <span class='ocr_line' id='line_1_108' title="bbox 1009 2500 1791 2536; baseline 0.001 -9"><span class='ocrx_word' id='word_1_837' title='bbox 1009 2501 1076 2527; x_wconf 82' lang='grc' dir='ltr'>Θεοῦ</span> <span class='ocrx_word' id='word_1_838' title='bbox 1095 2501 1253 2536; x_wconf 63' lang='grc' dir='ltr'>ρτειιιιιΙοιὶε,</span> <span class='ocrx_word' id='word_1_839' title='bbox 1272 2501 1327 2536; x_wconf 79' lang='lat' dir='ltr'><strong>lege</strong></span> <span class='ocrx_word' id='word_1_840' title='bbox 1340 2501 1412 2536; x_wconf 49' lang='lat' dir='ltr'><strong>Gen:</strong></span> <span class='ocrx_word' id='word_1_841' title='bbox 1422 2508 1516 2532; x_wconf 75' lang='lat' dir='ltr'><strong>xxvnt,</strong></span> <span class='ocrx_word' id='word_1_842' title='bbox 1536 2500 1578 2530; x_wconf 71' lang='lat' dir='ltr'><strong>I2.</strong></span> <span class='ocrx_word' id='word_1_843' title='bbox 1595 2501 1627 2527; x_wconf 84' lang='lat' dir='ltr'>I7</span> <span class='ocrx_word' id='word_1_844' title='bbox 1641 2505 1668 2527; x_wconf 90' lang='lat' dir='ltr'><strong>et</strong></span> <span class='ocrx_word' id='word_1_845' title='bbox 1684 2501 1728 2528; x_wconf 76' lang='grc'><strong>19.</strong></span> <span class='ocrx_word' id='word_1_846' title='bbox 1744 2503 1791 2528; x_wconf 79' lang='lat' dir='ltr'><strong>Sin</strong></span> 
     </span>
    </p>
   </div>
   <div class='ocr_carea' id='block_1_109' title="bbox 1009 2533 1789 2571">
    <p class='ocr_par' dir='ltr' id='par_1_109' title="bbox 1009 2533 1789 2571">
     <span class='ocr_line' id='line_1_109' title="bbox 1009 2533 1789 2571; baseline -0.003 -9"><span class='ocrx_word' id='word_1_847' title='bbox 1009 2533 1120 2562; x_wconf 81' lang='lat' dir='ltr'><strong>alterum</strong></span> <span class='ocrx_word' id='word_1_848' title='bbox 1137 2533 1205 2567; x_wconf 82' lang='grc' dir='ltr'>εἶδος</span> <span class='ocrx_word' id='word_1_849' title='bbox 1220 2533 1307 2566; x_wconf 50' lang='grc' dir='ltr'>Θεοῦ(</span> <span class='ocrx_word' id='word_1_850' title='bbox 1319 2535 1376 2569; x_wconf 78' lang='lat' dir='ltr'><strong>lege</strong></span> <span class='ocrx_word' id='word_1_851' title='bbox 1394 2535 1460 2562; x_wconf 89' lang='lat' dir='ltr'><strong>Gen.</strong></span> <span class='ocrx_word' id='word_1_852' title='bbox 1474 2544 1560 2567; x_wconf 76' lang='lat' dir='ltr'><strong>xxxtt,</strong></span> <span class='ocrx_word' id='word_1_853' title='bbox 1571 2536 1616 2567; x_wconf 70' lang='lat' dir='ltr'><strong>2M,</strong></span> <span class='ocrx_word' id='word_1_854' title='bbox 1627 2535 1671 2562; x_wconf 80' lang='lat'><strong>50.</strong></span> <span class='ocrx_word' id='word_1_855' title='bbox 1681 2537 1708 2562; x_wconf 77' lang='lat' dir='ltr'><strong>Si</strong></span> <span class='ocrx_word' id='word_1_856' title='bbox 1725 2545 1789 2571; x_wconf 68' lang='lat' dir='ltr'><strong>api--</strong></span> 
     </span>
    </p>
   </div>
   <div class='ocr_carea' id='block_1_110' title="bbox 1009 2571 1790 2604">
    <p class='ocr_par' dir='ltr' id='par_1_110' title="bbox 1009 2571 1790 2604">
     <span class='ocr_line' id='line_1_110' title="bbox 1009 2571 1790 2604; baseline 0.001 -6"><span class='ocrx_word' id='word_1_857' title='bbox 1009 2571 1131 2598; x_wconf 81' lang='lat' dir='ltr'><strong>riendum</strong></span> <span class='ocrx_word' id='word_1_858' title='bbox 1149 2571 1185 2597; x_wconf 86' lang='lat' dir='ltr'><strong>sit</strong></span> <span class='ocrx_word' id='word_1_859' title='bbox 1204 2571 1266 2604; x_wconf 84' lang='lat' dir='ltr'><strong>quid</strong></span> <span class='ocrx_word' id='word_1_860' title='bbox 1283 2571 1333 2597; x_wconf 86' lang='lat' dir='ltr'><strong>ttae</strong></span> <span class='ocrx_word' id='word_1_861' title='bbox 1346 2572 1378 2596; x_wconf 85' lang='lat' dir='ltr'><strong>de</strong></span> <span class='ocrx_word' id='word_1_862' title='bbox 1392 2577 1419 2597; x_wconf 90' lang='lat' dir='ltr'><strong>re</strong></span> <span class='ocrx_word' id='word_1_863' title='bbox 1436 2571 1591 2602; x_wconf 82' lang='lat' dir='ltr'><strong>sentiamus,</strong></span> <span class='ocrx_word' id='word_1_864' title='bbox 1609 2572 1697 2604; x_wconf 85' lang='lat' dir='ltr'><strong>aptior</strong></span> <span class='ocrx_word' id='word_1_865' title='bbox 1715 2573 1790 2599; x_wconf 82' lang='lat' dir='ltr'><strong>uoltis</strong></span> 
     </span>
    </p>
   </div>
   <div class='ocr_carea' id='block_1_111' title="bbox 1009 2604 1789 2641">
    <p class='ocr_par' dir='ltr' id='par_1_111' title="bbox 1009 2604 1789 2641">
     <span class='ocr_line' id='line_1_111' title="bbox 1009 2604 1789 2641; baseline 0.001 -9"><span class='ocrx_word' id='word_1_866' title='bbox 1009 2607 1115 2633; x_wconf 86' lang='lat' dir='ltr'><strong>videtur</strong></span> <span class='ocrx_word' id='word_1_867' title='bbox 1128 2606 1206 2632; x_wconf 85' lang='lat' dir='ltr'><strong>lectio</strong></span> <span class='ocrx_word' id='word_1_868' title='bbox 1219 2615 1228 2630; x_wconf 72' lang='grc' dir='ltr'><strong>ε</strong></span> <span class='ocrx_word' id='word_1_869' title='bbox 1241 2604 1324 2641; x_wconf 77' lang='lat' dir='ltr'><strong>facies</strong></span> <span class='ocrx_word' id='word_1_870' title='bbox 1339 2605 1501 2641; x_wconf 61' lang='lat' dir='ltr'><strong>Dcquuam</strong></span> <span class='ocrx_word' id='word_1_871' title='bbox 1519 2607 1629 2632; x_wconf 70' lang='lat' dir='ltr'><strong>«domus</strong></span> <span class='ocrx_word' id='word_1_872' title='bbox 1644 2606 1789 2641; x_wconf 53' lang='lat' dir='ltr'><strong>Deipquia</strong></span> 
     </span>
    </p>
   </div>
   <div class='ocr_carea' id='block_1_112' title="bbox 1007 2640 1598 2674">
    <p class='ocr_par' dir='ltr' id='par_1_112' title="bbox 1007 2640 1598 2674">
     <span class='ocr_line' id='line_1_112' title="bbox 1007 2640 1598 2674; baseline 0 -7"><span class='ocrx_word' id='word_1_873' title='bbox 1007 2641 1052 2668; x_wconf 86' lang='lat' dir='ltr'><strong>hic</strong></span> <span class='ocrx_word' id='word_1_874' title='bbox 1069 2641 1200 2673; x_wconf 78' lang='lat' dir='ltr'><strong>praecipue</strong></span> <span class='ocrx_word' id='word_1_875' title='bbox 1211 2641 1243 2666; x_wconf 82' lang='lat' dir='ltr'><strong>de</strong></span> <span class='ocrx_word' id='word_1_876' title='bbox 1261 2640 1362 2667; x_wconf 85' lang='lat' dir='ltr'><strong>visione</strong></span> <span class='ocrx_word' id='word_1_877' title='bbox 1378 2640 1422 2667; x_wconf 84' lang='lat' dir='ltr'><strong>Dci</strong></span> <span class='ocrx_word' id='word_1_878' title='bbox 1437 2641 1598 2674; x_wconf 89' lang='lat' dir='ltr'><strong>disputautr.</strong></span> 
     </span>
    </p>
   </div>
   <div class='ocr_carea' id='block_1_113' title="bbox 1043 2674 1598 2712">
    <p class='ocr_par' dir='ltr' id='par_1_113' title="bbox 1043 2674 1598 2712">
     <span class='ocr_line' id='line_1_113' title="bbox 1043 2674 1598 2712; baseline -0.002 0"><span class='ocrx_word' id='word_1_879' title='bbox 1043 2674 1081 2712; x_wconf 59' lang='grc' dir='ltr'><strong>(ἵε)</strong></span> <span class='ocrx_word' id='word_1_880' title='bbox 1100 2675 1266 2712; x_wconf 45' lang='lat' dir='ltr'><strong>{armis</strong></span> <span class='ocrx_word' id='word_1_881' title='bbox 1284 2674 1349 2712; x_wconf 54' lang='lat' dir='ltr'><strong>Ras-</strong></span> <span class='ocrx_word' id='word_1_882' title='bbox 1363 2674 1456 2709; x_wconf 65' lang='grc' dir='ltr'><strong>εγω-τ</strong></span> <span class='ocrx_word' id='word_1_883' title='bbox 1473 2676 1598 2712; x_wconf 54' lang='lat' dir='ltr'><strong>mnsit:-</strong></span> 
     </span>
    </p>
   </div>
   <div class='ocr_carea' id='block_1_114' title="bbox 1043 2709 1790 2745">
    <p class='ocr_par' dir='ltr' id='par_1_114' title="bbox 1043 2709 1790 2745">
     <span class='ocr_line' id='line_1_114' title="bbox 1043 2709 1790 2745; baseline 0.003 -10"><span class='ocrx_word' id='word_1_884' title='bbox 1043 2710 1081 2745; x_wconf 69' lang='grc'><strong>(4)</strong></span> <span class='ocrx_word' id='word_1_885' title='bbox 1107 2709 1282 2744; x_wconf 75' lang='grc' dir='ltr'><strong>Ἐχώρησεν.</strong></span> <span class='ocrx_word' id='word_1_886' title='bbox 1306 2709 1363 2737; x_wconf 85' lang='lat' dir='ltr'><strong>Non</strong></span> <span class='ocrx_word' id='word_1_887' title='bbox 1387 2711 1454 2737; x_wconf 85' lang='lat' dir='ltr'><strong>bene</strong></span> <span class='ocrx_word' id='word_1_888' title='bbox 1479 2709 1587 2738; x_wconf 54' lang='lat' dir='ltr'><strong>unum</strong></span> <span class='ocrx_word' id='word_1_889' title='bbox 1604 2711 1688 2738; x_wconf 86' lang='lat' dir='ltr'><strong>oculis</strong></span> <span class='ocrx_word' id='word_1_890' title='bbox 1712 2719 1790 2738; x_wconf 81' lang='lat' dir='ltr'><strong>usur-</strong></span> 
     </span>
    </p>
   </div>
   <div class='ocr_carea' id='block_1_115' title="bbox 1007 2745 1789 2780">
    <p class='ocr_par' dir='ltr' id='par_1_115' title="bbox 1007 2745 1789 2780">
     <span class='ocr_line' id='line_1_115' title="bbox 1007 2745 1789 2780; baseline 0.001 -9"><span class='ocrx_word' id='word_1_891' title='bbox 1007 2751 1099 2780; x_wconf 79' lang='lat' dir='ltr'><strong>passe;</strong></span> <span class='ocrx_word' id='word_1_892' title='bbox 1115 2754 1124 2770; x_wconf 79' lang='grc' dir='ltr'><strong>ι</strong></span> <span class='ocrx_word' id='word_1_893' title='bbox 1142 2753 1190 2771; x_wconf 85' lang='lat' dir='ltr'><strong>nec</strong></span> <span class='ocrx_word' id='word_1_894' title='bbox 1204 2746 1299 2772; x_wconf 89' lang='lat' dir='ltr'><strong>melius</strong></span> <span class='ocrx_word' id='word_1_895' title='bbox 1312 2745 1393 2772; x_wconf 88' lang='lat' dir='ltr'><strong>Leuv.</strong></span> <span class='ocrx_word' id='word_1_896' title='bbox 1410 2754 1419 2770; x_wconf 77' lang='grc' dir='ltr'>ι</span> <span class='ocrx_word' id='word_1_897' title='bbox 1433 2746 1587 2780; x_wconf 88' lang='lat' dir='ltr'><strong>aspiciemlo</strong></span> <span class='ocrx_word' id='word_1_898' title='bbox 1600 2755 1609 2771; x_wconf 84' lang='grc'><strong>›</strong></span> <span class='ocrx_word' id='word_1_899' title='bbox 1625 2747 1789 2780; x_wconf 78' lang='lat' dir='ltr'><strong>p::rcepissc,</strong></span> 
     </span>
    </p>
   </div>
   <div class='ocr_carea' id='block_1_116' title="bbox 1009 2779 1790 2814">
    <p class='ocr_par' dir='ltr' id='par_1_116' title="bbox 1009 2779 1790 2814">
     <span class='ocr_line' id='line_1_116' title="bbox 1009 2779 1790 2814; baseline 0.003 -9"><span class='ocrx_word' id='word_1_900' title='bbox 1009 2779 1089 2814; x_wconf 86' lang='lat' dir='ltr'><strong>quasi</strong></span> <span class='ocrx_word' id='word_1_901' title='bbox 1108 2785 1203 2806; x_wconf 88' lang='lat' dir='ltr'><strong>natura</strong></span> <span class='ocrx_word' id='word_1_902' title='bbox 1227 2780 1315 2807; x_wconf 87' lang='lat' dir='ltr'><strong>divina</strong></span> <span class='ocrx_word' id='word_1_903' title='bbox 1335 2788 1375 2808; x_wconf 88' lang='lat' dir='ltr'><strong>res</strong></span> <span class='ocrx_word' id='word_1_904' title='bbox 1400 2779 1471 2808; x_wconf 80' lang='lat' dir='ltr'><strong>essot</strong></span> <span class='ocrx_word' id='word_1_905' title='bbox 1498 2779 1668 2809; x_wconf 32' lang='lat' dir='ltr'><strong>«oculiSt’ct</strong></span> <span class='ocrx_word' id='word_1_906' title='bbox 1689 2779 1790 2814; x_wconf 73' lang='lat' dir='ltr'><strong>iaspe-</strong></span> 
     </span>
    </p>
   </div>
   <div class='ocr_carea' id='block_1_117' title="bbox 1008 2814 1225 2848">
    <p class='ocr_par' dir='ltr' id='par_1_117' title="bbox 1008 2814 1225 2848">
     <span class='ocr_line' id='line_1_117' title="bbox 1008 2814 1225 2848; baseline -0.009 -4"><span class='ocrx_word' id='word_1_907' title='bbox 1008 2815 1061 2844; x_wconf 86' lang='lat' dir='ltr'><strong>ctui</strong></span> <span class='ocrx_word' id='word_1_908' title='bbox 1072 2824 1081 2841; x_wconf 77' lang='grc' dir='ltr'><strong>ι</strong></span> <span class='ocrx_word' id='word_1_909' title='bbox 1097 2814 1225 2848; x_wconf 81' lang='lat' dir='ltr'><strong>subjecta.</strong></span> 
     </span>
    </p>
   </div>
  </div>
