2049 3131
251 100 284 129 5!
872 102 901 131 s.
922 101 1086 131 GREGORu
1106 102 1281 130 THEOLOGI
1841 101 1877 127 δε

252 160 366 194 proinde
383 160 491 188 dicebat
505 169 512 188 :
525 159 668 195 Periimus,
683 169 761 195 uxor,
781 162 863 190 Deum
877 163 992 191 vidimus
1003 162 1037 196 7‘,

1099 163 1252 197 ραινόμενον
1265 162 1381 198 Χριστὸν
1392 161 1431 197 τῷ
1452 162 1536 197 πλοίῳ
1562 162 1599 197 μὴ
1623 160 1810 196 προσιέμενον,
1832 160 1880 186 καὶ

251 209 381 240 tanquam
405 206 529 234 videlicet
561 207 697 240 homines,
721 215 755 236 ne
780 208 863 236 divini
888 210 996 244 quidem
1012 211 1039 237 in

254 250 372 285 imagine
387 256 559 286 conspectus,
581 253 679 280 nedum
695 258 800 280 natura:
818 254 914 288 ipsius,
927 262 1041 289 capaces

252 295 308 322 sint
325 303 333 321 :
350 295 420 322 alter
435 297 609 330 conspicuum
629 298 712 324 etiam
736 298 874 326 Christum
889 300 913 326 iu
929 300 1042 326 navicu-

254 340 307 367 lam
323 340 467 368 admittere
476 343 626 373 reCusabat,
638 348 718 377 atque
729 344 869 379 ablcg-tbat
880 345 913 371 ".
927 345 1001 378 Quod
1009 353 1041 372 eo

254 393 363 421 quoque
374 387 522 415 mirabilius
533 388 617 415 videri
631 389 718 423 debet,
728 393 798 424 quod
812 391 882 417 idem
897 391 929 418 ad
940 391 1040 419 Christi

254 433 420 467 agnitionem
431 434 512 460 animi
526 435 622 461 ardore
629 435 696 462 alios
703 436 923 471 auteibat,eoque
935 438 1042 466 nomine

255 479 350 506 beatus
358 479 518 513 prtedicalus
528 485 567 507 est
579 481 612 512 ⁷³,
626 489 722 515 resque
732 483 861 509 maximas
876 484 901 510 in
911 484 987 510 fidem
998 492 1042 511 ac-

255 525 337 559 cepit.
348 525 416 558 Quid
433 525 530 553 Isaiam
544 531 570 553 et
582 526 747 554 Ezechielem
759 536 847 555 rerum
864 529 1042 557 maximarum

256 575 434 604 spectatorem
461 572 631 607 reliquosque
650 574 794 608 prophetas
817 576 1044 604 commemorem?

255 613 375 647 Quorum
392 616 460 643 alter
475 616 617 645 Dominum
635 618 774 646 Sabbaoth
801 620 828 646 in
849 621 942 656 gloria:
967 623 1044 650 thro-

256 667 292 687 no
305 661 442 689 sedentem
460 662 526 690 vidit
543 664 576 696 ⁷⁸,
592 671 706 699 eumque
721 673 736 692 a
752 667 887 700 seraphim
906 668 979 695 senis
995 669 1045 697 alis

255 706 375 741 prteditis
389 707 414 734 in
423 709 514 736 orbem
524 709 640 736 cinctum
654 718 684 737 ac
695 710 832 738 laudatum
844 717 872 739 et
884 717 992 744 tectum,
1003 722 1047 741 se-

256 759 309 786 que
319 752 404 786 ipsum
415 754 531 781 carbone
543 760 745 790 perpurgatum,
754 761 834 790 atque
847 757 880 784 ad
892 757 1044 785 obeundum

255 796 404 831 prophetia:
414 805 509 825 munus
516 799 687 826 adornatum.
697 799 772 827 Alter
780 801 931 828 vehiculum
940 810 1047 837 quoque

256 841 304 868 Dei
313 842 345 875 ⁷⁵,
363 843 413 869 hoc
437 847 488 875 est,
511 844 673 872 cherubinos
699 846 838 878 describit,
865 847 1045 882 thronumque
1061 838 1083 865 Β

257 886 324 921 ipsis
346 888 531 919 excelsiorem.
551 897 638 924 eoque
661 889 805 918 sublimius
831 891 1042 926 firmamentum,

258 937 340 968 atque
353 935 462 969 insuper
476 942 549 968 eum,
562 936 608 970 qui
629 936 654 963 in
675 936 846 965 firmamento
869 946 929 965 sese
953 943 1046 967 utcun-

258 987 311 1014 que
322 983 532 1016 conspicandum
551 983 700 1017 przebebat,
713 992 847 1019 vocesque
863 985 945 1012 etiam
960 993 1043 1020 quas-

258 1024 331 1057 dam,
351 1030 378 1052 et
393 1026 518 1060 impetus,
535 1031 616 1061 atque
634 1029 770 1061 actiones;
791 1029 881 1064 idque,
897 1031 953 1057 sive
969 1031 1043 1057 diur-

259 1076 322 1096 num
344 1070 478 1104 quoddam
507 1071 558 1099 hoc
591 1077 747 1107 spectrum,
776 1074 840 1100 solis
864 1075 1043 1103 sanctissimis

259 1114 326 1142 viris
345 1116 503 1150 spectabile,
528 1118 586 1144 sive
609 1117 720 1145 minime
745 1118 826 1146 fallax
852 1120 939 1147 noctis
963 1121 1042 1152 visio.

257 1160 317 1188 sive
334 1163 431 1196 praevia
451 1163 572 1197 quaedam
598 1165 698 1192 mentis
713 1165 865 1200 impressio,
882 1165 969 1192 futura
985 1171 1044 1193 tau-

258 1215 338 1241 quam
359 1211 502 1243 prwseutia
526 1211 669 1242 exhibens,
688 1211 744 1238 sive
760 1219 888 1238 arcanum
911 1213 1043 1246 quoddam

259 1254 334 1281 aliud
355 1256 502 1289 prophetia:
525 1264 619 1291 genus,
648 1258 739 1284 dicere
759 1265 881 1292 nequeo;
900 1259 973 1284 novit
995 1259 1045 1286 hoc

1089 208 1134 234 διὰ
1145 207 1224 234 τοῦτο
1240 208 1480 244 ἀποπεμπόμενον·
1494 209 1613 242 καίτοιγε
1634 207 1797 243 θερμότερος
1825 206 1880 232 τῶν

1091 253 1177 280 ἄλλων
1194 254 1233 285 εὶς
1249 254 1396 288 ἐπίγνωσιν
1410 253 1526 289 Χριστοῦ
1552 253 1664 289 Πέτρος,
1681 253 1728 278 καὶ
1744 252 1787 278 διὰ
1802 251 1881 277 τοῦτο

1093 299 1320 335 μακαριζόμενος,
1348 301 1395 327 καὶ
1420 300 1454 326 τὰ
1475 301 1590 335 μέγιστα
1617 299 1822 334 πιστευόμενος.
1847 297 1880 323 Τί

1091 345 1113 371 δ’
1129 345 1160 372 ἂν
1175 346 1261 377 εἴποις
1276 346 1339 381 περὶ
1360 346 1482 378 Ἡσαΐου,
1496 346 1542 372 καὶ
1557 344 1685 380 Ἰεζεχιὴλ
1703 344 1749 370 τοῦ
1764 343 1817 370 τῶν
1833 351 1881 378 με-

1091 390 1190 424 γίστων
1214 391 1404 421 ὲπόπτου,κα“ι
1422 390 1477 417 τῶν
1504 390 1605 417 λοιπῶν
1619 389 1780 425 προφητῶνς
1803 385 1839 414 ὦν
1866 389 1881 414 ὀ

1094 437 1142 471 μὲν
1155 437 1198 462 τὸν
1215 437 1317 471 Κύριον
1331 435 1460 463 Σαϐϐαὼο
1475 436 1511 471 (5)
1526 434 1577 462 εἶδε
1594 435 1745 471 καθήμενον
1762 435 1807 461 ἐπὶ
1820 433 1882 469 θρό-

1093 489 1138 507 νου
1153 480 1240 516 δόξης,
1269 480 1317 507 καὶ
1339 480 1431 507 τοῦτον
1451 481 1503 507 ὑπὸ
1521 480 1575 507 τῶν
1593 480 1782 516 ἑξαπτερύγων
1802 487 1883 515 σερα-

1094 527 1145 561 φὶμ
1167 526 1360 562 κυκλούμενον,
1383 527 1430 553 καὶ
1449 526 1619 561 αί-ιούμενον,
1639 526 1686 552 καὶ
1709 525 1883 561 ἀποκρυπτό-

1096 581 1174 608 μενον
1191 572 1240 606 (6),
1253 572 1347 598 ἑαυτόν
1362 581 1391 598 τε
1404 572 1441 608 τῷ
1472 572 1588 608 ἄνθρακι
1609 571 1815 608 καθαιρόμενον,
1835 571 1884 598 καὶ

1094 618 1163 653 πρὸς
1177 618 1225 654 τὴν
1250 618 1419 654 προφητείαν
1437 618 1674 653 καταρτιζόμενον·
1699 619 1712 644 ὁ
1732 618 1759 643 δὲ
1783 617 1830 644 καὶ
1852 616 1883 643 τδ

1095 664 1185 699 ὄχημα
1209 664 1254 690 τοῦ
1278 664 1345 690 Θεοῦ
1371 664 1404 690 τὰ
1429 664 1562 699 χερουϐὶμ
1586 663 1746 699 διαγράφει,
1771 663 1882 690 καὶτὸν

1096 709 1165 744 ὑπὲρ
1193 709 1282 735 αὐτῶν
1306 709 1353 743 (6⁸)
1372 708 1476 744 θρόνον,
1505 710 1552 736 καὶ
1565 710 1594 736 τι
1618 709 1686 745 ὑπὲρ
1716 708 1797 735 αὐτοῦ
1823 717 1883 735 στε-

1097 754 1201 789 ρέωμα,
1230 755 1276 781 καὶ
1297 755 1342 781 τὸν
1364 755 1391 780 ἐν
1409 754 1448 791 τῷ
1474 755 1644 791 στερεώματι
1669 754 1882 790 φανταζόμενον.

1097 801 1144 827 καὶ
1171 800 1262 835 φωνὰς
1279 801 1310 835 δή
1333 810 1419 833 τινας,
1446 801 1492 828 καὶ
1522 801 1620 837 ὁρμὰς,
1637 801 1682 828 καὶ
1703 801 1814 836 πράξεις
1830 799 1882 835 (7)·

1097 849 1144 874 καὶ
1161 848 1259 879 ταῦτα,
1285 850 1339 875 εἴτε
1369 850 1504 884 φαντασία
1527 859 1569 882 τις
1584 848 1617 886 ἦν
1644 850 1770 886 ήμερινὴ,
1794 850 1884 885 μόνοις

1097 894 1220 929 θεωρητὴ
1235 895 1290 926 τοῖς
1306 894 1403 928 ἁγίοις,
1420 895 1475 921 εἴτε
1490 896 1584 927 νυκτὸς
1600 895 1716 930 ἀψευδὴς
1738 896 1808 930 seu,
1828 895 1884 922 εἴτε

1097 939 1142 966 τοῦ
1155 941 1318 975 ἡγεμονιχοῦ
1333 941 1455 973 τύπωσις
1473 942 1655 977 συγγενομένη
1673 942 1710 975 (8)
1735 943 1791 973 τοῖς
1818 941 1886 976 μὲλ-

1097 985 1186 1012 λουσιν
1209 987 1247 1017 ὡς
1262 988 1405 1022 παροῦσιν,
1423 987 1478 1013 εἴτε
1502 996 1529 1014 τι
1544 987 1607 1014 ἄλλο
1629 987 1796 1023 προφητείας
1816 985 1885 1019 εἶδος

1096 1032 1260 1066 ἀπόρρητον,
1280 1033 1329 1058 οὐκ
1347 1032 1400 1068 ἔχω
1412 1033 1511 1067 λέγειν’
1529 1033 1584 1060 ἀλλ’
1602 1031 1670 1059 οἶδεν
1682 1034 1697 1060 ὁ
1711 1032 1765 1059 τῶν
1781 1040 1888 1068 προφη-

1095 1078 1149 1104 τῶν
1164 1077 1240 1109 Θεὸς,
1257 1078 1304 1104 καὶ
1317 1079 1342 1105 οἱ
1356 1078 1389 1105 τὰ
1400 1078 1510 1105 τοιαῦτα
1520 1079 1719 1114 ὲνεργούμενοι.
1736 1078 1808 1114 Πλὴν
1822 1077 1885 1104 οὔτε

1097 1121 1168 1150 οὗτοι
1191 1124 1254 1159 περὶ
1279 1120 1317 1150 ὧν
1344 1125 1358 1151 ό
1388 1124 1475 1158 λόγος,
1497 1123 1559 1150 οὕτε
1583 1133 1624 1156 τις
1652 1124 1728 1156 ἄλλος
1746 1124 1799 1150 τῶν
1826 1124 1886 1150 κατ’

1098 1168 1196 1199 αὐτοὺς
1223 1168 1271 1203 (9),
1301 1168 1365 1204 ἔστη
1393 1169 1421 1195 ἐν
1447 1169 1620 1204 ὑποστήματι
1646 1168 1701 1204 (11))
1728 1169 1777 1196 καὶ
1807 1167 1888 1203 οὐσίᾳ.

1098 1215 1212 1250 Κυρίου,
1227 1214 1297 1241 κατὰ
1313 1215 1344 1241 τὸ
1370 1215 1574 1251 γεγραμμένον,
1600 1215 1660 1241 οὐδὲ
1678 1214 1745 1241 Θεοῦ
1771 1215 1851 1249 φύσιν
1868 1214 1886 1249 ἢ

1098 1258 1166 1286 εἶδεν
1180 1259 1196 1294 ἦ
1220 1259 1408 1295 ἐξηγόρευε-εν.

257 1301 451 1336 prophetarum
465 1301 546 1334 Deus,
563 1307 589 1330 et
601 1303 648 1337 qui
670 1303 821 1338 huiusmodi
852 1303 985 1331 afﬂatibus
1020 1305 1165 1338 agitantur.
1197 1305 1328 1332 Caeterum
1343 1313 1428 1338 neque
1460 1305 1497 1337 lti,
1511 1305 1544 1331 de
1558 1304 1655 1339 quibus
1670 1304 1773 1338 loquor,
1802 1301 1888 1338 nequ8

259 1349 401 1384 quisquam
428 1349 496 1376 alius
516 1350 637 1385 ejusdem
659 1352 772 1383 ordinis,
793 1352 820 1378 in
843 1352 991 1379 substantia
1012 1357 1039 1379 et
1058 1353 1175 1380 essentia
1192 1353 1308 1385 Domini,
1330 1357 1359 1379 ut
1387 1351 1526 1387 Scriptura
1543 1351 1661 1387 loquitur
1681 1351 1718 1384 ⁷⁵,
1734 1350 1819 1383 stetit,
1837 1358 1889 1378 nec

265 1395 312 1423 Dei
334 1400 469 1430 naturam,
487 1401 534 1423 aut
553 1397 631 1429 vidit,
647 1402 694 1424 aut
713 1396 773 1424 aliis
798 1398 916 1432 prodidit
929 1402 955 1425 et
969 1397 1107 1433 patefecit.

296 1442 356 1470 XX.
373 1442 451 1476 Quod
474 1443 496 1470 si
520 1442 604 1470 Paulo
628 1451 671 1476 ea,
692 1451 752 1477 qua:
775 1444 883 1471 tertium
904 1445 1001 1471 malum
1010 1445 1044 1477 ⁷⁷,

1132 1445 1174 1472 Κ’.
1197 1444 1296 1480 Παύλῳ
1325 1444 1364 1476 δὲ,
1384 1444 1409 1471 εἰ
1438 1443 1488 1479 μὲν
1521 1442 1626 1478 εκφορὰ
1657 1441 1712 1477 (11)
1742 1439 1778 1477 ἦν
1809 1441 1883 1477 ἅπερ

260 1493 342 1523 atque
360 1489 394 1516 ad
416 1488 482 1516 illud
501 1496 587 1523 usque
607 1489 773 1523 progressio,
792 1490 834 1516 vel
851 1491 986 1522 ascensio,
1003 1491 1044 1518 vel

261 1535 410 1570 assumptio
436 1535 568 1567 exhibuit,
585 1535 746 1562 mortalibus
764 1536 893 1570 evulgare
915 1536 1046 1570 licuisset,

261 1581 377 1615 amplius
390 1581 517 1615 quiddam
533 1580 611 1616 511
630 1580 748 1609 fortasse
761 1582 793 1609 de
806 1582 861 1609 Deo
877 1583 1048 1617 cognovisse-

263 1635 333 1659 mus,
347 1627 370 1654 si
383 1626 461 1654 tnodo
477 1635 576 1654 arcana
591 1628 647 1655 haec
661 1635 741 1655 causa
757 1632 826 1660 erat,
841 1635 889 1655 cur
908 1629 933 1655 in
949 1628 1046 1655 ccclum

260 1677 414 1707 raperetur.
430 1673 561 1706 Quoniam
583 1678 673 1700 autem
689 1674 747 1701 htcc
762 1674 786 1701 ei
804 1674 830 1701 in
846 1674 940 1708 vulgus
952 1674 1048 1701 efferre

263 1719 340 1746 nefas
363 1725 433 1752 erat,
456 1719 588 1747 faciamus
612 1727 660 1747 nos
690 1727 807 1754 quoque,
827 1725 856 1746 ut
885 1728 916 1747 ea
940 1720 1048 1748 silentio

263 1766 493 1793 commendemus.
510 1766 597 1800 Atque
612 1767 663 1792 hoc
683 1767 813 1792 duntaxat
833 1766 943 1792 Paulum
955 1766 1048 1792 dicen-

265 1816 319 1838 tem
336 1811 477 1838 audiamus
492 1821 499 1838 :
517 1811 560 1838 Ea:
581 1816 655 1846 parte
674 1813 863 1846 cognoscimus,
879 1819 902 1839 el
925 1821 957 1839 ex
976 1817 1049 1846 parte

264 1857 490 1891 prop/tetamus".
520 1857 592 1890 Haec,
617 1863 700 1892 atque
726 1858 859 1893 ejusmodi
886 1858 964 1885 fateri
996 1866 1048 1885 non

265 1904 369 1931 dubitat
396 1904 441 1931 ille
474 1904 587 1931 scientia
617 1911 788 1939 nequaquam
821 1905 980 1938 imperitus,
1005 1905 1049 1932 ille

264 1950 478 1984 experimentum
511 1957 540 1976 se
577 1949 702 1976 daturum
753 1949 882 1976 minitans
915 1950 1049 1985 loquentis

265 1995 293 2021 in
321 2002 351 2021 se
374 1994 494 2027 Christi,
530 2002 661 2027 magnus,
698 1995 826 2029 inquam,
853 1995 898 2022 ille
926 1995 1050 2022 veritatis

269 2044 456 2075 propugnator
482 2046 510 2067 et
543 2041 646 2068 doctor.
681 2040 772 2075 quue
803 2043 912 2069 nomine
942 2049 1049 2068 omnem

265 2094 371 2121 quoque
384 2087 528 2113 humanam
544 2094 574 2112 ac
590 2090 725 2114 terrenam
737 2087 877 2114 scientiam
889 2087 954 2114 nihil
969 2095 1050 2122 supra

1099 1491 1177 1527 ἔσχεν
1203 1491 1258 1526 (12)
1271 1492 1285 1517 ὁ
1308 1490 1398 1526 τρίτος
1418 1489 1541 1526 οὐρανὸς,
1560 1489 1608 1515 καὶ
1628 1489 1644 1523 ὴ
1670 1487 1766 1523 μέγρις
1783 1487 1888 1514 ἐκείνου

1100 1536 1220 1572 πρόοδος,
1235 1536 1252 1571 ἢ
1280 1535 1421 1567 ἀνάϐασις,
1440 1535 1456 1570 ἢ
1482 1534 1625 1568 ἀνάληψις,
1643 1532 1712 1568 τάχα
1729 1531 1761 1559 ἄν
1775 1541 1800 1557 τι
1824 1533 1890 1568 περὶ

1100 1582 1168 1609 Θεοῦ
1186 1582 1265 1608 πλέον
1293 1581 1426 1616 ἔγνωμεν,
1445 1580 1524 1615 εἴπερ
1546 1579 1625 1605 τοῦτο
1641 1576 1674 1614 ἦν
1689 1578 1719 1605 τὸ
1734 1578 1782 1613 τῆς
1797 1578 1888 1613 ἁρπα-

1101 1629 1151 1664 γῆς
1169 1628 1324 1664 μυστήριον·
1346 1628 1405 1653 ἐπεὶ
1422 1627 1450 1653 δὲ
1465 1627 1572 1662 ἄρρητα
1588 1624 1632 1661 ἦν,
1645 1625 1693 1652 καὶ
1708 1626 1774 1660 ἡμῖν
1799 1625 1887 1660 σιωπῇ

1101 1674 1234 1709 τιμάσθω.
1251 1673 1384 1700 Τοσοῦτον
1396 1673 1424 1699 δὲ
1438 1672 1598 1707 ἀκούσωμεν
1614 1670 1696 1699 αὑτοῦ
1723 1670 1829 1697 Παύλου
1843 1670 1889 1696 λέ-

1101 1730 1204 1755 γοντος,
1224 1721 1264 1746 ὅτι
1273 1722 1322 1747 Ἐκ
1333 1719 1443 1754 μέρους
1457 1717 1652 1754 γινώσκομεν,
1665 1717 1714 1744 καὶ
1726 1717 1760 1743 ἐκ
1778 1716 1889 1751 μέρους

1101 1767 1336 1801 προφητεύομεν.
1359 1766 1460 1796 Ταῦτα,
1485 1765 1531 1790 καὶ
1547 1764 1581 1790 τὰ
1604 1763 1715 1790 τοιαῦτα
1730 1763 1855 1798 ὁμολογεῖ
1875 1763 1889 1789 ὁ

1104 1813 1141 1848 μὴ
1158 1812 1265 1846 ἰδιώτης
1289 1812 1338 1847 τὴν
1355 1812 1466 1846 γνῶσιν,
1489 1812 1503 1837 ὁ
1524 1810 1637 1846 δοκιμὴν
1654 1809 1772 1836 ἀπειλῶν
1794 1808 1840 1834 τοῦ
1859 1808 1888 1833 ὲν

1102 1859 1176 1894 αὐτῷ
1207 1858 1350 1889 λαλοῦντος
1379 1857 1508 1892 Χριστοῦ,
1539 1858 1552 1883 ό
1579 1856 1665 1892 μέγας
1688 1855 1738 1888 τῆς
1762 1853 1888 1889 ἀληθείας

1103 1904 1320 1940 προαγωνιστὴς,
1340 1903 1388 1931 καὶ
1414 1903 1581 1934 διδάσκαλος.
1601 1901 1646 1928 Διὸ
1665 1901 1711 1927 καὶ
1728 1901 1783 1934 (15)
1800 1900 1889 1926 πᾶσαν

1102 1950 1151 1986 τὴν
1172 1951 1246 1977 κάτω
1265 1950 1365 1984 γνῶσιν
1390 1949 1466 1976 οὐδὲν
1485 1949 1556 1984 ὑπὲρ
1583 1947 1617 1974 τὰ
1636 1947 1755 1981 ἔσοπτρα
1779 1946 1826 1972 καὶ
1854 1946 1888 1972 τὰ

1103 1996 1251 2031 αἰνίγματα
1280 1995 1392 2027 τίθεται,
1421 1995 1458 2026 ὠς
1489 1995 1518 2020 ὲν
1550 1994 1656 2029 μικροῖς
1682 1993 1730 2027 τῆς
1760 1991 1890 2026 ἀληθείας

1105 2041 1250 2076 ἱσταμένην
1276 2041 1441 2075 ἰνδάλμασιν.
1461 2039 1490 2065 Εἰ
1510 2039 1538 2066 δὲ
1557 2039 1594 2073 μὴ
1616 2037 1674 2063 λίαν
1690 2036 1759 2063 δοχῶ
1774 2045 1828 2062 τισι
1839 2044 1888 2061 πεν-

1105 2087 1194 2123 ριττὸς
1206 2087 1252 2114 καὶ
1267 2086 1411 2122 περίεργος
1425 2085 1459 2112 τὰ
1471 2085 1582 2111 τοιαῦτα
1595 2083 1737 2117 ἐξετάζων,
1750 2083 1809 2109 οὐδὲ
1823 2081 1888 2109 ἄλλα

265 2131 375 2165 specula
402 2135 428 2157 et
452 2131 629 2166 mnigtnala"
657 2139 717 2159 esse
744 2132 848 2164 statuit,
874 2137 966 2166 utpote
993 2140 1048 2167 quae

1104 2133 1165 2160 τινὰ
1180 2132 1287 2167 τυχὺνῆ
1305 2132 1391 2158 ταῦτα
1404 2129 1450 2166 ἦν,
1474 2130 1492 2158 ἃ
1509 2131 1546 2165 μὴ
1572 2129 1700 2156 δύνασθαι
1725 2128 1771 2155 νῦν
1795 2128 1890 2164 βαστα-

319 2221 340 2236 ⁷¹
352 2220 441 2248 Judie.
457 2229 515 2253 xui,
528 2223 573 2249 Ἠ.

612 2222 633 2238 ⁷³
645 2221 708 2248 Luc.
727 2230 752 2254 v,
768 2221 793 2248 8.

350 2256 406 2284 ⁷⁷11
418 2256 480 2284 Cor.
501 2265 551 2290 xu,
572 2257 599 2284 2.

266 2255 313 2284 18.
350 2256 406 2284 ⁷⁷11
418 2256 480 2284 Cor.
501 2265 551 2289 xu,
572 2257 599 2284 2.
650 2257 693 2283 "1
708 2256 770 2285 Cur.
788 2265 847 2289 xttt,
863 2257 890 2284 9.

303 2335 343 2370 (5)
362 2334 511 2362 Σαϐϐαώθ.
528 2335 595 2370 Reg.
611 2335 667 2366 hm,
681 2341 707 2362 et
722 2335 768 2362 Ot'.
784 2336 809 2367 1,
827 2335 950 2362 Σαϐαὼθ.

303 2371 342 2406 (6)
368 2371 653 2405 Ἀποκρυπτόμενον.
669 2370 746 2398 Colb.
760 2371 770 2398 1
787 2376 814 2398 et
834 2371 882 2398 0r.
896 2372 921 2404 1,
939 2370 1057 2406 κρυπτό-

268 2414 350 2442 μενον

304 2441 354 2502 (θ’)
381 2442 464 2475 ’Υπερ
475 2440 584 2469 αὐτῶν.
599 2440 665 2474 Reg.
678 2440 771 2475 Cypr.,
783 2440 854 2476 ὑπὲρ
871 2441 963 2468 αὑτοῦ.
977 2441 1058 2468 Com-

318 2496 325 2502 .
350 2481 425 2502 nutat
452 2477 602 2502 legendum.
627 2476 697 2502 ὑπὲρ
717 2475 791 2502 αὑτό.
817 2484 921 2502 nemne.
947 2477 1056 2502 ὖνπιια.

268 2475 325 2504 bef.
345 2475 425 2510 putat
452 2476 697 2512 legendumpbn‘sp
717 2475 791 2512 αὑτό,
817 2475 921 2510 ueinpe.
947 2477 1056 2512 ὄχημα,

269 2512 337 2537 sicut
350 2516 377 2538 et
396 2519 456 2538 mox
470 2519 517 2545 pro
530 2511 558 2537 τὸ
572 2511 642 2546 ὑπὲρ
657 2511 749 2537 αὑτοῦ.
765 2516 856 2538 censet
873 2511 1056 2544 scribendum,

268 2546 340 2581 ὑπὲρ
355 2547 447 2575 αὐτόν,
460 2547 571 2578 scilicet,
585 2546 689 2581 Θρόνον.

306 2582 344 2616 (7)
365 2581 501 2614 Πράξεις.
514 2582 588 2612 Pan,
603 2581 704 2614 τάξεις,
720 2590 728 2606 ι
742 2581 860 2608 ordines.
871 2591 880 2607 ι

305 2617 344 2650 (8)
365 2616 580 2650 Συγγειθομέιη.
598 2617 642 2644 0r.
658 2617 683 2648 1,
701 2616 909 2650 συγγενομένου.

308 2652 345 2687 (9)
365 2653 433 2678 Κατ’
448 2652 566 2684 αὐτούς.
588 2653 643 2678 Duo
659 2651 741 2685 ltegg.
754 2657 780 2678 et
794 2653 840 2678 0r.
856 2652 880 2684 1,
902 2651 972 2677 κατὰ
995 2650 1056 2677 τούς

270 2695 344 2717 1ιςους.
390 2712 395 2714 γ

308 2722 364 2757 (10)
390 2721 437 2747 Ἐν
465 2721 664 2755 ὑποστήματι.
683 2722 738 2748 Vox
762 2726 803 2748 est
825 2720 949 2757 Ieremm
973 2727 1053 2757 xxi",

273 2755 319 2789 18,
336 2757 378 2783 cui
408 2757 544 2791 subiungit
566 2757 724 2791 Gregorius,
752 2756 798 2782 καὶ
825 2755 914 2791 οὐσίᾳ,
936 2755 1056 2789 explica-

271 2793 354 2819 tionis
371 2799 463 2822 causa,
477 2792 552 2826 quasi
568 2799 617 2817 vox
635 2792 677 2818 illa
699 2801 708 2816 ι
720 2791 873 2823 essentiam,
887 2800 895 2816 ι
914 2791 971 2826 sive
990 2800 999 2816 ι
1012 2797 1057 2826 ιιιις

274 2831 366 2855 turam
384 2827 429 2855 Dei
442 2835 451 2852 ι
471 2824 615 2862 signiticet,
636 2827 708 2862 quod
729 2835 744 2854 ιι
765 2833 827 2855 vero
847 2833 928 2854 sensu
952 2824 1056 2861 longius

833 2222 855 2238 ⁷⁸
869 2222 962 2249 Matth.
980 2230 1034 2254 va,
1048 2223 1090 2249 17.

833 2265 847 2285 I.
863 2257 890 2284 9.
936 2258 958 2273 ⁷³
973 2258 1036 2285 ibid.
1058 2258 1092 2285 12

973 2262 1036 2285 ibtd.
1058 2262 1103 2285 ‘12.

1140 2208 1217 2257 ‘Isa.
1232 2231 1267 2256 γι,
1286 2222 1312 2248 1,
1349 2221 1372 2237 ⁷⁵
1388 2221 1484 2248 Ezccn.
1500 2228 1520 2249 ι.
1535 2223 1552 2247 4
1567 2227 1641 2255 seqq.
1654 2219 1677 2236 ⁷⁸
1691 2219 1791 2248 Jcrem.
1809 2228 1888 2254 xxut,

1113 2337 1198 2363 abest.
1225 2336 1282 2362 Vox
1307 2335 1378 2362 enim
1402 2334 1512 2361 Hebraea
1540 2333 1663 2361 Ieremia:
1691 2341 1700 2358 ι
1721 2331 1860 2359 consilium
1877 2340 1887 2356 ι

1110 2377 1198 2398 sonat.
1215 2370 1283 2397 llinc
1299 2369 1416 2406 Vulgata
1427 2375 1500 2406 recte
1515 2369 1622 2406 reddit:
1642 2377 1651 2393 ι
1666 2367 1816 2406 Quis_cnim
1840 2367 1889 2406 ad-

1111 2406 1162 2433 fuit
1184 2406 1296 2433 consilio
1314 2402 1438 2442 Doinini?
1453 2414 1462 2431 ι
1484 2404 1658 2442 septuaginta
1680 2409 1707 2430 et
1724 2402 1888 2442 Theodotiou

1109 2441 1329 2475 interpretantur,
1350 2450 1358 2466 ι
1377 2440 1572 2471 substantiam,
1588 2447 1672 2475 [seu
1708 2438 1889 2475 (subsisten-

1111 2473 1190 2508 tiam‘;
1203 2486 1212 2502 ι
1229 2477 1336 2511 Aquila,
1353 2484 1363 2501 ι
1377 2479 1520 2506 secretum,
1532 2485 1540 2500 ι
1559 2481 1585 2511 et
1601 2473 1792 2511 Symmachus._
1809 2481 1818 2497 ι
1832 2479 1889 2498 ser-

1111 2507 1378 2539 tnoneth'Vcrum
1409 2517 1488 2537 voces
1515 2507 1659 2547 ῥπόστημα
1689 2514 1715 2535 et
1741 2507 1889 2547 ὑπόστασις

1111 2551 1186 2574 recte
1210 2547 1277 2573 verti
1296 2550 1416 2581 possunt,
1437 2555 1446 2571 ι
1461 2545 1557 2582 statio):
1575 2550 1601 2571 et
1619 2551 1813 2582 «consessus,»
1836 2545 1888 2582 sic-

1111 2589 1163 2615 que
1190 2578 1303 2616 propius
1329 2581 1484 2609 accederent
1517 2581 1550 2607 ad
1575 2580 1719 2615 genuinum
1752 2578 1888 2605 Hebraica:

1106 2617 1179 2643 vocis
1195 2624 1314 2644 sensum.

1142 2653 1197 2686 111)
1227 2651 1364 2686 Ἐκφορά.
1396 2650 1550 2686 Legendum
1590 2649 1695 2676 videtur
1731 2655 1807 2680 esse,
1841 2646 1886 2675 ἕκ-

1104 2693 1184 2722 φορα.
1200 2687 1279 2714 Ευιτ.

1142 2718 1197 2755 (12)
1220 2723 1341 2756 Ἔσχεν.
1356 2720 1438 2748 Coisl.
1450 2720 1476 2752 5,
1494 2719 1639 2756 παρέσχεν,
1658 2728 1667 2745 ε
1678 2718 1810 2750 exhibuit.
1825 2724 1888 2754 supv

1104 2757 1242 2792 peditavit.
1257 2766 1266 2782 ›
1287 2757 1345 2784 Bill.
1361 2764 1368 2792 ς
1387 2765 1396 2782 ‹
1410 2756 1538 2792 continet.
1552 2765 1561 2781 ι

1141 2791 1196 2828 (15)
1215 2792 1263 2820 Διὸ
1282 2792 1341 2819 καί.
1358 2791 1422 2827 Reg.
1435 2798 1450 2818 a
1464 2796 1492 2819 et.
1504 2791 1556 2819 duo
1569 2789 1656 2824 Colb.,
1668 2789 1681 2817 ὃ
1694 2790 1750 2817 καί.
