2049 3131
183 133 217 160 57
676 135 807 164 onmo
827 136 947 165 xxvm.
966 154 1001 158 _
1020 124 1243 165 TIIEOIDGICA
1263 137 1297 165 ιι.
1773 135 1809 164 58

181 192 220 227 τῷ
233 191 385 227 βούλεσθαι.
412 193 459 219 καὶ
477 192 544 228 ὁμοῦ
559 193 734 230 κινουμένης,
759 195 807 221 καὶ
820 196 902 222 ταυτὸ
914 196 958 231 (52

1021 195 1241 230 distinguantur,
1264 193 1419 229 praecellant
1444 198 1471 220 ct
1499 192 1630 227 dignitate
1667 191 1809 220 inferiores

182 237 221 273 τῷ
237 237 277 264 νοῒ
291 238 459 274 πασχούσης.
475 239 552 265 Μετὰ
564 240 618 275 γὰρ
638 240 685 266 τοῦ
700 241 758 267 ἴσου
774 242 884 277 τάχους,
899 243 970 269 ἐκεῖ-

182 284 225 316 νός
241 292 271 310 τε
286 284 413 319 μίγνυται
424 286 480 317 τοῖς
505 286 670 320 νοουμένοις,
684 287 732 313 καὶ
746 287 816 322 αὕτη
831 289 887 320 τοῖς
898 289 969 324 ὁρω-

184 330 285 365 μένοις.
302 329 391 356 Πολλὰ
406 331 471 366 περὶ
490 331 543 357 τῶν
558 331 645 359 ἄλλων
660 333 823 369 αἰσθήσεων,
839 333 866 360 αἳ
882 342 970 370 παρα-

180 376 255 411 δοχαὶ
267 377 338 407 τινές
355 377 407 402 εἰσι
429 376 483 403 τῶν
504 377 613 409 ἔξωθεν,
642 378 713 414 λόγῳ
728 379 783 414 (55)
798 379 836 415 μὴ
852 379 970 416 οεωροὺ-

183 430 273 456 μεναι.
296 421 383 448 Πολλὰ
399 421 463 457 περὶ
480 422 530 457 τῆς
557 423 586 448 ὲν
599 422 694 455 ὕπνοις
713 424 904 456 ἀναπαύσεως,
921 426 969 452 καὶ

181 467 230 501 τῆς
246 466 279 492 δι’
293 467 438 501 ὀνειράτων
465 467 651 500 ἀνακλάσεως,
674 470 783 504 μνήμης
798 477 828 494 τε
842 470 889 496 καὶ
905 469 970 496 ἁνα-

183 513 316 547 μνήσεως,
330 512 459 547 λογισμοῦ
480 521 509 539 τε
523 514 569 539 καὶ
582 513 679 548 θυμοῦ,
703 515 748 541 καὶ¹
764 515 892 549 ἐφέσεως,
922 516 970 542 καὶ

181 558 320 593 συντόμως
331 559 427 591 εἰπεῖν,
445 559 515 591 ὅσοις
526 560 539 586 ὁ
551 560 648 595 μικρὸς
655 558 731 592 οὗτος
746 561 847 596 κόσμος
861 562 970 588 διοικεῖ-

178 610 235 634 ται,
246 604 260 629 ὁ
274 603 424 639 ἄνθρωπος.

1021 243 1087 273 sint,
1106 242 1233 268 uniantur
1247 246 1274 267 et
1288 240 1488 272 distrahantur,
1501 239 1657 266 contineant
1678 243 1704 265 et
1717 239 1807 265 conti-

1022 292 1146 315 neantur.
1160 287 1240 314 Multa
1252 287 1333 314 etiam
1344 287 1376 313 de
1390 286 1501 312 vocibus
1512 289 1538 312 et
1550 285 1643 312 auditu
1658 293 1665 311 :
1681 284 1808 311 nimirum

1021 335 1157 370 qttomodo
1178 335 1228 362 illa:
1249 341 1298 369 per
1317 333 1419 360 vocalia
1442 332 1619 359 instrumenta
1639 331 1807 363 deferantur.

1022 381 1066 407 hic
1085 388 1150 408 vero
1177 387 1223 407 cas
1241 379 1369 414 excipiat,
1386 386 1418 405 ac
1432 385 1479 413 per
1495 378 1647 405 intermedii
1664 378 1736 405 aeris
1750 385 1810 412 per-

1020 427 1174 454 cussionem
1190 432 1271 461 atque
1289 425 1494 460 impressionem
1515 424 1585 451 inter
1600 431 1629 451 se
1647 424 1807 458 jnngantnr.

1024 472 1105 499 Multa
1127 474 1189 499 item
1207 473 1240 499 de
1257 471 1353 502 oculis,
1375 471 1419 505 qui
1446 469 1525 496 modo
1539 471 1655 504 quodam
1677 468 1807 496 inell'abili

1023 527 1083 545 cum
1099 519 1132 547 iis
1148 519 1235 550 rebus,
1246 525 1313 552 quas
1325 517 1471 548 cernimus,
1487 517 1677 544 commercium
1696 515 1806 546 habent.

1024 571 1056 591 ac
1072 564 1127 590 sola
1150 563 1297 593 voluntate,
1320 562 1400 589 sinml
1422 562 1502 588 etiam
1532 569 1592 588 cum
1610 569 1640 588 ea
1655 565 1807 589 moventur.

1025 609 1173 643 eodemque.
1196 609 1276 636 modo
1295 616 1355 635 cum
1367 613 1457 634 mente
1477 607 1641 634 alliciuntnr.
1659 606 1718 633 Pari
1734 605 1806 632 enim

180 649 327 682 celeritate,
337 654 364 678 et
378 650 435 678 haec
451 649 664 684 intellectilibus,
680 656 707 679 et
720 652 757 678 illi
770 652 920 680 visibilibus
932 653 1012 681 rebus
1023 654 1184 688 junguntur.
1201 653 1282 681 Multa
1297 657 1428 688 praeterea
1444 653 1477 680 de
1485 652 1595 687 reliquis
1610 651 1745 681 sensibus.
1760 653 1806 686 qui

179 694 254 722 velut
270 695 443 723 admittendis
453 696 574 724 externis
591 698 670 724 rebus
686 698 813 725 destinati
825 703 897 732 sunt,
914 707 963 727 nec
975 701 1083 735 ratione
1099 701 1293 735 percipiuntur.
1305 700 1384 727 Multa
1398 699 1512 734 denique
1525 699 1558 726 (le
1569 706 1611 731 ea,
1627 698 1717 733 quain
1731 705 1807 725 som-

181 740 225 768 nis
244 741 370 775 fruimur,
388 742 479 777 quiete
491 747 573 778 atque
591 743 786 771 insomniorum
802 745 946 779 ﬁgmentis,
962 734 995 773 de
1008 734 1138 774 memoria
1151 734 1182 774 et
1194 745 1407 778 reminiscentia,
1425 745 1458 772 de
1478 745 1594 775 ratione.
1610 749 1636 771 et
1652 744 1703 775 ira,
1719 748 1745 774 et
1758 750 1806 770 cu-

179 787 303 822 piditate.
321 788 497 823 reliquisque,
527 794 555 816 nt
581 797 634 817 uno
651 790 733 817 verbo
759 791 933 824 complectar,
952 791 1050 826 quibus
1075 799 1174 825 parvus
1200 792 1244 819 hic
1261 791 1386 824 mundus,
1405 790 1431 818 id
1451 795 1502 823 est,
1518 791 1610 822 homo,
1626 790 1803 824 gubernatur.

214 832 276 860 Kl".
294 833 388 860 Βούλει
404 843 444 860 σοι
461 835 508 860 καὶ
523 835 572 867 τὰς
590 835 644 862 τῶν
669 835 755 862 ἄλλων
778 836 855 868 ζώων
872 837 960 871 διαφο-

1050 836 1146 865 ΧΧΙΙΙ.
1165 837 1248 865 Visne
1264 837 1376 865 aliorum
1393 844 1501 872 quoque
1517 835 1694 863 animantium
1708 835 1806 862 discri-

180 877 229 913 ρὰς
246 877 301 912 (54)
316 878 384 913 πρός
402 887 432 904 τε
447 880 523 914 ἡμᾶς
541 880 588 906 καὶ
615 880 683 916 πρὸς
700 880 811 916 ἄλληλα,
825 881 919 915 φύσεις
933 890 963 908 τε

178 922 226 949 καὶ
245 923 377 956 γενέσεις,
396 924 443 950 καὶ
459 925 624 960 ἀνατροφὰς,
642 926 690 952 καὶ
712 925 814 962 χώρας,
832 927 879 953 καὶ
897 927 962 963 ἥϐη,

178 969 224 995 καὶ
242 967 298 995 οἷον
315 969 452 1002 πολιτείας
473 971 742 1007 χαταριθμήσωμαι;
768 972 829 1004 Πῶς
854 972 888 999 τὰ
913 973 963 1008 μὲν

177 1013 299 1048 ἀγελαῖα,
328 1014 363 1042 τὰ
387 1015 416 1042 δὲ
434 1016 582 1050 μοναδικά;
606 1016 638 1043 τὰ
661 1017 710 1051 μὲν
733 1017 873 1052 ποηφάγα,
888 1017 962 1044 τὰδὲ

177 1060 348 1095 σαρκοϐόρα;
362 1061 397 1087 τὰ
416 1061 465 1095 μὲν
482 1061 622 1097 θυμοειδῆ,
643 1062 677 1089 τὰ
693 1063 720 1089 δὲ
737 1063 828 1098 ἥμερα
841 1071 848 1096 ;
863 1063 896 1090 τὰ
913 1063 963 1098 μὲν

176 1104 353 1140 φιλάνθρωπα
367 1106 414 1132 καὶ
428 1106 574 1142 σύντροφα,
587 1108 621 1134 τὰ
633 1107 662 1134 δὲ
677 1108 810 1135 ὰτίθασσα
828 1109 875 1135 καὶ
886 1109 962 1135 ἐλεύ-

176 1150 257 1186 θερα;
274 1151 365 1178 καὶτὰ
380 1153 428 1187 μὲν
447 1150 503 1179 οἷον
520 1153 656 1190 ἐγγύτερα
673 1154 752 1188 λόγου
768 1163 798 1181 τε
815 1154 862 1181 καὶ
876 1154 963 1190 μαθή-

176 1205 254 1229 σεως,
267 1197 300 1224 τὰ
319 1197 347 1224 δὲ
365 1198 503 1230 παντελῶς
518 1198 602 1233 ἄλογα
623 1200 670 1226 καὶ
689 1199 866 1235 ἀμαθέστατα
881 1200 937 1235 (55)
951 1208 958 1233 ;

176 1240 210 1267 τὰ
227 1242 276 1277 μὲν
297 1241 425 1269 πλειόνων
449 1243 612 1279 αἰσθήσεων,
632 1245 666 1272 τὰ
685 1245 713 1272 δὲ
743 1245 905 1278 ὲλαττόνων;
927 1245 961 1272 τὰ

177 1288 226 1322 μὲν
238 1289 364 1324 ἀκίνητα,
383 1289 417 1316 τὰ
435 1289 462 1316 δὲ
485 1291 674 1325 μεταϐατικάς
694 1291 728 1318 τὰ
747 1292 795 1326 μὲν
811 1292 959 1327 ταχύτατα,

175 1334 208 1360 τὰ
224 1334 252 1360 δὲ
266 1335 410 1370 παχύτατα
425 1336 498 1371 (36);
513 1336 547 1363 τὰ
566 1337 615 1372 μὲν
630 1338 832 1374 ὑπερϐάλλοντα
851 1338 961 1373 μεγέθει

175 1379 222 1405 καὶ
235 1379 326 1407 κάλλει
341 1381 356 1416 ῆ
376 1381 415 1416 τῷ
435 1381 520 1417 ἑτέρῳ
535 1383 653 1414 τούτων,
672 1382 707 1409 τὰ
723 1383 750 1410 δὲ
773 1383 927 1418 βραχύτατα
943 1383 960 1419 ἣ

174 1426 390 1463 δυσωδέσταταῆ
407 1429 454 1455 καὶ
470 1429 626 1464 dispersim;
642 1430 676 1456 τὰ
691 1429 740 1464 μὲν
756 1429 869 1464 ἄλκιμα,
886 1429 920 1455 τὰ
933 1429 960 1455 δὲ

174 1471 292 1507 ἁσοενῆ;
310 1473 343 1500 τὰ
367 1473 415 1508 μὲν
436 1474 583 1509 ἀμυντικὰ,
601 1473 634 1500 τὰ
655 1474 683 1500 δὲ
700 1473 809 1500 ὕποπτα
832 1474 878 1500 καὶ
901 1474 961 1500 ἐπί-

174 1517 256 1545 ϐουλα
267 1527 273 1549 ς
286 1519 320 1545 τὰ
337 1520 386 1555 μὲν
400 1520 523 1554 φυλακτὰ
535 1520 601 1555 (57),
612 1519 645 1546 τὰ
657 1520 685 1546 δὲ
697 1519 840 1554 ἀφύλακτα
850 1519 899 1552 ;τὰ
911 1520 959 1555 μὲν
975 1511 995 1539 C

173 1563 287 1599 φιλεργὰ
302 1565 348 1591 καὶ
366 1565 534 1601 οἰκονομικὰ,
547 1565 580 1592 τὰ
593 1566 620 1592 δὲ
632 1566 804 1592 παντάπασιν
820 1565 892 1600 ἀργὰ
909 1565 957 1591 καὶ

173 1609 346 1644 ἀπρονόητας
364 1611 419 1636 Καὶ
434 1609 474 1636 ἔτι
496 1610 548 1646 πρὸ
561 1609 674 1642 τούτων,
688 1610 746 1642 πῶς
761 1610 795 1637 τὰ
811 1610 859 1644 μὲν
873 1610 959 1645 ἑρπυ-

173 1654 332 1686 στικὰίῧὸ),
354 1655 389 1681 τὰ
408 1655 435 1682 δὲ
457 1655 552 1691 ὕρθιας
576 1656 610 1682 τὰ
633 1656 681 1691 μὲν
704 1656 857 1691 φιλόχωρα,
877 1655 910 1681 τὰ
930 1655 958 1681 δὲ

171 1699 302 1734 diaetas;
315 1699 350 1726 τὰ
363 1700 412 1735 μὲν
425 1701 568 1735 φιλόκαλα,
583 1701 617 1728 τὰ
638 1701 666 1727 δὲ
680 1700 875 1727 ἀκαλλώπιστα
888 1708 895 1732 ;
910 1708 959 1726 συ-

171 1743 240 1780 ζυγή
256 1754 285 1772 τε
301 1747 348 1773 καὶ
364 1746 467 1782 ἀζυγῆ;
484 1747 611 1783 σώφρονὰ
625 1756 654 1774 τε
674 1747 721 1774 καὶ
736 1747 890 1778 ἁκὸλαστας
909 1756 958 1773 πο-

170 1791 271 1825 λύγονά
288 1800 318 1818 τε
341 1792 388 1818 καὶ
411 1793 441 1819 οὐ
463 1792 615 1827 πολύγονα;
641 1793 776 1828 μακρόϐια
798 1801 827 1819 τε
844 1793 890 1819 καὶ
905 1791 960 1818 ὀλι-

170 1837 265 1871 γόϐιας
295 1837 401 1873 Κὰμνοι
429 1837 463 1864 ἂν
485 1839 551 1874 ἡμῖν
574 1840 588 1865 ὸ
611 1838 689 1872 λόγος
708 1839 765 1870 τοῖς
785 1838 855 1865 κατὰ
877 1838 960 1874 μέρος

171 1882 296 1916 ἐπεξιών.

1013 884 1097 916 mina,
1111 884 1219 918 quibus,
1241 887 1296 910 tum
1310 891 1324 910 a
1338 883 1426 913 nobis.
1445 888 1500 908 tum
1516 882 1586 908 inter
1610 888 1639 908 se
1662 880 1800 913 dill'erunt.

1014 934 1123 956 naturas
1140 929 1221 956 etiam
1237 933 1264 956 et
1274 933 1361 960 ortus,
1374 933 1400 955 et
1416 928 1601 959 educationes,
1621 931 1648 953 et
1663 926 1796 961 regiones,

1013 979 1040 1001 et
1055 981 1154 1006 mores,
1171 981 1203 1001 ac
1217 973 1291 1000 velut
1306 974 1332 1000 in
1349 973 1484 1007 republica
1500 973 1561 1000 vita:
1576 971 1663 999 ollicia
1688 979 1801 998 enume—

1013 1020 1091 1046 rem?
1104 1019 1228 1053 Quonam
1243 1021 1323 1047 modo
1340 1019 1392 1046 alia
1408 1019 1541 1047 societate
1556 1018 1735 1048 delectantur.
1747 1016 1801 1044 alia

1012 1065 1129 1099 solivaga
1142 1065 1225 1092 sunt?
1241 1065 1299 1092 Alia
1318 1065 1420 1097 herbis,
1438 1064 1491 1091 alia
1521 1063 1650 1091 carnibus
1675 1063 1801 1090 nutriun-

1014 1111 1076 1138 tur?
1088 1110 1146 1138 Alia
1159 1118 1229 1138 smva
1242 1115 1270 1138 et
1287 1110 1438 1137 truculenta
1458 1113 1532 1142 ειιιιι,
1561 1108 1612 1135 alia
1638 1107 1801 1134 mansueta?

1012 1157 1070 1183 Alia
1097 1164 1158 1183 cum
1181 1156 1337 1183 hominibus
1361 1155 1462 1183 versari
1482 1160 1562 1189 atque
1577 1153 1613 1181 ali
1632 1153 1728 1185 solent,
1748 1152 1800 1180 alia

1012 1201 1140 1228 imlomita
1157 1206 1183 1228 et
1197 1201 1281 1228 libera
1297 1200 1381 1228 sunt?
1394 1200 1453 1227 Alia
1468 1200 1501 1226 ad
1528 1200 1659 1226 rationem
1677 1203 1705 1225 et
1719 1198 1800 1225 disci-

1012 1246 1111 1280 plinam
1137 1245 1218 1281 514
1234 1247 1342 1280 propius
1371 1245 1512 1276 accedunt.
1541 1244 1591 1271 alia
1615 1251 1629 1269 a
1657 1243 1758 1270 ratione
1773 1246 1801 1271 et

1012 1291 1153 1325 disciplina
1169 1299 1280 1325 prorsus
1302 1291 1472 1318 abhorrent?
1487 1290 1545 1318 Alia
1564 1288 1685 1324 pluribus
1709 1289 1798 1316 sensi-

1012 1337 1073 1368 bus,
1093 1337 1145 1363 alia
1163 1337 1336 1370 paucioribus
1359 1337 1469 1371 praedita
1487 1336 1566 1363 sunt?
1587 1335 1645 1362 Alia
1662 1340 1735 1362 motu
1752 1343 1798 1362 ca-

1012 1387 1083 1415 rent,
1105 1382 1156 1408 alia
1174 1382 1312 1416 gradiendi
1328 1381 1487 1409 facultatem
1502 1380 1620 1408 habent?
1644 1381 1700 1407 Alia
1714 1380 1799 1407 celer-

1013 1429 1094 1460 rima,
1119 1428 1172 1454 alia
1197 1428 1350 1455 tardissima
1376 1427 1458 1455 stitit?
1474 1427 1532 1453 Alia
1558 1427 1752 1460 magnitudine,
1771 1431 1798 1454 et

1013 1473 1227 1508 pulchritudine,
1246 1478 1290 1500 aut
1306 1473 1437 1500 alterutro
1460 1473 1556 1500 borum
1574 1473 1725 1504 excellunt,
1745 1471 1796 1498 alia

1013 1523 1104 1545 autem
1124 1517 1270 1552 perexigua
1286 1522 1359 1550 sunt,
1375 1522 1418 1544 aut
1438 1517 1702 1548 deformissima,ant
1715 1516 1797 1543 etiam

1014 1570 1129 1598 utroque
1143 1566 1206 1593 vitio
1220 1565 1366 1592 laborant?
1380 1564 1438 1591 Alia
1457 1568 1567 1591 strenua
1588 1568 1663 1594 sunt,
1678 1563 1728 1590 alia
1747 1563 1798 1590 im-

1012 1611 1132 1638 becilla?
1148 1611 1206 1638 Alia
1222 1611 1349 1644 injuriatn
1374 1614 1468 1644 aperto
1498 1610 1598 1643 impetu
1625 1609 1794 1643 propulsant,

1012 1656 1063 1683 alia
1087 1662 1212 1692 suspecta
1232 1661 1259 1684 et
1284 1656 1412 1684 insidiosa
1438 1656 1520 1682 sunt?
1542 1656 1600 1682 Alia
1628 1660 1717 1685 cauta.
1744 1655 1796 1682 alia

1010 1703 1137 1732 incauta?
1152 1703 1210 1730 Alia
1231 1703 1370 1729 industria:
1396 1702 1490 1737 reique
1516 1701 1659 1729 familiaris
1680 1701 1796 1728 admini-

1009 1748 1203 1777 strandilande
1217 1747 1324 1779 ﬂorent,
1346 1748 1398 1774 alia
1426 1755 1537 1781 prorsus
1564 1747 1661 1774 inertia
1686 1752 1749 1773 sunt
1769 1751 1797 1773 et

1010 1794 1179 1829 improvida?
1196 1793 1326 1828 Quodque
1350 1793 1423 1828 prius
1449 1793 1590 1820 dicendum
1608 1797 1678 1823 erat.
1694 1792 1738 1827 qui
1755 1793 1795 1824 ιιι,

1010 1845 1041 1867 ιιι
1057 1840 1108 1866 alia
1123 1840 1197 1866 lnnni
1216 1843 1337 1874 serpant,
1357 1838 1409 1866 alia
1429 1845 1542 1873 corpore
1556 1842 1629 1865 recto
1644 1837 1718 1864 sint?
1737 1838 1796 1864 Alia

1011 1889 1084 1912 certa
1104 1885 1169 1912 sede
1189 1886 1372 1919 acquiescant,
1390 1884 1441 1910 alia
1464 1885 1491 1910 in
1518 1889 1632 1917 utroque
1663 1883 1796 1911 elemento

171 1929 287 1964 degant?
306 1930 364 1957 Alia
389 1930 529 1966 elegantiae
545 1931 664 1958 studiosa
691 1931 754 1963 sint,
775 1930 826 1958 alia
848 1931 949 1958 cultum
969 1937 1076 1957 omnem
1097 1932 1242 1965 respuant?
1271 1931 1330 1958 Alia
1366 1930 1508 1964 c0njugata
1527 1930 1591 1960 sint,
1610 1929 1662 1955 alia
1681 1937 1695 1956 a
1721 1936 1789 1956 con-

167 1975 243 2010 ingio
262 1976 444 2003 abhorreant?
456 1977 515 2003 Alia
534 1977 630 2011 pudica
659 1977 723 2009 sint,
757 1977 808 2003 alia
842 1976 945 2003 libidini
980 1976 1088 2003 dedita?
1103 1976 1161 2003 Alia
1183 1975 1385 2007 fecundissima,
1402 1974 1453 2001 alia
1467 1982 1562 2009 parum
1581 1974 1720 2008 fecunda?
1735 1973 1795 2001 Alia

169 2020 300 2047 diuturna:
318 2021 387 2053 vitae,
412 2020 464 2047 alia
490 2021 598 2048 brevis?
613 2021 725 2048 Deﬁciet
749 2029 791 2048 me
807 2029 906 2052 sermo,
926 2020 949 2047 si
970 2020 1106 2054 sigillatim
1120 2021 1211 2048 omnia
1225 2020 1349 2055 persequi
1363 2024 1475 2046 tentem.

204 2068 266 2095 KA'.
283 2067 384 2102 Σκέψαι
405 2077 448 2103 μοι
466 2069 514 2094 καὶ
536 2069 637 2105 νηκτὴν
667 2069 748 2103 φύσιν
770 2070 824 2096 τῶν
850 2069 952 2096 ὑδάτων

1041 2067 1135 2097 XXIV.
1154 2068 1210 2104 Age
1229 2068 1343 2102 piscium
1362 2075 1470 2102 quoque
1484 2072 1610 2094 naturam
1626 2067 1691 2094 mihi
1707 2067 1796 2095 consi-

168 2113 406 2146 διολισθαίνουσαν,
419 2115 466 2140 καὶ
480 2113 535 2141 οἷον
556 2115 706 2151 [τεταμένην
723 2115 794 2142 κατὰ
806 2115 855 2151 τῆς
871 2116 956 2150 ὑγρᾶς

169 2158 285 2194 φύσεως,
300 2159 347 2185 καὶ
366 2159 413 2186 τοῦ
437 2160 485 2195 μὲν
505 2160 570 2186 ἰδίου
593 2160 705 2187 σπῶσαν
728 2161 819 2196 ἀέρος,
836 2160 874 2196 τῴ
889 2162 958 2196 ἡμε-

167 2205 238 2240 τέρῳ
247 2205 275 2232 δὲ
290 2205 505 2238 κινδυνεύουσαν,
518 2206 613 2242 ὥσπερ
627 2207 674 2233 καὶ
692 2207 772 2242 ἡμεῖς
785 2209 814 2234 ἐν
824 2209 879 2239 τοῖς
894 2207 957 2234 ’ὑδα-

168 2258 227 2278 σεν·
244 2250 295 2286 ἤθη
317 2259 346 2277 τε
364 2251 410 2278 καὶ
434 2251 507 2287 πάθη
519 2271 526 2282 ,
544 2252 591 2278 καὶ
613 2251 709 2286 μίξεις,
732 2253 779 2278 καὶ
798 2253 889 2286 γονὰς,
908 2253 954 2280 καὶ

169 2296 281 2332 μεγέθη,
300 2297 347 2323 καὶ
365 2297 461 2332 κάλλη,
472 2297 635 2333 φιλοχωρίας
651 2306 680 2323 τε
700 2298 746 2324 καὶ
760 2298 873 2330 πλάνας,
891 2307 954 2325 συν-

166 2341 242 2373 όδους
264 2350 295 2368 τε
319 2342 366 2368 καὶ
392 2342 599 2377 ἀποχωρήσεις,
622 2342 669 2368 καὶ
695 2342 826 2377 ἰδιότητας
856 2341 952 2377 μικροῦ

165 2388 222 2419 τοῖς
240 2387 373 2421 ἐπιγείοις
390 2387 595 2423 παραπλησίας,
612 2387 669 2414 ἔστι
690 2387 719 2414 δὲ
741 2385 778 2414 ὧν
797 2388 844 2415 καὶ
856 2388 952 2415 κοινώ-

167 2433 237 2465 νίας,
254 2434 301 2460 καὶ
312 2433 444 2469 ἰδιότητας
456 2432 622 2465 ἀντιθέτους,
641 2433 669 2460 ἐν
687 2442 717 2460 τε
736 2433 818 2460 εἴδεσι
831 2434 878 2460 καὶ
892 2434 951 2461 ὀνό-

189 2511 258 2554 '(52)
279 2511 381 2538 Ταυτό.
398 2510 464 2546 Reg.
487 2511 545 2544 bm,
563 2510 617 2539 duo
630 2510 705 2539 Colb.
725 2516 754 2539 et
775 2511 822 2539 0r.
838 2511 865 2544 1,
884 2520 950 2538 ταυ-

166 2555 212 2573 τον
215 2567 224 2575 ο

202 2581 258 2616 (55)
279 2580 341 2609 Τῶν
362 2581 483 2614 ἔξωθεν,
501 2581 591 2616 Myro,
615 2586 668 2609 etc.
691 2581 756 2616 Reg.
778 2581 872 2616 Cypra.
895 2579 950 2608 τῶν

167 2616 268 2649 ἔξωθεν
292 2616 389 2652 λόγων.
414 2616 504 2643 «Vera
529 2616 618 2648 lectio,
633 2626 644 2642 ι
668 2617 754 2651 inquit
780 2616 874 2643 Comb.
899 2625 951 2651 qua

167 2652 294 2685 admissa,
310 2653 349 2680 sic
365 2652 445 2679 vertit
459 2660 466 2678 :
484 2660 494 2677 (
511 2652 546 2678 De
565 2651 673 2686 reliquis
685 2652 818 2683 sensibus,
830 2652 874 2686 qui
888 2656 950 2678 sunt

167 2687 287 2720 quaedam
303 2687 482 2714 admissiones
498 2687 645 2717 rationum,
659 2694 718 2721 qua:
735 2692 810 2713 extra
829 2688 854 2713 in
870 2687 949 2714 rebus

167 2727 238 2756 sum,
252 2730 313 2749 cum
331 2722 442 2749 mininte
455 2721 541 2748 oculis
554 2723 769 2756 conspiciantur;
781 2730 789 2746 ›
809 2721 859 2752 vel,
882 2731 890 2747 ι
902 2722 946 2756 qui

166 2755 285 2791 (sensus)
300 2757 384 2784 veluti
400 2756 526 2783 fenestrae
544 2755 671 2790 qna-dam.
689 2761 761 2786 sunt,
782 2756 948 2790 excipiendis

168 2791 202 2818 iis
217 2791 376 2823 rationibus,
397 2799 456 2826 qua
477 2791 645 2819 extrinSecus
660 2791 813 2824 adveniunt,
835 2796 860 2819 et
882 2799 948 2826 quas

169 2827 271 2853 ratione
287 2827 475 2861 conspicimus,
491 2827 627 2853 destinati.
639 2835 649 2851 ι

204 2862 259 2896 (35)
279 2861 432 2896 Διαφοράς.
452 2862 519 2897 lies.
532 2869 558 2895 ιι,
573 2862 753 2897 ἀναστροφας.

1010 2115 1084 2147 dera,
1099 2121 1146 2149 per
1160 2122 1245 2150 aquas
1261 2113 1419 2143 labentium.
1433 2117 1461 2140 et
1475 2121 1522 2148 per
1532 2113 1662 2148 liquidum
1676 2113 1796 2140 elemen-

1013 2165 1080 2194 tum,
1098 2165 1128 2187 ut
1148 2161 1186 2188 ita
1200 2160 1300 2192 dicam,
1314 2159 1474 2191 volantium,
1488 2167 1519 2186 ac
1534 2159 1671 2194 proprium
1685 2159 1794 2194 quidem

1010 2214 1101 2234 aerem
1127 2211 1185 2233 tuto
1202 2206 1396 2236 haurientium,
1412 2205 1438 2232 in
1454 2209 1548 2232 nostro
1570 2209 1660 2232 autem
1684 2205 1794 2239 pericli-

1011 2252 1136 2283 tantium,
1155 2251 1383 2286 quemadmodum
1400 2258 1449 2278 nos
1463 2257 1570 2284 quoque
1583 2251 1609 2277 in
1631 2251 1709 2285 aquis
1723 2250 1793 2278 sole-

1008 2306 1066 2324 mus
1078 2306 1084 2323 :
1098 2306 1186 2325 mores
1200 2298 1281 2324 etiam
1296 2305 1402 2329 eorum,
1421 2301 1448 2324 et
1468 2296 1592 2327 allectus.
1606 2302 1633 2324 et
1647 2297 1745 2328 coitus,
1767 2301 1795 2324 et

1006 2343 1204 2378 generationes,
1230 2348 1257 2369 et
1277 2342 1486 2377 magnitudines,
1510 2346 1539 2368 et
1567 2341 1792 2376 pulchritudines,

1005 2395 1093 2415 certas
1111 2388 1174 2414 item
1200 2387 1354 2414 mansiones
1371 2391 1396 2413 et
1414 2388 1611 2418 oberrationes,
1632 2394 1794 2421 congressus

1005 2442 1036 2461 ac
1051 2434 1218 2461 secessiones
1231 2438 1257 2459 et
1272 2433 1450 2468 proprietates
1478 2434 1652 2460 terrestribus
1667 2433 1792 2460 animan-

1040 2511 1096 2547 (53)
1122 2510 1331 2545 Ἀμαθέστατα.
1357 2510 1385 2537 In
1411 2510 1590 2546 quibusdam,
1616 2510 1791 2546 ὰμετάθετα,

1008 2556 1017 2573 ε
1032 2547 1141 2573 innnuta
1147 2547 1219 2573 bilia.
1237 2556 1246 2571 ι

1040 2582 1095 2616 (56)
1118 2583 1156 2608 Τὰ
1177 2581 1236 2616 μὲν
1252 2581 1412 2614 ταχύτατα,
1433 2580 1469 2607 τὰ
1495 2579 1529 2606 δὲ
1552 2581 1718 2614 παχύτατα.
1745 2581 1791 2609 Sic

1004 2616 1068 2651 legit
1086 2616 1296 2645 Lenvenklains.
1311 2620 1337 2642 et
1352 2616 1394 2651 ita
1404 2616 1542 2651 legendam
1557 2622 1692 2649 putamus.
1706 2615 1732 2642 In
1745 2617 1789 2644 ed.

1004 2649 1100 2686 legitur
1115 2657 1228 2683 tantmn,
1239 2650 1273 2676 τὰ
1286 2651 1314 2677 δὲ
1329 2649 1476 2686 ταχύτατα.
1493 2649 1595 2677 thera
1611 2651 1718 2678 desunt.

1034 2684 1095 2721 K37)
1118 2686 1155 2713 Τὶι
1177 2685 1235 2720 μὲν
1255 2685 1402 2719 φυλακτά.
1429 2684 1490 2711 Haec
1514 2685 1611 2712 desnnt
1626 2686 1661 2721 Vin
1686 2686 1728 2712 ed.
1745 2685 1792 2713 Sic

1004 2726 1092 2748 tamen
1119 2721 1257 2756 legendum
1272 2721 1454 2756 arbitramur._
1470 2721 1592 2756 quamvis
1615 2720 1723 2747 deticiat
1739 2721 1791 2748 hac

1002 2756 1028 2783 in
1046 2764 1073 2782 re
1089 2754 1210 2784 codicum
1223 2755 1379 2783 auctoritas.
1394 2754 1541 2783 Antilhesis
1555 2758 1640 2783 series
1654 2756 1680 2782 id
1697 2760 1789 2791 postu-

1002 2792 1059 2818 lare
1076 2792 1193 2817 videtur.

1029 2826 1093 2867 '(58)
1118 2825 1307 2860 'Eparva'zmd.
1339 2824 1414 2854 Colb.
1438 2825 1455 2852 5
1479 2830 1506 2854 et
1528 2825 1576 2853 0r.
1598 2825 1629 2858 Ι,
1658 2826 1789 2860 ἐρπηστι-

1001 2869 1049 2888 χι.
