2049 3131
232 147 267 174 59
832 145 861 174 ς.
883 144 1028 173 GREGOR‘

1080 143 1242 172 [‘HEOLOGI
1821 136 1855 165 60

234 205 304 232 tibus
330 211 398 239 pene
420 203 585 237 consimiles,
612 204 801 232 nonnullorum
822 206 905 232 etiam
934 205 1019 233 socie-

1080 213 1162 231 ιασιν.
1180 203 1281 237 Σκέψαι
1303 211 1347 238 μοι
1368 201 1414 228 καὶ
1432 200 1533 237 ὀρνέων
1552 198 1607 234 (39)
1625 198 1723 233 ἀγέλας
1737 197 1782 224 καὶ
1796 203 1856 222 ποι-

235 256 313 283 tates,
331 256 358 278 et
375 251 540 283 contrarias.
567 255 622 278 tam
639 251 664 277 in
685 251 780 278 formis
797 259 877 286 quam
892 252 918 278 in
933 252 1020 279 nomi-

235 297 326 330 nibus,
345 297 533 332 proprietates.
557 297 596 323 Ad
615 296 671 324 haec
695 304 790 332 greges
815 297 904 324 avium
933 302 1019 324 tecum

236 348 342 378 reputa,
359 350 493 377 quamque
507 342 580 369 varia
598 347 625 370 et
640 343 779 378 multiplici
798 343 880 378 ligiira
895 343 959 376 sint,
975 350 1022 369 va-

236 388 337 422 riisque
354 387 511 415 coloribus:
530 388 577 422 qui
597 387 652 419 fiat,
673 392 704 415 ut
724 388 775 414 alia
796 392 868 414 muta
884 387 948 419 siut,
968 387 1021 414 alia

237 439 354 465 canora;
371 440 483 466 qumque
502 432 598 458 horum
623 432 777 459 suaiissimi
801 437 897 459 cantus
923 433 959 459 sit
978 439 1022 458 ra—

238 478 285 510 tio,
295 483 321 505 el
330 485 344 504 a
358 486 411 512 quo
425 479 494 505 hanc
505 478 657 505 facultatem
668 478 823 510 acceperint
834 478 846 504 ?
857 478 923 511 Quis
936 478 1021 512 lyram

239 522 337 549 cicadis
354 522 380 549 in
406 527 514 556 pectore
527 523 609 556 dedit,
623 527 650 550 et
664 527 760 549 cantus
782 522 841 550 illos
861 528 942 556 atque
959 530 1022 556 gar-

239 568 317 600 ritus,
335 575 412 602 quos,
429 575 488 595 cum
503 569 652 595 meridiano
667 568 731 595 solis
746 574 812 595 testu
834 568 867 595 ad
892 568 1022 595 musicam

240 613 397 646 incitantur,
419 614 444 641 in
465 615 592 641 arborum
613 614 696 641 ramis
712 613 838 645 fundunt,
855 621 886 641 ac
911 621 1022 640 nemora

240 665 307 685 sono
331 658 452 692 implent.
470 663 498 685 et
517 659 647 686 viatorem
669 657 781 685 vocibus
805 658 1024 693 prosequuntur?

241 701 305 734 Quis
315 706 422 729 cautum
440 703 515 729 illum
536 710 597 730 cum
623 711 708 738 cygno
734 704 864 736 contexitI
886 711 939 738 quo
955 708 1024 731 tem-

241 755 306 782 pore
327 749 423 782 pennis
447 749 473 776 in
492 757 585 776 auram
609 750 735 784 expansis
759 749 890 784 ejusmodi
913 750 1022 777 sibilum

241 793 306 826 edit,
320 796 365 828 qui
392 795 519 822 carminis
537 795 622 822 instar
643 796 697 822 sit?
716 795 793 823 Mitto
818 796 890 822 enim
913 796 972 823 illas
997 797 1023 823 vi

243 846 384 874 expressas
397 847 488 871 voces,
504 845 531 867 et
547 841 675 875 quidquid
692 846 764 868 artes
778 842 909 868 adversus
924 841 1018 868 verita

243 891 295 913 teni
311 886 448 921 ingeniose
462 887 711 914 comminiscuntur.
736 887 786 920 Qui
804 887 832 914 lit
850 892 878 914 ut
893 895 1024 922 arrogans

243 932 287 959 ille
305 937 332 959 et
348 931 466 959 Medicus
491 939 560 966 pavo
576 932 737 967 elegantiam
764 932 930 967 gloriamque
957 933 1024 959 adeo

243 977 362 1008 aﬂectct,
385 982 415 1004 ut
438 978 544 1012 quoties
576 978 690 1012 aliquem
711 978 820 1012 propius
845 977 1016 1004 accedentem

243 1022 323 1058 515
347 1023 453 1054 viderit,
480 1027 526 1049 aut
553 1023 635 1050 etiam
664 1023 782 1054 feminis,
805 1028 833 1050 ut
853 1023 940 1056 aiunt,
965 1030 1026 1050 sese

243 1073 380 1095 ostentare
404 1069 518 1096 voluerit
545 1069 606 1103 (nec
628 1069 699 1096 enim
730 1069 939 1103 pulchritudinis
970 1076 1026 1096 sum

245 1114 353 1149 ignarus
377 1115 440 1150 est).
464 1115 606 1143 confestim
627 1115 698 1142 elata
723 1116 839 1147 cervice,
861 1120 942 1150 atque
959 1116 1026 1148 alis,

245 1167 304 1194 quae
315 1168 424 1187 aureum
439 1162 581 1195 quemdam
604 1161 733 1196 fulgorem
750 1161 883 1194 referunt,
900 1169 932 1187 ac
953 1161 1026 1188 sidc-

245 1211 304 1231 rum
323 1205 493 1239 splendorem
510 1206 660 1237 imitantur,
687 1207 713 1232 ln
736 1207 830 1233 orbem
845 1206 1026 1240 concinnatis,

244 1250 368 1284 corporis
389 1251 429 1277 sui
454 1251 679 1286 pulchritudinem
702 1253 811 1280 amasiis
824 1252 881 1279 suis
904 1260 964 1279 cum
981 1261 1028 1280 su-

1072 251 1169 281 χιλίας,
1187 249 1214 276 έν
1228 258 1257 276 τε
1279 249 1398 284 σχήμασι
1418 247 1466 274 καὶ
1481 245 1619 282 χρώμασι,
1634 244 1688 270 τῶν
1698 253 1727 270 τε
1740 243 1855 273 ἀλάλων,

1071 297 1118 322 καὶ
1131 296 1185 322 τῶν
1210 294 1329 330 ᾠδικιῖΝι
1357 294 1405 320 καὶ
1428 293 1469 324 τίς
1488 292 1537 327 τῆς
1563 291 1664 316 τούτων
1690 289 1821 325 μελῳδίας
1843 289 1857 314 ὁ

1071 342 1159 375 λόγος,
1179 341 1226 368 καὶ
1249 340 1323 375 παρὰ
1341 339 1428 370 τίνος;
1452 339 1494 369 τίς
1513 337 1526 363 ὁ
1547 337 1608 368 δοὺς
1627 337 1728 369 τέττιγι
1747 335 1795 370 τὴν
1813 335 1858 361 ἐπὶ

1073 388 1187 423 στήθους
1207 386 1313 422 μαγάδα
1328 385 1393 420 (40),
1409 385 1455 411 καὶ
1467 383 1501 409 τὰ
1514 383 1558 409 ἐπὶ
1571 382 1625 408 τῶν
1636 381 1737 408 κλάδων
1750 380 1860 416 ᾄσματα

1071 441 1101 459 τε
1118 433 1165 459 καὶ
1188 432 1380 468 τερετίσματα,
1412 430 1474 456 ὅταν
1503 428 1570 463 ἡλίῳ
1602 427 1728 454 κινῶνται
1752 426 1786 452 τὰ
1809 434 1858 460 με-

1073 478 1211 514 σημϐρινὰ
1225 475 1465 513 μουσουργοῦντες,
1479 475 1525 501 καὶ
1538 472 1717 507 καταφωνῶσι
1729 471 1764 498 τὰ
1779 471 1859 506 ἄλση,

1073 526 1120 552 καὶ
1132 525 1270 560 ὁδοιπόρον
1286 525 1345 555 ταῖς
1363 524 1463 557 φωναῖς
1478 521 1701 556 παραπέμπωσι;
1720 520 1768 551 Τίς
1783 520 1798 545 ὁ
1812 519 1860 545 κὺ-

1074 579 1129 605 κνῳ
1147 570 1316 604 συνυφαίνων
1331 569 1380 604 τὴν
1396 568 1477 603 ᾠδὴν,
1492 567 1556 594 ὅταν
1568 566 1706 601 ἐκπετάσῃ
1721 565 1751 591 τὸ
1762 564 1860 600 πτερὸν

1073 617 1133 647 ταῖς
1149 615 1257 650 αὔραις,
1278 615 1325 641 καὶ
1347 615 1409 649 ποιῇ
1433 613 1513 649 μέλος
1536 612 1564 639 τὸ
1582 612 1718 646 σύριγμα;
1743 609 1794 636 Ἐὦ
1806 609 1859 644 γὰρ

1073 660 1162 694 λέγειν
1171 660 1220 692 τὰς
1238 660 1342 695 βιαίους
1360 659 1461 693 φωνὰς,
1474 659 1520 685 καὶ
1537 659 1586 684 ὅσα
1601 657 1690 692 τέχναι
1707 655 1861 690 σοφίζονται

1074 705 1145 732 κατὰ
1159 705 1207 739 τῆς
1224 704 1361 739 ἀληθείας.
1385 703 1470 730 Πόθεν
1486 702 1568 734 ταὼς,
1582 703 1596 728 ὸ
1611 701 1718 733 ἀλαζὼν
1728 701 1801 736 ὅρνις
1815 699 1862 726 καὶ¹

1074 750 1194 785 Μηδικῦς
1212 749 1279 784 (fil),
1305 749 1376 775 οὕτω
1396 747 1537 782 φιλόκαλος
1560 747 1606 773 καὶ
1630 746 1777 780 φιλότιμος,
1791 743 1862 770 ὥστε

1075 796 1201 831 (καὶγὰρ
1224 795 1378 822 αἰσθάνεται
1403 795 1448 821 τοῦ
1469 794 1568 820 οἰκείου
1590 791 1714 826 κάλλους)
1734 791 1798 816 ὅταν
1820 789 1862 825 ἴδῃ

1075 841 1136 867 τινα
1161 839 1353 875 πλησιάζοντα,
1378 840 1395 875 ἦ
1420 840 1479 870 ταῖς
1498 838 1619 874 θηλείαις
1636 837 1703 872 (-52),
1728 835 1765 867 ὣς
1785 843 1861 869 φασι,

1041 877 1065 907 Β
1080 885 1286 917 καλλωπίζεται,
1305 885 1350 910 τὸν
1364 884 1464 919 αὐχένα
1477 884 1584 919 διάρας,
1599 883 1645 910 καὶ
1656 882 1686 908 τὸ
1703 881 1800 917 πτερὸν
1816 889 1864 907 κυ-

1075 931 1211 966 κλοτερῶς
1226 931 1392 967 περιστήσας
1408 931 1438 956 τὸ
1453 930 1606 965 χρυσαυγὲς
1622 928 1669 955 καὶ
1686 927 1862 962 κατάστερον,

1076 977 1211 1012 θεατρίζει
1233 977 1289 1011 (45)
1304 977 1335 1003 τὸ
1357 976 1452 1008 καλλος
1471 977 1526 1007 τοῖς
1547 975 1603 1010 (Η)
1626 975 1770 1010 ἐρασταῖς,
1795 972 1865 1008 μετὰ

1077 1024 1193 1059 σοϐαροῦ
1216 1023 1264 1049 τοῦ
1292 1023 1473 1058 βαδίσματος;
1498 1023 1530 1049 Ἦ
1549 1023 1598 1057 μὲν
1624 1020 1670 1048 οὖν
1692 1021 1750 1048 θεία
1769 1019 1865 1055 Γραφὴ

1078 1071 1125 1098 καὶ
1147 1070 1284 1104 γυναικῶν
1306 1070 1440 1105 θαυμάζει
1465 1070 1559 1103 σοφίαν
1582 1068 1631 1104 τὴν
1649 1070 1678 1095 ὲν
1697 1067 1865 1102 ὑφάσμασιν,

1083 1116 1130 1149 Τίς
1147 1116 1246 1144 ἔδωκε.
1266 1116 1391 1150 λέγουσα,
1401 1116 1539 1151 γυναιξὶν
1558 1115 1734 1150 ὑφάσματος
1754 1113 1868 1146 σοφίαν

1080 1162 1128 1188 καὶ
1142 1162 1332 1196 uomuit-min-
1351 1161 1541 1196 ἑπιστήμην;
1559 1160 1631 1187 Ζώου
1651 1158 1758 1193 λογικοῦ
1778 1157 1866 1189 τοῦτο,

1081 1208 1127 1235 καὶ
1139 1209 1264 1244 περιττοῦ
1274 1209 1323 1245 τὴν
1333 1209 1439 1244 σοφίαν,
1451 1208 1497 1234 καὶ
1509 1207 1589 1243 μέχρι
1603 1207 1656 1233 τῶν
1669 1205 1800 1241 οὐρανίων
1809 1203 1867 1239 (45)

1081 1254 1228 1286 ὁδεύοντος.

245 1297 329 1328 verbo
352 1299 466 1331 quodam
487 1299 603 1331 incessu,
629 1300 701 1326 velut
719 1300 745 1326 in
764 1300 880 1332 theatro,
899 1301 1072 1335 spectandam
1106 1304 1256 1337 preponat?
1289 1303 1327 1330 Ac
1356 1302 1496 1337 Scriptura
1527 1301 1634 1336 quidem
1657 1308 1733 1328 sacra
1769 1298 1867 1326 mulie—

246 1351 306 1371 rum
325 1345 350 1371 in
368 1345 540 1372 context-udis
553 1345 614 1372 telis
644 1345 781 1372 solertiam
799 1347 840 1373 bis
875 1347 963 1373 verbis
994 1348 1143 1376 admiratur
1161 1357 1167 1375 :
1189 1349 1255 1382 Quis
1273 1349 1348 1376 dedit
1370 1348 1527 1375 mulieribus
1555 1352 1668 1374 textura
1695 1347 1866 1380 sapientiam,

248 1396 392 1424 rerumque
403 1389 593 1416 variandarum
607 1390 794 1417 scientiam"?
820 1390 866 1417 Est
890 1391 961 1418 enim
983 1392 1035 1420 hoc
1054 1394 1198 1422 animantis
1229 1395 1334 1422 ratione
1367 1393 1484 1428 praediti,
1505 1393 1658 1427 eximiaque
1678 1392 1809 1427 sapientia
1824 1393 1867 1418 iii-

247 1435 354 1464 strurti,
366 1438 447 1468 atque
463 1435 496 1461 ad
509 1435 628 1462 cmlestia
644 1444 728 1469 u5que
745 1438 905 1470 grassantis.

282 1480 366 1508 XXV.
380 1481 419 1508 Tu
437 1489 499 1508 vero
514 1483 577 1508 mihi
600 1483 748 1509 naturalem
777 1491 884 1518 quoque
908 1484 1028 1512 animan-

1117 1485 1180 1512 KE'.
1195 1485 1230 1511 Συ
1244 1484 1271 1511 δέ
1289 1493 1333 1520 μοι
1343 1483 1482 1518 θαύμασον
1497 1483 1544 1510 καὶ
1559 1483 1662 1517 ἀλόγων
1673 1481 1789 1517 φυσικὴν
1806 1481 1870 1507 σύν-

249 1527 315 1553 tiuni
345 1528 456 1555 rationis
481 1529 631 1562 expertiuin
654 1529 788 1556 solertiam
807 1530 924 1565 suspice,
947 1531 1030 1557 ratio-

249 1580 362 1608 nesque,
377 1574 399 1600 si
415 1579 500 1607 potes,
514 1574 630 1602 declara.
653 1574 792 1608 Quomodo
808 1576 932 1603 volucres
944 1577 970 1603 iu
985 1584 1032 1610 pe-

251 1619 310 1651 tris,
328 1625 355 1645 et
371 1620 523 1652 arboribus,
545 1628 578 1647 ac
602 1621 690 1653 tectis,
706 1628 759 1647 non
783 1622 872 1649 minus
887 1622 1034 1655 elegantes,

249 1671 330 1698 quam
356 1670 436 1697 tutos,
452 1669 479 1692 et
502 1665 603 1692 alendis
626 1666 706 1700 pullis
724 1667 940 1694 accommodatus
960 1667 1035 1693 nidos

250 1710 413 1737 elaborant?
433 1711 507 1738 Unde
525 1713 620 1746 apibus
642 1717 669 1739 et
694 1713 802 1739 araneis
826 1716 915 1739 tantus
934 1712 1035 1739 laboris

251 1761 333 1789 atque
354 1757 492 1784 industriae
511 1766 596 1791 amor,
611 1763 640 1784 ut
663 1757 713 1785 illa:
735 1759 842 1792 quidem
869 1758 943 1785 favos
970 1765 1037 1785 con-

252 1807 368 1834 struant.
388 1812 418 1831 ac
437 1805 644 1839 sexangularuin
665 1805 827 1837 ﬁstularum.
850 1805 954 1840 sibique
969 1805 1037 1832 invi-

252 1854 310 1874 cem
339 1856 371 1874 ex
392 1849 505 1876 adverso
530 1851 760 1884 respondentium,
782 1851 938 1885 ailjiimeiito
968 1858 1033 1877 con-

254 1893 371 1925 tineant,
385 1898 412 1920 et
438 1902 486 1929 per
508 1895 697 1922 intermedium
722 1897 863 1931 parietem,
885 1901 966 1930 atque
989 1904 1036 1922 an-

252 1939 330 1972 gulos
356 1940 436 1967 rectis
453 1939 582 1968 lateribus
606 1941 760 1968 alternatim
792 1941 904 1968 innexos
924 1942 1038 1968 domici-

253 1984 317 2010 lium
345 1993 421 2012 suuin
453 1985 573 2019 fulciaut,
603 1987 683 2021 idque
702 1988 727 2014 in
748 1992 801 2014 tam
819 1987 972 2022 caliginosis
1000 1987 1039 2013 al-

253 2031 379 2058 vearibus
396 2032 571 2066 obscuriSqiie
586 2033 719 2067 ﬁgmentis
738 2041 744 2058 :
760 2033 818 2060 ista:
836 2038 926 2060 autem
944 2041 1038 2060 rursus

255 2082 302 2108 per
318 2083 402 2108 usque
424 2077 490 2102 adeo
506 2077 594 2103 tenuia
613 2081 640 2103 et
652 2076 759 2103 subtilia
774 2077 889 2104 siatniua
909 2076 1039 2111 multipli-

253 2120 322 2147 citer
336 2121 439 2147 iatensa
455 2121 579 2148 sinuosas
593 2121 658 2148 telas
672 2127 817 2148 contexaut
831 2122 985 2157 (etquidem
1004 2129 1037 2148 ex

1085 1539 1141 1557 εσιν
1154 1531 1220 1566 (46),
1236 1531 1282 1557 καὶ
1310 1530 1373 1562 τοὺς
1398 1530 1502 1564 λόγους,
1522 1530 1545 1556 εἰ
1565 1529 1677 1556 δύνασαι
1694 1528 1760 1564 (Π),
1783 1528 1869 1564 mpii-

1085 1585 1192 1612 στησον.
1208 1576 1270 1608 Πῶς
1283 1576 1331 1611 μὲν
1342 1576 1428 1612 ὄρνισι
1440 1575 1541 1607 καλιαί,
1552 1575 1648 1610 πέτραι
1662 1583 1691 1600 τε
1704 1575 1750 1601 καὶ
1761 1574 1870 1609 δένδραι

1086 1622 1132 1648 καὶ
1148 1622 1252 1657 ὃροφοι,
1274 1623 1312 1653 εἰς
1331 1622 1480 1656 ἀσφάλειαν
1499 1631 1528 1648 τε
1547 1621 1614 1657 ὁμοῦ
1642 1621 1689 1649 καὶ
1708 1621 1804 1652 καλλος
1827 1621 1873 1653 ἐξ-

1085 1668 1252 1704 ησκημέναι,
1271 1668 1316 1694 καὶ
1329 1669 1385 1699 τοῖς
1404 1668 1577 1704 τρεφομένοις
1592 1667 1764 1703 ἐπιτηδείωςς
1786 1667 1867 1694 Πόθεκ

1085 1714 1113 1740 δὲ
1129 1714 1269 1750 μελίσσαις
1284 1723 1312 1740 τε
1328 1722 1375 1741 και
1389 1714 1520 1749 ἀράχναις
1536 1713 1566 1740 τὺ
1582 1714 1708 1748 φιλεργὸν
1729 1713 1775 1740 καὶ
1797 1713 1872 1748 φυό-

1085 1768 1188 1795 τεχνον,
1203 1760 1247 1786 ἵνα
1269 1761 1329 1791 ταῖς
1354 1760 1402 1794 μὲν
1421 1759 1455 1786 τὰ
1477 1759 1559 1795 κηρία
1577 1759 1720 1794 πλέκηται,
1746 1759 1793 1785 καὶ
1809 1767 1870 1785 σνν-

1087 1798 1181 1840 ἐχηται
1195 1805 1227 1830 δι’
1245 1805 1386 1839 ἑξαγώνων
1404 1805 1539 1840 συρίγγων
1553 1804 1599 1832 καὶ
1612 1804 1806 1839 ἀντιστρόςεων,
1824 1803 1871 1829 καὶ

1086 1851 1116 1877 τὸ
1129 1851 1233 1886 ἑδραῖον
1251 1851 1355 1882 αὑταῖς,
1372 1850 1415 1877 διὰ
1429 1850 1474 1876 τοῦ
1493 1850 1575 1884 μέσου
1595 1850 1810 1884 διατειχίσματος
1825 1849 1871 1875 καὶ

1088 1897 1205 1932 ἀλλαγῆς
1224 1897 1444 1932 ἐπιπλεκομένων
1466 1898 1525 1928 ταῖς
1544 1896 1660 1927 εὐθείαις
1684 1896 1736 1922 τῶν
1756 1895 1870 1929 γωνιῶν,

1089 1944 1324 1979 πραγματεύηται,
1350 1943 1397 1970 καὶ
1421 1943 1506 1969 ταῦτα
1527 1944 1555 1969 ἐν
1577 1943 1699 1977 ζοφεροῖς
1722 1941 1792 1967 οὕτω
1816 1942 1871 1971 τοῖς

1089 1990 1212 2024 σίμϐλοις
1226 1990 1273 2016 καὶ
1285 1989 1409 2025 ἀοράτοις
1420 1991 1475 2020 τοῖς
1487 1988 1642 2023 πλάσμασιν
1652 1987 1707 2021 (48)
1717 1994 1724 2001 ·
1737 1988 1764 2013 αἱ
1778 1987 1805 2013 δὲ
1816 1987 1871 2020 (l9)

1088 2034 1132 2061 διὰ
1147 2034 1252 2060 λεπτῶν
1275 2034 1345 2061 οὕτω
1371 2034 1418 2060 καὶ
1438 2034 1537 2068 ἀερίων
1562 2033 1652 2068 σχεδὸν
1676 2033 1729 2059 τῶν
1745 2032 1872 2066 νημάτων

1089 2079 1235 2110 πολυειδῶς
1254 2079 1470 2114 διατεταμένων,
1494 2078 1678 2109 πολυπλόκους
1701 2078 1763 2107 τοὺς
1783 2077 1871 2108 ἱστοὺς

1089 2125 1262 2159 ὲξυφαίνουσι
1275 2125 1330 2160 (50)
1350 2126 1406 2159 (καὶ
1421 2125 1507 2151 ταῦτα
1517 2125 1546 2158 ἐξ
1563 2124 1672 2158 ἀφανῶν
1687 2123 1740 2149 τῶν
1758 2123 1871 2158 ἀρχῶν),

256 2169 309 2190 tam
323 2165 427 2199 exiguis
437 2165 530 2197 initiis,
541 2170 569 2192 ut
579 2166 619 2192 vix
632 2166 683 2192 ulla
692 2166 829 2193 oculorum
839 2166 897 2193 acie
905 2166 1028 2200 pervider

1091 2170 1197 2205 οἴκησίν
1208 2179 1237 2196 τε
1250 2170 1317 2205 ὁμοῦ
1334 2171 1436 2205 τιμίαν,
1451 2171 1497 2197 καὶ
1512 2170 1595 2206 Θήραν
1607 2169 1659 2196 τῶν
1672 2169 1790 2196 ἀσθενῶν
1805 2169 1872 2205 (51),

255 2210 380 2244 possint),
396 2218 455 2244 qua:-
467 2211 530 2244 ipsis
542 2216 569 2238 et
581 2219 630 2246 pro
644 2212 744 2238 eximio
760 2212 877 2246 quodam
898 2212 1036 2239 domicilio

254 2255 318 2287 sint,
340 2260 368 2282 et
387 2257 517 2284 venandis
545 2257 679 2285 alimonia:
708 2265 788 2284 causa
818 2257 1038 2285 imbecillioribus

289 2346 312 2362 ⁸⁸
332 2346 383 2374 Job
399 2355 511 2380 xxxi-nl,
523 2348 569 2376 56.

291 2428 348 2465 (39)
372 2427 508 2465 Ὀρνέῳν.
527 2430 573 2457 Or.
589 2429 614 2462 1,
633 2428 757 2465 ὀρνίθων.

292 2463 347 2499 (Αο)
369 2463 502 2498 Martio“.
517 2465 613 2500 rSchol.
627 2473 633 2491 :
649 2463 749 2500 Μαγᾲς
769 2464 882 2500 κυρίως,
897 2466 914 2500 ἡ
935 2464 985 2500 τῆς
999 2473 1042 2491 κι-

257 2499 342 2534 θάρας
358 2500 405 2535 καὶ
426 2499 477 2533 τῆς
492 2499 575 2534 λύρας
590 2501 606 2535 ὴ
624 2499 674 2531 τὰς
693 2499 791 2534 νεύρας
809 2499 978 2534 βαστάζουσα
995 2509 1043 2526 σα-

257 2533 314 2566 νίς·
333 2543 342 2560 ι
358 2533 470 2568 Proprie
488 2533 531 2561 est
547 2533 692 2562 tabulatum
707 2533 818 2562 Cithara:
839 2536 881 2562 vel
900 2535 1042 2563 testudinis

257 2569 375 2596 chordas
390 2570 551 2596 sustinens.)

294 2603 350 2639 (41)
370 2603 513 2636 Μηδικάς.
530 2604 575 2632 Sic
594 2612 663 2639 pavo
687 2604 846 2639 appellatur,
865 2605 936 2640 quod
957 2612 972 2632 e
989 2604 1044 2632 Me-

259 2639 354 2667 dorum
369 2642 476 2672 regioue
489 2640 524 2665 sit
540 2639 646 2668 allatus.

295 2673 350 2708 (4‘2)
372 2673 405 2701 Ἦ
428 2674 492 2706 ταῖς
508 2676 650 2707 θηλείαις.
671 2675 718 2702 llic
742 2675 847 2702 videtur
865 2675 967 2707 deesse,
983 2675 1041 2701 ἐπι-

259 2708 414 2736 δείκνυσθαι
429 2708 567 2744 βούληται,
581 2715 626 2736 aut
641 2711 727 2737 simile
739 2711 813 2743 quid.
832 2709 911 2737 Ebi'r.

296 2743 524 2780 (43i_esarplfsi.
546 2745 591 2772 Sic
605 2745 686 2773 Coisl.
714 2746 739 2780 1,
760 2745 807 2773 Or.
824 2746 850 2778 1,
869 2751 921 2773 etc.
943 2745 970 2773 In
986 2745 1044 2778 ed.,

260 2778 423 2815 θεατρίζειν.

310 2813 354 2848 ut)
377 2815 449 2847 Τοῖς.
465 2813 555 2845 Forte,
569 2816 638 2847 ταῖς.
655 2815 734 2842 Εοιτ.

298 2840 355 2879 345')
376 2840 580 2887 Οίῷιικίωνξίιι
776 2850 908 2889 οὐρανῶν,
925 2860 933 2877 ι
948 2851 981 2879 ad
995 2857 1046 2878 ca:-

1091 2215 1131 2246 εῑς
1143 2216 1245 2250 τροφῆς
1258 2215 1313 2250 (5'2)
1331 2216 1491 2247 ἀπόλαυσινς
1514 2216 1591 2247 ﬂcio;
1608 2215 1754 2250 Εὐκλείδης
1773 2216 1874 2250 ἐμιμή-

1093 2269 1157 2287 σατο
1181 2260 1276 2294 ταῦτα,
1304 2263 1445 2298 γραμμαῖς
1465 2261 1653 2297 ὲμφιλοσοφῶν
1672 2262 1731 2293 ταῖς
1756 2262 1805 2289 οὐκ
1830 2260 1874 2290 οὗ·

1093 2428 1133 2456 los
1151 2428 1293 2456 tendentis.
1309 2437 1319 2454 ›

1129 2464 1186 2498 (46)
1206 2464 1344 2490 Σύνεσιν.
1361 2461 1427 2490 Tres
1439 2462 1528 2496 Colb.,
1543 2462 1624 2490 Coisl.
1642 2463 1653 2489 Ἰ
1679 2468 1705 2490 et
1716 2462 1821 2494 Comb.,
1835 2461 1876 2488 κί-

1093 2506 1180 2532 νητιν,
1200 2508 1208 2524 1
1227 2505 1339 2526 1110111111.
1358 2507 1367 2523 Ι

1130 2533 1183 2567 (47)
1200 2535 1233 2560 El
1254 2534 1391 2560 δύνασαι.
1406 2535 1484 2560 Deest
1496 2533 1520 2559 in
1531 2533 1652 2568 pluribus
1666 2533 1743 2560 codd.

1134 2568 1379 2603 (48)]1λιὶσμίισι.
1412 2567 1565 2602 cheiidiim
1597 2570 1718 2600 videtur,
1754 2567 1878 2601 uisurus,-

1096 2615 1132 2639 σι,
1153 2613 1161 2628 ε
1181 2605 1261 2630 ii-xiis
1275 2604 1400 2630 calathis.
1421 2612 1431 2629 ι
1451 2603 1636 2631 Alvearioruiu
1657 2603 1728 2630 enim
1754 2605 1811 2630 haec
1836 2606 1878 2628 est

1095 2639 1250 2672 descriptio.

1137 2674 1188 2707 :59)
1208 2675 1241 2700 ΑΙ
1255 2672 1297 2700 δέ.
1314 2672 1360 2700 0r.
1380 2673 1406 2704 l,
1419 2673 1444 2699 οἱ
1459 2673 1498 2700 δέ.

1143 2709 1187 2741 ὄθ)
1214 2708 1434 2741 Ἐξυφαίνουσι.
1454 2708 1500 2735 0r.
1519 2708 1733 2743 1,ὲξυφσίνωσι.

1132 2739 1188 2780 (51)
1214 2739 1367 2770 Ἁσθὲνών.
1388 2743 1454 2778 Reg.
1480 2739 1586 2775 bm,et'
1603 2739 1694 2776 (ti-.1,
1725 2739 1880 2770 ἀσθενεστέ-

1114 2788 1152 2807 ων
1155 2798 1162 2806 .

1099 2789 1188 2847 ρωέἓ)
1211 2813 1334 2848 Τρυφῆς.
1362 2813 1391 2841 ln
1413 2813 1584 2849 quibusdam,
1607 2814 1721 2850 τρυφῆς,
1742 2822 1750 2839 ι
1769 2810 1878 2841 delicia-

1098 2858 1168 2879 rum.
1187 2859 1196 2875 ›
