2049 3131
164 153 197 180 61
664 150 798 179 ORATIO
819 153 938 181 XXVIII.
957 170 992 175 —
1012 154 1232 183 THEOLOGICA
1253 154 1286 183 II.
1763 155 1798 183 62

167 219 226 241 σαις
252 207 319 244 (55),
336 209 383 236 καὶ
405 208 516 243 κάμνων
536 208 564 234 ὲν
589 209 649 240 ταῖς
677 209 862 244 ἀποδείξεσιν;
879 212 956 244 Τίνος

1010 214 1193 241 animantibus
1210 212 1378 240 inserviant?
1394 211 1492 246 Ecquis
1515 211 1636 239 Euclides
1650 212 1699 239 hoc
1713 213 1797 240 artiﬁ-

166 256 345 291 Παλαμήδους
364 254 420 290 (54)
438 254 553 281 τακτικὰ
568 255 708 290 κινήματα
724 264 753 282 τε
769 257 816 283 καὶ
829 258 957 292 σχήματα

166 303 299 338 γεράνων,
317 300 355 332 ὥς
372 309 448 335 φασι.
463 300 510 327 καὶ
534 299 618 326 ταῦτα
639 300 810 336 παιδεύματα
829 303 957 338 κινουμέ-

166 358 219 376 νων
238 349 266 373 ἐν
292 347 378 379 τάξει,
404 346 450 372 καὶ
483 345 553 381 μετὰ
582 345 707 381 ποικίλης
732 347 783 381 τῆς
809 348 956 382 πτήσεως;

166 396 242 423 Ποῖοι
259 393 373 424 Φειδίαι,
391 392 439 419 καὶ
456 391 578 423 Ζεύξιδες
602 391 658 426 (55)
672 412 679 422 ,
703 393 751 419 κα)¹
775 393 956 428 Πολύγνωτοι,

166 439 317 476 [lappis-toi
332 439 363 464 τέ
378 447 449 469 τινες
475 438 522 464 καὶ
544 437 764 472 ’Λγλαὸψωντες,
785 440 870 474 κάλλη
897 440 956 475 μεθ’

167 485 319 521 ὑπερϐολῆς
333 484 449 520 γράφειν
465 483 512 510 καὶ
527 482 656 510 πλάττειν
669 484 783 517 εἰδότες;
799 485 846 517 Τίς
860 486 957 513 Κνώσ-

166 539 223 563 σιος
237 530 292 565 (56)
306 529 434 556 Δαιδάλου
449 529 527 564 χορὸς
539 529 707 565 ἐναρμόνιος,
720 531 812 567 νύμφῃ
829 531 957 567 πονηθεὶς

165 582 206 612 εἰς
232 580 346 612 κάλλους
377 579 556 615 περιουσίαν;
584 579 602 615 ἢ
632 578 792 614 λαϐύρινθος
818 578 956 613 Κρητικὸς

165 627 330 658 δυσδιέξοδος
355 627 401 653 καὶ
427 626 594 659 δυσέλικτος,
620 625 771 661 ποιητικῶς
794 626 891 658 εἰπεῖν,
909 625 956 651 καὶ

166 673 296 704 πολλάκις
313 673 368 706 (ΞΠ)
388 673 517 699 ἁπάντων
541 673 631 708 ἑαυτῷ
652 674 709 704 τοῖς
728 672 777 707 τῆς
798 672 895 706 τέχνης
910 679 955 697 σο-

165 718 312 752 coicitur»;
329 718 383 743 Kal.
397 716 492 744 σιωπῶ
510 718 662 753 μυρμήκων
678 717 779 752 ταμεῖὰ
793 717 849 753 (58)
863 726 892 743 τε
909 717 956 744 καὶ

164 762 277 796 ταμίας,
303 763 349 788 καὶ
373 761 560 798 θησαυρισμδν
582 763 687 798 τροφῆς
711 762 750 798 τῷ
774 762 863 798 καιρῷ
887 762 956 797 σύμ-

168 817 278 844 μετρον,
288 808 374 836 τᾶλλα
387 817 416 834 τε
432 809 480 834 ὅσα
495 809 559 844 περὶ
577 809 644 836 ὁδῶν
660 809 707 836 καὶ
723 810 788 846 περὶ
804 809 858 844 (59)
875 810 956 844 ἡγου-

167 853 266 888 μένων,
291 853 339 879 καὶ
361 853 411 888 τῆς
437 854 466 881 ὲν
485 855 541 885 τοῖς
565 854 657 889 ἔργοις
683 854 808 886 εὐταξίας
832 854 955 889 ἔγνωμεν

166 899 356 934 ἱστορούμενα.

1008 260 1080 286 cium
1108 267 1225 293 unquam
1247 258 1379 285 imitando
1406 258 1550 291 expressit,
1576 258 1609 284 de
1636 258 1714 285 lineis
1734 266 1796 292 per-

1009 310 1130 332 tractans
1148 313 1282 339 nusquam
1298 304 1480 334 exstantibus,
1493 308 1573 336 atque
1588 304 1613 330 in
1629 304 1797 331 demonstra-

1008 351 1125 379 tionibtts
1144 351 1226 377 anxio
1241 351 1334 377 labore
1348 350 1503 377 desudans?
1519 349 1616 384 Ecquis
1628 350 1795 382 Palamedes,

1007 398 1052 432 qui
1071 398 1151 424 etiam
1165 398 1234 424 aciei
1252 396 1419 423 instruenda:
1435 399 1530 427 artem,
1544 403 1575 422 ac
1587 401 1674 422 motus
1688 400 1714 422 et
1730 396 1796 430 figu-

1008 451 1060 475 ras,
1076 444 1157 470 nullis
1182 443 1242 469 aliis
1261 442 1474 478 praeceptoribus
1495 449 1575 476 quain
1590 441 1711 474 gruibus,
1732 449 1797 468 usus

1007 489 1134 517 didicisse
1151 489 1246 521 fertur,
1265 496 1326 515 cum
1344 487 1471 514 videlicet
1491 494 1538 514 eas
1557 487 1653 513 ordine
1675 494 1706 513 ac
1727 487 1797 513 mul-

1007 533 1088 566 tiplici
1103 533 1209 560 volatus
1223 540 1322 567 genere
1340 531 1442 559 moveri
1460 532 1665 566 perspexisset?
1679 531 1795 564 Quinam

1007 578 1118 610 Phidim,
1133 583 1159 605 et
1176 578 1320 611 Zenxides,
1338 581 1365 605 et
1385 577 1535 612 Polygnoti,
1560 576 1695 604 Parrhasii
1712 577 1795 603 etiam

1007 630 1034 652 et
1064 625 1278 660 Aglaophontes,
1297 625 1343 660 qui
1372 623 1524 651 incredibili
1551 623 1664 657 quadam
1687 623 1796 657 elegan-

1008 671 1072 698 tittm
1088 671 1236 698 formarum
1261 670 1457 705 pingendarum
1480 674 1507 697 et
1524 668 1730 702 Sculpemlarum
1748 675 1796 702 pe-

1006 716 1067 743 ritia
1081 716 1255 744 claruerunt?
1281 716 1348 749 Quis
1362 715 1494 743 Gnossius
1513 714 1594 749 516
1619 713 1717 741 Daedali
1731 714 1794 741 cho-

1007 770 1053 789 rus
1073 763 1105 789 ad
1126 762 1244 789 musicos
1264 769 1391 789 numeros
1418 768 1478 788 sese
1505 768 1628 792 movens,
1646 760 1672 786 in
1700 759 1794 793 puelke

1007 808 1121 843 gratiam
1140 807 1173 834 ad
1197 815 1307 834 omnem
1323 807 1391 834 artis
1408 806 1637 840 pulchritttdinem
1657 805 1796 832 confectus

1007 859 1034 881 et
1053 854 1207 889 expolitus?
1223 854 1288 887 Quis
1308 854 1447 881 Cretensis
1461 853 1641 887 labyrintltus,
1657 857 1686 878 ut
1704 856 1796 886 poeta-

970 895 992 922 Β
1008 908 1066 927 rum
1083 907 1159 927 more
1180 900 1284 933 loquar,
1303 899 1423 927 diﬂiciles
1445 900 1534 927 exitus
1554 903 1581 925 et
1604 898 1732 932 ambages
1752 897 1797 924 ha-

166 945 243 977 bcns,
275 945 473 980 identidetnque
503 947 531 974 in
565 953 625 974 sese
642 954 690 981 per
702 948 769 975 artis
801 947 962 975 industriam
979 948 1142 975 incurrens?
1165 948 1254 975 Taceo
1286 947 1460 974 formicarum
1491 946 1620 981 penuaria
1650 953 1798 979 eorumque

167 991 306 1023 custodes,
322 996 348 1017 et
381 991 503 1019 alimenti
538 992 733 1026 aggestionem,
764 993 879 1028 tempori
896 994 1115 1028 respondentem,
1134 1001 1165 1021 ac
1179 998 1274 1020 cmtera
1289 1000 1321 1020 ea
1347 1000 1417 1027 quze,
1429 997 1456 1019 et
1469 993 1502 1019 de
1529 999 1622 1019 earum
1639 991 1689 1018 viis
1703 998 1734 1017 ac
1747 991 1797 1017 du-

166 1037 252 1068 cibus,
277 1042 304 1064 et
322 1044 355 1064 eo
377 1038 481 1071 ordine,
515 1046 595 1072 quem
628 1039 654 1066 in
680 1039 807 1074 operibus
831 1045 952 1073 servant,
973 1040 1147 1068 historiarum
1160 1040 1340 1067 monumentis
1354 1039 1511 1073 consignata
1533 1045 1606 1066 sunt.

202 1083 273 1116 KG’.
288 1083 320 1109 El
331 1082 433 1110 τούτων
449 1083 560 1118 ἐφικτὸς
579 1085 593 1110 ὁ
609 1083 689 1118 λόγος
704 1093 756 1116 σοι,
771 1085 819 1112 ml.
834 1084 883 1120 τὴν
895 1085 959 1121 περὶ

165 1127 253 1154 mira
267 1127 373 1155 σύνεσιν
394 1128 490 1162 ἔγνως,
513 1128 611 1164 σκέψαι
637 1130 683 1156 καὶ
706 1130 798 1164 φυτῶν
815 1130 958 1166 διαφορὰς,

167 1173 247 1209 μέχρι
264 1174 372 1209 καὶτῆς
395 1175 423 1200 ὲν
443 1174 551 1208 φύλλοις
577 1175 757 1210 φιλοτεχνίας,
776 1175 844 1212 πρὸς
859 1176 890 1202 τὸ
901 1177 960 1211 ἥδι-

169 1219 230 1245 στόν
247 1227 276 1244 τε
287 1217 345 1253 ἅμα
359 1219 419 1250 ταῖς
440 1218 528 1253 ὄψεσι,
547 1220 593 1246 καὶ
608 1221 664 1251 τοῖς
679 1222 797 1255 καρποῖς
815 1220 959 1256 χρησιμώ-

166 1273 255 1291 τατον.
271 1264 373 1298 Σκέψαι
397 1273 443 1300 μοι
467 1265 513 1292 καὶ
531 1265 644 1301 καρπῶν
663 1266 800 1294 ποικιλίαν
815 1267 862 1293 καὶ
879 1266 959 1301 ἀφθο-

165 1312 236 1344 νίαν,
255 1313 303 1340 καὶ
317 1312 434 1348 μάλιστα
451 1313 506 1340 τῶν
521 1314 743 1348 ἀναγκαιοτάτων
760 1315 790 1342 τὸ
805 1315 957 1342 κάλλιστον.

166 1359 221 1386 Καὶ
238 1359 336 1394 σκέψαι
353 1369 396 1395 μοι
415 1361 462 1387 καὶ
477 1360 606 1396 δυνάμεις
619 1361 712 1396 ῥιζῶν,
731 1362 778 1389 καὶ
794 1361 899 1397 χυμῶν,
911 1361 959 1388 καὶ

166 1403 279 1434 ἀνθέων,
303 1404 350 1431 καὶ
371 1404 471 1440 ὀδμῶν,
495 1405 544 1439 οὐχ
568 1404 683 1439 ἡδίστων
707 1406 800 1441 μόνον,
822 1405 891 1432 ἀλλὰ
912 1406 958 1432 κα)¹

166 1450 234 1485 πρὸς
260 1450 366 1484 ὑγίειαν
388 1451 562 1486 ἐπιτηδείων,
587 1452 636 1478 καὶ
664 1451 817 1487 χρωμάτων
843 1453 957 1488 χάριτας

165 1495 213 1522 καὶ
229 1495 384 1531 ποιότητας,
407 1496 446 1522 ἔτι
466 1496 494 1522 δὲ
519 1496 600 1522 λίθων
625 1497 799 1528 πολυτελείας
818 1498 864 1524 καὶ
881 1498 955 1524 διαυ-

165 1541 256 1575 γείας·
275 1542 369 1577 ἐπειδή
389 1550 430 1568 σοι
448 1543 536 1569 πάντα
551 1542 716 1578 προῦθηκεν,
734 1543 828 1579 ὥσπερ
845 1545 874 1570 ἐν
886 1552 954 1570 παν·
968 1530 992 1561 c

166 1586 256 1622 Sami;
272 1589 358 1622 κοινῇ,
375 1587 424 1614 ὅσα
441 1596 470 1614 τε
494 1589 629 1623 ἀναγκαῖα
654 1589 701 1615 καὶ
721 1589 770 1615 ὅσα
796 1589 863 1624 πρὸς
884 1589 952 1616 ἀπό-

165 1633 271 1664 λαυσιν,
320 1633 417 1666 φύσις·
436 1634 480 1667 ἵν’,
497 1635 521 1661 εἰ
537 1637 572 1671 μή
585 1645 611 1662 τι
624 1635 698 1664 ἄλλο.
716 1636 747 1668 ἐξ
758 1632 795 1662 ὧν
811 1636 952 1671 εύεργετῇ,

166 1679 303 1715 γνωρίσῃς
321 1679 396 1712 Θεὸν,
411 1680 457 1707 καὶ
471 1680 508 1716 τῷ
526 1680 640 1712 δεῖσθαι,
661 1682 727 1718 γένῃ
746 1681 859 1708 σεαυτοῦ
889 1691 953 1709 συν-

167 1725 309 1761 ετώτερος.
324 1726 462 1752 Ἐντεῦθεν
470 1726 565 1753 ἐπελθέ
582 1737 626 1763 μοι
643 1729 693 1763 γῆς
709 1728 794 1764 πλάτη
811 1728 858 1754 καὶ
870 1729 957 1764 μήκη,

165 1773 214 1807 τῆς
234 1772 327 1806 κῡινῆς
343 1772 451 1799 πάντων
468 1774 581 1809 μητρὸς.
599 1775 646 1800 καὶ
659 1774 775 1806 κόλπους
786 1774 956 1807 θαλαττίους,

166 1818 290 1852 ἀλλήλοις
301 1827 330 1844 τε
347 1819 394 1845 καὶ
406 1821 438 1854 τῇ
457 1821 491 1854 γῇ
506 1820 713 1855 συνδεδεμένους
731 1820 798 1855 (60).
812 1821 857 1847 καὶ
868 1821 957 1847 ἀλσῶν

167 1864 265 1898 κάλλη.
289 1865 336 1891 καὶ
356 1866 506 1900 ποταμοὺς,
533 1866 580 1892 καὶ
602 1866 694 1901 πηγὰς
714 1866 835 1901 δαψιλεῖς
852 1876 882 1893 τε
909 1868 956 1894 καὶ

167 1909 307 1942 ἀεννάους,
331 1911 361 1936 οὺ
388 1911 467 1946 μόνον
489 1911 600 1946 ψυχρῶν
627 1912 674 1939 καὶ
698 1912 820 1946 ποτίμων
839 1912 953 1944 ὑδάτων,

167 1957 216 1983 καὶ
230 1956 282 1982 τῶν
297 1957 366 1993 ὑπὲρ
377 1958 429 1992 γῆς
445 1958 512 1993 (Gl),
531 1957 598 1984 ἀλλὰ
615 1958 662 1984 κα).
673 1957 734 1984 ὅσαι
746 1958 798 1983 ὑπὸ
810 1959 860 1991 γῆν
879 1958 956 1993 ῥέου-

168 2010 224 2034 σαι,
241 2002 289 2029 καὶ
311 2003 452 2038 σήραγγας
467 2003 521 2038 (6‘2)
534 2012 610 2034 τινας
625 2003 830 2039 ὑπο-τρέχουσαι,
848 2002 895 2030 εἶτ’
917 2003 958 2036 ἑξ-

165 2046 320 2083 ωΟοὺμεναι
345 2048 425 2084 βιαίῳ
441 2048 479 2085 τῷ
495 2049 630 2084 πνεύματι
646 2049 694 2075 καὶ
716 2049 957 2084 ἀντιτυπούμεναι,

201 2148 258 2184 (55)
276 2149 462 2184 Γραμμαῖς...
479 2150 534 2176 οὑκ
548 2150 663 2183 οὔσαις,
691 2160 699 2175 ι
717 2149 808 2177 Lineis
822 2158 952 2184 nusquam

166 2185 336 2212 exstantibus
355 2192 363 2211 :
383 2186 424 2211 vel
439 2185 521 2219 quod,
541 2194 551 2211 ›
571 2186 659 2220 inquit
679 2185 759 2215 l'llias.
781 2195 791 2211 ι
813 2186 839 2212 in
870 2186 953 2212 animi

167 2220 382 2246 consideratione
397 2227 449 2246 non
465 2220 594 2250 hzereant.
611 2226 763 2254 postquam,
777 2228 871 2248 earum
888 2228 955 2254 qua-

167 2255 188 2282 si
206 2254 350 2281 simulacra
369 2255 542 2287 evanuerint;
558 2255 599 2282 vel
616 2257 697 2288 quod,
721 2265 729 2281 ι
750 2257 824 2282 addit
840 2255 934 2282 Billius
946 2275 954 2287 ,

170 2299 180 2316 ι
201 2290 288 2316 oculis
303 2290 376 2316 cerni
393 2295 537 2323 nequeant.
559 2300 569 2316 ι
585 2289 681 2323 Quidni
703 2291 800 2324 potius.
815 2291 954 2321 addemus.

167 2325 238 2358 quod
266 2332 319 2352 non
339 2325 494 2360 exstentrin
511 2333 601 2352 rerum
621 2331 733 2357 natura;
756 2326 853 2360 quippe
868 2334 928 2360 quae
941 2333 956 2352 a

168 2360 368 2386 mathematicis
382 2359 437 2386 sola
455 2359 631 2394 longitudinis
644 2359 810 2387 dimensione
834 2361 958 2387 conside-

167 2399 272 2435 rantur,
287 2395 360 2422 nulla
376 2395 468 2422 habita
481 2395 588 2423 ratione
603 2395 755 2423 latitudinis
774 2401 801 2422 et
818 2395 957 2429 profundi-

168 2434 240 2457 tatis.

202 2464 259 2499 (54)
278 2464 490 2500 Παλαμήδους.
523 2464 630 2493 Primus
660 2465 816 2492 Palamedes
854 2465 955 2497 fertur,

166 2508 262 2534 gruum
293 2501 458 2534 compositos
474 2505 563 2527 motus
584 2501 762 2531 observando,
787 2501 894 2535 figuras,
915 2508 958 2528 se—

166 2536 283 2562 cundum
298 2542 367 2569 quas
388 2535 558 2562 instruuntur
571 2536 654 2567 acies,
673 2535 817 2563 invenisse.
835 2536 904 2569 Quid
925 2537 957 2562 de

167 2571 278 2604 gruibus
293 2570 403 2604 scripsit
415 2570 531 2602 Plinius,
546 2570 604 2604 lege
614 2570 660 2597 Iib.
681 2578 706 2602 x,
720 2577 744 2595 c.
764 2570 810 2598 οι.

279 2605 402 2645 ﬁatﬁat,
416 2605 465 2632 καὶ
473 2605 624 2645 Ζεύξιδεςι,
635 2611 714 2645 _etc._«
727 2604 836 2645 Phidias
851 2615 861 2631 ι
877 2605 957 2645 Athe-

169 2640 284 2671 niensis,
295 2640 556 2672 nobilisstatuarius,
574 2642 618 2675 qui
633 2640 660 2667 in
675 2640 755 2675 ebore
766 2641 909 2675 scalpendo
923 2641 958 2667 ci-

168 2679 208 2701 tra
228 2675 354 2702 azmulum
369 2676 479 2702 claruit.
502 2684 512 2701 ι
530 2675 628 2702 Zeuxis
650 2685 660 2701 ι
684 2674 856 2702 Heracleotes
872 2676 958 2709 pietur

168 2718 215 2737 sua
229 2715 309 2738 aelate
321 2711 465 2738 maximus.
487 2719 496 2736 ι
511 2710 683 2746 Polygnotus,
697 2719 711 2746 γ»
730 2711 817 2744 patria
830 2710 954 2746 Thasius,

167 2749 196 2785 et
210 2746 309 2785 pictor,
328 2746 503 2785 nonagesima
520 2745 677 2785 Olympiade
691 2745 791 2772 ﬂoruit.
801 2754 815 2785 _r
834 2745 955 2785 Parrha«

169 2781 242 2816 sius,
257 2790 267 2807 ι
285 2781 373 2814 pictor
384 2781 507 2816 insignis,
520 2781 565 2816 qui
580 2781 682 2815 primus
696 2781 852 2816 synietriatn
870 2781 959 2816 pictu-

173 2821 210 2841 ra:
229 2815 342 2855 deditLg
364 2815 545 2855 Aglaophon)
564 2817 651 2855 pictor
665 2815 864 2848 nobilissimus,
883 2815 958 2849 cujus

171 2850 292 2877 meminit
305 2850 407 2877 Plinius
423 2851 443 2876 I.
461 2859 542 2883 xxxv,
555 2859 581 2878 c.
594 2851 621 2878 9.

205 2884 262 2921 456)
280 2884 448 2921 Κνώσσιος,
466 2891 516 2915 etc.
538 2895 547 2913 ι
566 2885 686 2916 Guossus
703 2895 712 2914 ι
734 2887 796 2915 urbs
805 2886 890 2915 Creta:
904 2885 956 2914 chr

1043 1085 1137 1113 XXVI.
1158 1085 1234 1118 Quod
1256 1084 1278 1112 si
1310 1085 1408 1112 horum
1429 1084 1550 1111 omnium
1575 1084 1695 1110 rationes
1724 1090 1797 1110 asse-

1008 1131 1113 1166 queris,
1136 1138 1168 1158 ac
1190 1130 1360 1165 prudentiam
1383 1137 1454 1161 eam,
1470 1137 1523 1164 qua
1537 1129 1731 1163 gubernantur,
1749 1136 1797 1154 (:0—

1008 1177 1111 1212 gnitam
1137 1180 1164 1204 et
1190 1176 1357 1210 exploratam
1375 1175 1470 1207 babes,
1495 1174 1588 1202 confer
1603 1174 1659 1208 jam
1678 1175 1795 1201 animum

1007 1222 1041 1249 ad
1059 1222 1136 1248 varia
1153 1221 1279 1255 stirpium
1296 1227 1407 1255 genera,
1421 1220 1621 1254 artificiuntque
1634 1220 1714 1246 etiam
1733 1219 1796 1246 illud

1008 1267 1141 1303 expende,
1158 1267 1230 1302 quod
1246 1266 1318 1294 foliis
1335 1267 1402 1301 ipsis
1422 1266 1503 1298 inest,
1525 1266 1659 1301 simulque
1670 1270 1697 1292 et
1711 1266 1798 1292 maxi-

1007 1322 1078 1341 mam
1110 1313 1197 1340 oeulis
1231 1313 1404 1348 voluptatem,
1439 1316 1465 1339 et
1495 1311 1626 1338 fructibus
1655 1311 1796 1338 utilitatem

1006 1360 1095 1388 affert.
1115 1360 1274 1392 Considera,
1302 1366 1403 1393 quaeso,
1423 1363 1449 1386 et
1480 1358 1613 1385 fructuum
1634 1358 1796 1384 varietatem

1005 1412 1033 1435 et
1055 1407 1221 1434 uberrimam
1243 1405 1361 1440 copiam,
1381 1413 1413 1432 ac
1440 1405 1591 1440 praesertim
1609 1411 1714 1435 eorum,
1738 1411 1798 1436 quae.

1005 1454 1038 1480 ad
1055 1454 1137 1480 vitam
1150 1453 1298 1487 degendam
1312 1452 1428 1479 maxime
1447 1451 1602 1478 necessaria
1624 1454 1697 1482 sunt,
1717 1457 1791 1476 sum-

1006 1506 1078 1526 mam
1109 1498 1349 1532 pulchritudinem.
1377 1495 1472 1531 Cogita
1506 1496 1587 1522 etiam
1618 1495 1748 1528 stirpium
1770 1499 1798 1521 et

1007 1552 1161 1577 succorum,
1191 1548 1218 1572 et
1247 1544 1343 1571 ﬂorum
1375 1548 1456 1578 atque
1483 1543 1608 1574 odorum,
1633 1549 1686 1568 non
1715 1541 1798 1568 modo

1007 1591 1243 1624 suavissimorum,
1257 1597 1349 1617 verum
1362 1589 1443 1617 etiam
1462 1589 1495 1615 ad
1511 1587 1632 1622 corporis
1652 1588 1796 1614 sanitatem

1007 1638 1221 1674 aptissimorum,
1252 1636 1324 1664 vires
1352 1641 1380 1663 et
1400 1635 1551 1667 facultates,
1579 1633 1698 1661 colorum
1715 1633 1797 1660 etiam

1007 1684 1167 1719 elegantiam
1183 1687 1211 1709 et
1223 1683 1378 1717 qualitates,
1395 1686 1477 1716 atque
1495 1681 1606 1713 insuper
1626 1687 1793 1714 gemmarum

1007 1729 1105 1757 eximia
1122 1729 1207 1764 pretia
1222 1733 1249 1756 et
1263 1729 1436 1763 splendores;
1456 1726 1673 1762 quandoquidem
1691 1725 1796 1758 omnia,

1008 1781 1061 1804 tam
1080 1784 1139 1810 qua:
1156 1776 1190 1802 ad
1206 1775 1375 1803 necessarios
1395 1775 1456 1801 vita).
1479 1781 1555 1805 usus,
1575 1780 1655 1807 quam
1681 1779 1741 1806 quae
1757 1771 1792 1798 ad

1006 1822 1115 1850 delicias
1141 1826 1274 1856 spectant,
1297 1821 1370 1848 velut
1393 1821 1420 1847 in
1441 1819 1576 1847 communi
1602 1817 1727 1845 convivio
1745 1825 1794 1843 na-

1008 1872 1068 1895 tura
1084 1868 1242 1903 proposuit;
1262 1872 1300 1899 ut,
1317 1867 1339 1894 si
1363 1867 1430 1894 nihil
1449 1865 1533 1898 aliud,
1555 1872 1587 1892 ex
1610 1865 1676 1899 ipsis
1696 1864 1794 1891 saltem

1010 1915 1150 1942 beneficiis
1167 1915 1249 1942 Deum
1265 1921 1422 1948 cognoscas,
1441 1918 1523 1945 atque
1539 1912 1573 1938 ob
1587 1911 1725 1946 penuriam
1742 1917 1795 1944 qua

1008 1961 1128 1993 laboras,
1163 1961 1248 1995 teipso
1278 1959 1438 1994 prudentior
1465 1958 1604 1985 etliciaris.
1631 1957 1699 1984 llinc
1731 1955 1796 1982 mihi

1011 2007 1102 2039 facito,
1122 2012 1150 2033 ut
1166 2011 1243 2033 terrae
1259 2005 1410 2032 communis
1426 2004 1547 2031 omnium
1563 2002 1682 2038 parentis
1704 2002 1797 2028 tatitu-

1011 2051 1101 2078 dinem
1122 2050 1371 2084 longitudinemque
1393 2056 1547 2084 percurras,
1568 2053 1596 2075 et
1612 2048 1695 2074 maris
1709 2047 1797 2080 sinus,

1008 2151 1125 2183 rissima,
1147 2151 1244 2178 Minois
1261 2151 1344 2186 regia,
1360 2151 1423 2178 olim
1445 2159 1454 2176 ι
1475 2150 1590 2186 Ceratus
1607 2158 1616 2175 )
1633 2147 1763 2186 appellata
1781 2155 1795 2174 a

1007 2186 1096 2213 vicino
1107 2187 1228 2221 ejusdem
1244 2184 1360 2214 nominis
1376 2185 1466 2213 ﬂuvio.
1484 2186 1519 2212 Ea
1534 2184 1582 2212 fttit
1602 2185 1671 2221 apud
1691 2188 1798 2221 veteres

1008 2222 1040 2248 de
1056 2218 1161 2249 Daedalo
1177 2222 1281 2256 opinio,
1300 2221 1371 2254 quod
1387 2222 1483 2248 statuis
1499 2220 1681 2256 immobilibus
1703 2218 1798 2245 oculos

1008 2256 1155 2288 induxerit,
1183 2254 1415 2291 a'tque’cll'eceril,
1439 2256 1535 2282 abditis
1559 2254 1716 2291 quibusdam
1737 2261 1798 2279 ner-

1007 2291 1060 2323 vis,
1080 2296 1109 2319 ut
1133 2293 1186 2319 huc
1202 2288 1283 2326 alque
1305 2291 1367 2318 illuc
1390 2288 1574 2326 moverentur,
1592 2290 1660 2326 adeo
1675 2288 1798 2326 scite,'_t_tt

1008 2327 1194 2360 spectantibus
1218 2322 1309 2354 vivere
1330 2326 1495 2353 viderentur.
1510 2325 1575 2352 Vide
1594 2324 1737 2360 Diodorum
1755 2322 1798 2360 Si-

1008 2357 1097 2388 culum
1117 2362 1163 2390 lib.
1186 2370 1212 2394 v,
1239 2366 1293 2390 etc.
1321 2361 1392 2388 Idem
1419 2361 1543 2387 Daedalus
1564 2357 1797 2394 labyrinthtnnjn

1009 2396 1090 2423 Creta
1104 2391 1266 2429 construxit,
1280 2396 1420 2429 multiplici
1436 2397 1558 2422 intricata
1571 2391 1675 2420 viarum
1692 2391 1797 2429 perple-

1010 2431 1094 2458 xitate
1109 2426 1318 2459 irremeabiletn.
1340 2426 1406 2459 Vide
1425 2431 1519 2465 Virgil.
1541 2429 1607 2457 zEn.
1625 2436 1652 2461 v,
1669 2432 1696 2455 et
1717 2426 1795 2454 Ovid.

1008 2465 1119 2493 Metam.
1134 2475 1192 2495 vttt.

1044 2501 1100 2536 (57)
1120 2502 1174 2529 Kal
1191 2503 1351 2535 πολλάκις,
1365 2507 1418 2528 etc.
1440 2510 1449 2526 ι
1466 2500 1553 2535 Atque
1565 2498 1711 2526 artiﬁciosa
1723 2497 1794 2524 fran-

1009 2536 1042 2563 de
1057 2537 1191 2564 multolies
1206 2537 1406 2570 reciprocatu's?
1422 2546 1432 2562 ι

1055 2571 1100 2607 58)
1123 2572 1237 2606 Ταμεῖα.
1254 2572 1386 2603 Combef.,
1399 2571 1520 2607 ταμιεῖα.

1057 2604 1094 2633 59
1121 2604 1201 2641 Περί.
1218 2608 1295 2634 Deest
1310 2608 1334 2634 in
1351 2604 1442 2633 tribus
1451 2606 1538 2635 Colb.,
1555 2609 1582 2631 et
1594 2604 1641 2632 0r.
1657 2604 1682 2631 1.

1056 2608 1100 2676 60)
1118 2642 1366 2676 Συνὸεδεμένους.
1382 2642 1427 2668 Sic
1438 2641 1503 2675 lteg.
1522 2649 1547 2668 a.
1564 2639 1594 2666 In
1614 2640 1669 2671 ed.,

1010 2676 1117 2712 μένους.

1044 2707 1102 2746 (61)
1120 2710 1176 2738 Καὶ
1193 2709 1253 2746 τῶκ
1264 2709 1339 2743 ὑπὲρ
1349 2709 1415 2743 γῆς,
1429 2713 1507 2746 etc.__¢
1524 2707 1796 2746 Qumqtte_sttper_ter-

1009 2742 1077 2778 rain,
1090 2742 1120 2773 ἐι
1139 2753 1200 2780 qua:
1213 2745 1308 2772 subtus
1324 2742 1434 2771 terram.
1454 2753 1463 2769 ι
1479 2743 1559 2770 Forte
1579 2742 1713 2780 significat
1729 2742 1799 2780 Gre-_

1009 2777 1100 2816 gorius
1115 2777 1199 2815 aquas
1217 2779 1327 2816 calidas,
1349 2784 1376 2806 et
1389 2787 1436 2806 eas
1450 2786 1509 2814 quae
1520 2785 1552 2805 ex
1571 2777 1686 2805 metallis
1707 2777 1795 2805 rnedi-

1009 2815 1146 2844 catninum
1159 2815 1211 2842 vim
1227 2815 1365 2841 haurittnt.

1047 2851 1104 2887 (62)
1124 2850 1291 2886 Σήραγγας.
1311 2850 1337 2877 Itt
1352 2849 1522 2885 quibusdam,
1536 2847 1677 2884 σύριγγας.

1118 2638 1366 2677 Συὶεὸεδεμένους.
1382 2642 1427 2668 Sic
1438 2641 1503 2675 lteg.
1522 2649 1547 2668 a.
1564 2639 1594 2666 In
1614 2640 1669 2671 ed.,
1686 2638 1793 2665 aquso—
