2049 3131
236 121 272 150 65
825 124 854 152 S.
875 123 1040 152 GREGORII
1061 123 1234 152 THEOLOGI
1828 119 1864 149 04

236 181 294 206 tum
310 182 402 205 mutuo
422 185 503 211 nexu,
520 182 576 206 tum
594 179 676 207 etiam
700 187 761 206 cum
781 184 852 208 terra
868 181 939 208 velut
965 181 1025 208 vin-
1040 189 1062 211 Λ

237 224 305 252 culis
317 224 477 259 quibusdam
492 225 666 259 constrictos,
680 230 708 253 et
721 234 861 254 nemorum
876 227 1025 261 pulchritu-

237 269 324 301 dines,
348 274 375 296 et
397 269 505 303 ﬂuvios,
533 275 562 298 et
587 269 675 298 fontes
702 271 798 299 uberes
816 279 849 299 ac
877 278 1022 307 perennes,

238 323 292 343 non
309 315 388 342 modo
401 316 551 350 gelidarum
568 321 595 344 et
607 317 764 351 potabilium
783 325 926 353 aquarum,
949 326 1026 353 quae-

238 368 290 396 que
302 361 328 388 in
343 366 415 388 terra
429 366 502 396 sunt,
520 363 567 390 sed
579 371 674 390 earum
696 363 791 396 etiam,
807 371 868 398 qua:
880 363 949 391 infra
969 369 1026 392 ter-

239 414 297 435 ram
327 406 453 441 ﬂuentes,
477 413 505 436 et
531 416 629 443 specus
652 409 783 444 quosdam
807 410 964 443 subeuntes,
994 419 1026 438 ac

240 452 336 480 deinde
354 453 471 480 violento
486 453 577 488 aliquo
597 453 662 481 ﬂatu
684 453 805 489 impulsa:
826 459 908 488 atque
934 462 1026 489 reper-

234 495 337 530 ‘cussaa,
365 505 457 533 postea
485 507 534 534 per
552 499 692 527 conﬂictus
711 499 823 534 h-juSce
845 505 927 535 atque
950 501 1028 528 oblu-

240 543 366 571 ctationis
395 544 592 572 vehementiam
621 544 809 578 inﬂammatae,
839 554 946 580 quaqua
973 546 1028 574 fors

242 588 352 621 tulerit,
379 590 508 624 paulatim
535 596 703 625 erumpunt,
734 591 852 622 hincque
878 592 1027 619 calidorum

241 633 399 661 balneorum
423 642 502 662 usum
527 636 606 663 nobis
631 637 769 671 plerisque
790 643 868 664 terra:
899 637 976 669 locis,
1001 641 1029 664 et

241 687 303 707 cum
332 681 469 707 contraria
495 681 640 714 facultate,
667 683 849 717 suppeditant,
880 684 1028 717 gratuitam

242 726 348 753 scilicet
361 727 524 754 medicinam
539 736 570 755 ac
586 728 666 763 517
686 734 782 762 sponte
810 734 1028 763 promananlem.

243 771 301 805 Dic,
307 772 573 807 obsecro,qnomodo
584 779 611 801 et
621 775 690 801 unde
701 774 776 801 ham?
788 775 916 807 Quaenam
931 782 1029 810 magna

244 819 302 846 haec
319 823 401 853 atque
415 820 482 846 artis
499 827 597 854 expers
613 821 736 847 textura?
757 821 811 848 Nec
828 821 900 848 enim
920 821 954 848 ob
972 829 1031 847 mu-

244 868 316 890 tuam
349 871 410 892 eam
436 865 622 898 alIectionem,
649 873 731 900 quam
751 866 821 893 inter
849 874 879 893 se
914 866 1029 898 habent,

244 909 335 937 minus
356 910 444 939 laudis
475 917 624 943 uterentur.
650 921 731 947 quam
753 913 777 940 si
799 914 913 941 seorsim
931 921 1029 940 unum-

244 956 370 991 quodque
397 958 593 986 consideretur.
618 959 678 992 Quo
703 964 780 994 pacto
808 965 880 986 terra
906 960 985 987 ﬁrma
1003 965 1031 987 et

245 1000 356 1029 immota
384 1003 524 1030 constitit?
539 1004 673 1037 Quidnam
698 1012 746 1038 pro
783 1005 908 1032 vehiculo
929 1005 1029 1032 habet?

245 1047 327 1081 Cujus
339 1049 377 1075 rei
391 1049 556 1077 adminiculo
578 1050 706 1078 fulcitur?
725 1051 848 1085 Quidque
869 1059 962 1078 rursus
975 1050 1029 1077 lul-

246 1097 334 1121 turam
363 1094 434 1121 illam
458 1097 595 1124 sustinet?
618 1097 709 1131 Neque
736 1097 808 1124 enim
832 1097 928 1123 rationi
954 1097 1032 1131 qnid-

1076 178 1124 207 εἴτ’
1140 179 1344 216 ὲκπυροὺμεναι
1370 179 1408 215 τῷ
1436 179 1542 215 σφοδρῷ
1564 179 1613 214 τῆς
1632 178 1720 212 πάλης
1744 178 1791 204 καὶ
1815 179 1865 212 τῆς

1077 226 1250 257 ἀντιθέσεως,
1265 227 1318 261 ὅπη
1337 225 1464 261 παρείκοι
1480 225 1549 252 κατὰ
1567 224 1662 260 μικρὸν
1677 224 1865 259 ἀναῤῥήγνυν-

1075 280 1131 304 ται,
1149 273 1196 299 καὶ
1211 272 1258 307 τὴν
1281 272 1335 298 τῶν
1359 271 1467 307 θερμῶν
1493 271 1613 306 λουτρῶν
1630 270 1724 306 χρείαν
1741 269 1865 296 ἐντεῦθεν

1077 320 1142 354 ἡμῖν
1167 319 1333 354 χαρίζονται,
1355 317 1489 352 πολλαχοῦ
1512 318 1562 352 τῆς
1586 317 1648 352 γῆς,
1670 316 1717 342 καὶ
1736 314 1805 350 μετὰ
1816 315 1866 350 τῆς

1077 365 1201 396 ἐναντίας
1216 365 1273 398 (6⁵5)
1289 364 1438 399 δυνάμεως,
1458 363 1579 399 ἰατρείαν
1593 362 1707 397 ἄμισθον
1725 362 1771 388 καὶ
1789 361 1868 388 αὑτό-

1079 419 1172 446 ματον.
1188 410 1254 437 Εἰπὲ
1267 410 1325 441 πῶς
1337 411 1383 436 καὶ
1396 409 1477 436 ποθεν
1491 409 1577 435 ταῦτα
1590 417 1597 441 ;
1613 408 1644 434 Τί
1654 407 1685 434 τὸ
1702 407 1772 443 μέγα
1787 406 1867 433 τοῦτο

1077 458 1125 483 καὶ
1142 457 1251 492 ἄτεχνον
1268 456 1323 491 (64)
1341 456 1474 490 ὕφασμα;
1491 455 1547 490 Οὐχ
1570 452 1650 490 ἦττον
1672 453 1801 480 ἐπαινετὰ
1816 452 1868 487 τῆς

1078 501 1147 537 πρὸς
1161 501 1262 536 ἄλληλα
1284 501 1403 536 σχέσεως
1423 501 1491 536 (65),
1507 500 1524 535 ἦ
1543 499 1604 526 καθ’
1621 499 1735 527 ἕκαστον
1749 497 1866 534 θεωρού-

1080 556 1157 582 μενα.
1175 547 1237 578 Πῶς
1252 548 1290 582 γῆ
1307 547 1355 582 μὲν
1374 547 1473 581 ἕστηκε
1499 546 1586 579 παγία
1609 545 1656 572 καὶ
1678 544 1807 578 ἀκλινής;
1821 543 1868 570 ἐπὶ

1078 593 1150 625 τίνος
1165 594 1315 629 ὀχουμένη;
1338 593 1385 620 καὶ
1400 593 1472 623 τίνος
1490 591 1565 622 ὄντος
1588 591 1634 617 τοῦ
1660 589 1866 626 ὑπερείδοντος;

1080 638 1126 664 7.3.).
1141 638 1212 670 τίνος
1231 639 1317 664 έκεῖνο
1328 638 1409 664 πάλιν
1423 646 1430 670 ;
1444 637 1511 663 Οὐδὲ
1525 637 1579 671 γὰρ
1592 636 1606 662 ό
1620 635 1697 669 λόγος
1715 635 1781 670 ἔχει,
1797 633 1839 668 ἐφ’
1853 633 1868 659 ὃ

1080 683 1200 718 Ξρεισθῇ,
1214 683 1283 718 πλὴν
1297 682 1342 709 τοῦ
1357 682 1430 708 θείου
1451 681 1612 716 θελήματος.
1635 680 1691 706 Καὶ
1709 680 1767 712 πῶς
1784 681 1801 715 ἡ
1819 679 1868 714 μὲν

1080 730 1119 760 εἰς
1136 729 1207 764 ὀρῶν
1221 729 1344 764 κορυφὰς
1359 728 1512 763 ἀνηγμένη,
1528 728 1545 762 ἡ
1566 727 1594 753 δὲ
1611 727 1651 758 είς
1663 726 1741 753 πεδία
1756 726 1870 758 καθεζο-

1082 776 1161 809 μένη.
1183 775 1230 801 καὶ
1244 774 1322 800 τοῦτο
1344 773 1505 805 πολυειδῶς,
1527 773 1575 799 καὶ
1595 773 1734 804 ποικίλως.
1752 772 1799 799 καὶ
1810 773 1870 803 ταῖς

1081 819 1141 846 κατ’
1157 819 1246 854 ὀλίγον
1269 819 1429 854 ἐναλλαγαῖς
1457 819 1650 854 μεθισταμένη,
1676 818 1745 853 πρός
1767 826 1798 844 τε
1820 817 1870 853 τὴν

1046 853 1067 882 Β
1083 865 1176 901 χρείαν
1193 866 1264 892 ἐστὶν
1279 853 1464 901 ἀφθονωτέρας
1478 866 1525 892 καὶ
1543 865 1582 900 τῷ
1603 853 1717 899 ποικίλῳ
1732 862 1872 899 χαριεστέ-

1083 920 1135 947 ρας
1152 912 1199 938 καὶ
1213 913 1229 947 ἡ
1250 911 1299 946 μὲν
1309 913 1350 943 είς
1366 912 1487 946 οἰκήσεις
1503 911 1684 946 νενεμημένη.
1701 911 1717 945 ἡ
1735 910 1763 936 δὲ
1776 909 1870 944 ἀοίκη-

1081 966 1136 989 τος,
1148 958 1213 992 ὃςην
1235 959 1263 984 αί
1279 958 1426 993 ὑπερϐολαὶ
1441 958 1495 984 τῶν
1516 958 1587 993 ὀρῶν
1603 957 1808 991 ἀποτέμνονται,
1826 955 1872 982 καὶ

1084 1004 1149 1039 ἄλλη
1163 1004 1230 1039 πρὸς
1244 1004 1306 1031 ἄλλο
1319 1013 1344 1030 τι
1359 1005 1443 1038 πέρας
1455 1004 1600 1039 σχιζομένη
1616 1004 1663 1030 καὶ
1675 1002 1871 1033 ἀποϐαίνουσα,

1084 1049 1134 1084 τῆς
1150 1049 1197 1075 τοῦ
1217 1049 1284 1076 Θεοῦ
1303 1049 1502 1084 μεγαλουργίας
1518 1048 1714 1085 ἐναργέστατόν
1729 1049 1787 1074 ἐστι
1802 1046 1874 1082 γνώ-

1087 1105 1171 1132 ρισμα
1181 1104 1189 1129 ;

246 1149 339 1175 quam,
363 1142 405 1169 cui
422 1143 566 1178 innitatur,
599 1145 732 1177 occurrit,
767 1145 790 1171 si
815 1144 933 1171 divinam
953 1144 1117 1171 voluntatem
1139 1143 1290 1177 exceperis.
1309 1143 1367 1176 Quo
1387 1147 1466 1177 pacto
1490 1151 1533 1176 ea,
1569 1143 1666 1177 partim
1689 1143 1716 1170 in
1741 1142 1873 1170 montium

247 1189 362 1216 vertices
385 1196 541 1223 assurgens,
566 1190 664 1224 partim
689 1191 714 1217 in
746 1197 857 1224 campos
877 1189 1031 1219 subsidens,
1053 1188 1133 1222 idque
1171 1189 1244 1215 varie
1279 1193 1306 1215 et
1323 1188 1520 1222 multipliciter,
1547 1195 1579 1216 ac
1600 1187 1716 1222 denique
1745 1187 1872 1223 paulatim

247 1236 404 1264 alternando
433 1243 617 1270 commutata,
646 1243 701 1265 tum
734 1238 768 1265 ad
800 1237 940 1266 hominum
969 1244 1034 1264 usus
1054 1236 1174 1269 uberior,
1195 1241 1250 1263 tum
1272 1236 1405 1262 varietate
1424 1236 1481 1271 ipsa
1510 1236 1677 1270 jucundior?
1699 1235 1750 1268 Qui
1770 1234 1824 1267 ﬁt,
1845 1239 1875 1261 ut

247 1285 388 1319 partimin
410 1285 544 1313 domicilia
570 1286 654 1313 divisa
678 1287 722 1319 sit,
748 1287 845 1320 partim
874 1285 974 1313 inculta
999 1290 1026 1312 et
1045 1285 1231 1312 inhabitabilis
1262 1284 1450 1318 relinquatur,
1487 1288 1616 1318 quantum
1641 1283 1767 1310 nimirum
1784 1282 1875 1310 excel-

249 1332 348 1359 sissimi
378 1333 478 1366 quique
510 1337 614 1360 montes
648 1334 682 1360 ab
696 1341 728 1360 ea
753 1334 926 1365 abscindunt,
950 1339 1032 1368 atque
1051 1333 1102 1359 alia
1126 1333 1159 1358 ad
1178 1331 1259 1358 alium
1284 1332 1429 1366 quemdam
1456 1331 1529 1359 orbis
1565 1331 1645 1359 ﬁnem
1680 1330 1797 1359 dissecta
1817 1338 1877 1366 por-

250 1382 378 1412 rectaque
394 1378 476 1405 divini
500 1378 599 1413 opiﬁcii
625 1379 851 1413 magniﬁcentiam
877 1378 1090 1406 luculentissimo
1106 1380 1267 1411 argumento
1284 1376 1421 1403 declarat?

286 1423 390 1450 XXVII.
411 1423 469 1451 Jam
488 1432 552 1452 vero
566 1432 652 1457 mare,
675 1427 698 1452 si
721 1434 773 1452 non
789 1425 972 1460 magnitudine
987 1433 1034 1452 sua

1123 1423 1185 1450 KZ'.
1209 1423 1350 1458 Θαλάττης
1372 1423 1410 1453 δὲ,
1436 1423 1460 1449 εἰ
1485 1423 1533 1454 μὲν
1562 1422 1598 1458 μὴ
1621 1423 1650 1449 τὸ
1674 1422 1786 1458 μέγεθος
1803 1420 1876 1458 εἶχον

251 1468 373 1496 mirabile
387 1470 450 1496 tnihi
468 1476 624 1497 occurreret
638 1491 645 1502 ,
663 1471 802 1498 lenitatem
825 1471 917 1505 utique
931 1475 959 1498 et
975 1471 1035 1506 pla-

250 1515 388 1542 ciditatem
417 1516 575 1548 admirarer,
599 1516 734 1551 simulque
752 1525 806 1552 quo
829 1523 908 1552 pacto
934 1517 989 1550 ﬁat,
1009 1522 1038 1544 ut

251 1561 375 1595 quamvis
394 1561 507 1588 liberum
529 1569 562 1589 ac
576 1556 715 1594 solutum,
744 1563 844 1591 ﬁnibus
872 1569 960 1591 tamen
981 1565 1038 1591 suis

252 1606 405 1633 consistat:
423 1607 495 1641 quod
522 1607 545 1634 si
569 1615 621 1634 non
647 1607 798 1641 lenitatem,
825 1609 1037 1644 magnitudinem

253 1656 329 1678 certe
349 1651 524 1685 suspicerem.
555 1651 689 1685 Quoniam
711 1658 801 1681 autem
825 1659 940 1688 utraque
962 1654 1039 1682 laude

253 1696 370 1729 excellit,
395 1702 537 1730 utratnque
567 1698 622 1725 vim
645 1702 671 1726 et
698 1699 852 1727 facultatem
876 1700 1036 1734 praedicabo.

255 1742 321 1775 Quis
334 1746 434 1769 tantam
448 1750 580 1776 aquarum
594 1743 691 1771 molem
707 1744 868 1780 conjunxit?
883 1745 947 1778 Quis
961 1746 1038 1780 quasi

255 1789 370 1816 vinculis
381 1789 541 1823 quibusdam
558 1790 707 1817 astrinxit?
724 1790 777 1823 Qui
793 1791 833 1824 lit,
847 1795 876 1818 ut
889 1791 1038 1823 attollatnr,

253 1839 281 1861 et
294 1839 381 1861 tamen
396 1835 454 1861 loco
471 1841 520 1861 suo
536 1842 565 1861 se
581 1835 729 1868 contineat,
747 1836 859 1870 perinde
876 1844 907 1863 ac
923 1837 1039 1864 vicinam

256 1885 356 1907 terram
381 1880 514 1907 reverita?
541 1880 592 1914 Qui
616 1881 654 1912 ﬁt,
687 1888 715 1907 ut
744 1889 805 1908 cmn
823 1881 917 1909 ﬂuvios
945 1890 1039 1910 omnes

255 1925 386 1958 excipiat,
400 1926 434 1952 ob
451 1926 631 1952 exuberantes
644 1930 734 1953 tamen
755 1933 820 1960 opes
835 1932 863 1953 et
877 1926 978 1961 copias,
995 1932 1042 1953 aut

255 1978 309 2006 quo
324 1971 406 1998 verbo
426 1971 452 1998 id
465 1971 652 2006 appellandum
673 1972 719 2003 sit,
742 1972 843 2004 nescio,
868 1972 967 1999 nullam
984 1980 1042 1999 am-

255 2018 396 2053 plitudinis
420 2017 603 2045 accessionem
627 2018 719 2050 faciat,
747 2019 795 2045 sed
818 2019 912 2046 eadem
936 2026 1042 2053 semper

256 2065 351 2098 suique
366 2064 461 2091 similis
474 2069 582 2091 maneat
593 2064 605 2090 ’ί
616 2064 667 2097 Qui
682 2065 711 2091 lit
722 2085 728 2097 ,
749 2069 778 2091 ut
794 2069 896 2092 tantum
921 2064 1041 2092 elemen—

1088 1468 1249 1504 θαυμάζειν,
1262 1468 1406 1503 ἐθαύμασα
1419 1467 1451 1494 ἂν
1466 1469 1495 1494 τὺ
1508 1469 1622 1504 ἥμερον,
1635 1469 1681 1495 καὶ
1697 1469 1755 1500 πῶς
1768 1470 1872 1495 ἵσταται

1087 1515 1220 1550 λελυμένη
1238 1514 1293 1541 τῶν
1307 1514 1379 1541 ἰδίων
1391 1515 1462 1549 ὅρων
1480 1515 1569 1546 ἐντός-
1583 1516 1606 1541 εί
1619 1515 1647 1541 δὲ
1663 1515 1699 1550 μὴ
1714 1515 1743 1541 τὸ
1758 1515 1872 1551 ἥμερον,

1088 1562 1196 1592 πάντως
1212 1561 1242 1587 τὸ
1260 1561 1383 1596 μέγεθος.
1408 1561 1482 1587 Ἐπεὶ
1495 1561 1522 1587 δὲ
1539 1561 1692 1596 ἀμφότερα,
1712 1561 1761 1596 τὴν
1779 1563 1807 1587 ἐν
1823 1562 1877 1596 ἁμ-

1089 1608 1212 1642 φοτέροις
1228 1607 1343 1641 δύναμιν
1363 1606 1550 1641 ἐπαινέσομαι.
1566 1606 1598 1632 Τί
1614 1606 1643 1632 τὸ
1659 1607 1828 1641 συναγαγόν;
1844 1607 1878 1633 Τί

1089 1654 1119 1680 τὸ
1143 1653 1245 1688 δῆσαν;
1275 1652 1336 1684 Πῶς
1358 1652 1499 1688 ἐπαίρεταί
1521 1660 1550 1678 τε
1567 1653 1614 1679 καὶ
1640 1653 1757 1684 ἵσταται,
1784 1652 1879 1690 ὥσπερ

1090 1698 1235 1733 αἰδουμένη
1253 1699 1302 1732 τὴν
1322 1697 1428 1732 γείτονα
1447 1698 1516 1732 γῆν;
1532 1697 1594 1729 Πῶς
1610 1698 1657 1724 καὶ
1673 1697 1780 1733 δέχεται
1794 1707 1879 1725 ποτα-

1092 1745 1158 1779 μοὺς
1171 1744 1276 1774 πάντας
1296 1743 1362 1779 (66),
1378 1743 1425 1769 καὶ
1442 1743 1458 1778 ὴ
1479 1743 1547 1779 αὐτὴ
1561 1743 1681 1779 διαμένει
1699 1744 1743 1771 διὰ
1761 1745 1879 1780 πλήθους

1091 1789 1260 1824 περιουσίαν,
1281 1788 1297 1823 ἦ
1323 1788 1372 1814 οὐκ
1393 1786 1440 1814 οἷδ’
1458 1788 1472 1814 ὃ
1492 1797 1516 1814 τι
1537 1788 1593 1823 (67)
1613 1789 1666 1823 χρὴ
1688 1787 1793 1822 λέγειν;
1817 1789 1879 1820 Πῶς

1090 1836 1204 1871 ψάμμος
1217 1836 1291 1870 ὄριον
1307 1836 1386 1870 αὐτῇ,
1401 1835 1552 1870 τηλικούτῳ
1572 1836 1710 1871 στοιχείῳ;
1728 1836 1838 1871 Ἔχουσι
1852 1844 1879 1862 τι

1091 1882 1180 1916 λέγειν
1200 1883 1224 1908 οἱ
1240 1881 1358 1916 φυσικοὶ,
1379 1881 1427 1907 καὶ
1443 1881 1519 1915 σοφοὶ
1538 1881 1572 1907 τὰ
1596 1882 1707 1916 μάταια,
1724 1882 1772 1908 καὶ
1787 1881 1879 1916 κυάθῳ

1093 1929 1255 1964 μετροῦντες
1272 1928 1327 1964 (68)
1341 1928 1425 1959 ὅντως
1444 1928 1493 1963 τὴν
1510 1927 1657 1960 θάλασσαν,
1677 1928 1710 1954 τὰ
1728 1928 1880 1963 τηλικαῦτα

1091 1976 1150 2006 ταῖς
1164 1973 1268 2001 ἑαυτῶν
1284 1973 1433 2006 ἐπινοίαις;
1454 1973 1470 2009 ἣ
1493 1973 1633 2008 συντόμως
1658 1973 1712 2007 ἐγὼ
1739 1974 1814 2009 παρὰ
1831 1974 1881 2009 τῆς

1092 2020 1204 2055 Γραῳῆς
1217 2019 1297 2046 τοῦτο
1319 2020 1501 2054 φιλοσοφήσω,
1524 2020 1570 2045 καὶ
1590 2019 1644 2047 τῶν
1664 2020 1774 2056 μακρῶν
1793 2020 1880 2055 λόγων

1093 2065 1278 2101 πιθανώτερόν
1292 2074 1322 2091 τε
1343 2065 1389 2092 καὶ
1404 2065 1600 2101 ἀληθέστερον;
1625 2067 1803 2101 Πρόστίιγμα
1816 2067 1843 2101 ὲ)
1851 2068 1882 2094 ύ-

256 2114 313 2136 ιυιιι
328 2116 438 2136 arenam
454 2117 502 2144 pro
514 2109 630 2137 termino
646 2110 745 2137 habeat
757 2110 800 2136 ‘9?
826 2110 976 2138 Possuntne
992 2111 1036 2137 llO(

1089 2119 1189 2145 ρωσεν
1215 2111 1265 2137 ἐπὶ
1289 2111 1451 2145 πρόσωπον
1477 2110 1595 2144 ὕδατος.
1619 2112 1704 2138 Τοῦτο
1723 2114 1772 2147 τῆς
1794 2113 1881 2148 ὑγρᾶς

255 2154 382 2188 expedire
399 2153 522 2189 physici,
553 2159 635 2189 atque
660 2154 750 2181 inanis
776 2154 937 2182 eruditionis
964 2154 1042 2181 laude

256 2199 387 2230 celebres,
403 2207 436 2226 ac
452 2206 514 2226 vere
528 2199 627 2234 cyatho
643 2206 733 2232 mare,
755 2200 806 2227 hoc
823 2205 874 2232 est,
894 2208 936 2227 res
953 2205 1043 2227 tantas

257 2245 365 2279 ingenio
380 2252 429 2271 suo
443 2245 602 2272 metientes?
617 2244 658 2271 An
673 2244 770 2271 iaciam
787 2245 854 2280 ipse,
868 2250 897 2273 ut
912 2246 1044 2280 paucissi-

257 2290 309 2316 mis
331 2289 421 2316 verbis
434 2289 484 2316 hoc
497 2297 530 2316 ex
545 2288 686 2324 Scriptura
702 2297 779 2317 sacra
802 2290 945 2325 explicem,
963 2291 1043 2324 idque

256 2335 421 2371 probabilius
437 2343 468 2362 ac
486 2335 585 2367 verius,
610 2342 691 2370 quam
712 2335 761 2369 ipsi
778 2343 840 2362 cunt
861 2335 973 2368 prolixis
987 2337 1044 2363 suis

309 2382 332 2398 "
344 2381 443 2409 Jcrem.
462 2388 488 2414 ν,
504 2381 549 2407 22.

293 2438 347 2474 (63)
368 2437 448 2464 Μετὰ
461 2436 515 2470 τῆς
529 2435 677 2468 ἐναντίας.
704 2446 712 2462 ι
727 2437 793 2464 Cum
806 2438 882 2472 aquis
901 2437 1041 2474 frigidis.)

257 2473 420 2508 Plerumque
435 2473 507 2499 enim
521 2473 673 2498 scaturiunt
687 2479 702 2498 e
719 2475 870 2508 propinquo
886 2482 962 2508 aquae
979 2473 1045 2500 cali-

260 2510 300 2536 (ιω
314 2517 373 2536 cum
392 2508 506 2542 frigidis.

296 2544 353 2578 (64)
375 2543 523 2577 Ἄτεχνον.
539 2545 593 2572 lloc
606 2545 760 2571 universum
773 2543 871 2570 dicitur
888 2552 897 2569 ι
917 2543 983 2570 artis
999 2551 1046 2569 ex-

260 2586 333 2614 pers,
353 2588 361 2604 ι
379 2581 449 2612 quod
466 2581 544 2606 nullis
563 2581 597 2606 sit
616 2580 775 2606 fabricatum
796 2578 929 2608 manibus.
945 2578 992 2605 Sed
1006 2579 1047 2614 di—

260 2613 361 2640 vinitus
373 2619 537 2641 Cuntextnm.
555 2616 692 2641 Scholium
704 2621 766 2639 vero
777 2613 817 2639 sic
829 2614 935 2647 exponit
952 2622 958 2639 :
976 2613 1046 2646 Ὕφε

260 2657 347 2683 ασμα,
361 2649 413 2680 vel,
429 2648 552 2685 νζδιραςμὺν
567 2650 614 2685 τὴν
634 2647 838 2685 σύμπηξιν-τῶν
851 2648 978 2683 στοιχείων
997 2656 1052 2674 κατ

260 2684 302 2710 λεϊ
324 2684 371 2710 καὶ
393 2683 459 2718 πρὸς
484 2683 718 2720 ἄλληλὼνεῦάιν·
737 2693 746 2708 ι
767 2683 910 2710 Tcxtnram
932 2685 1048 2718 appellat

261 2720 455 2746 elementorum
472 2719 639 2755 compagem,
661 2725 687 2747 et
702 2725 821 2746 ntutuaxn
840 2719 867 2745 in
882 2727 912 2746 se
932 2725 1047 2754 propen-

261 2762 432 2825 8|o(ltl}.iil)lnT;7c
460 2788 535 2823 πρὸς
557 2789 678 2824 ἄλληλα
703 2789 847 2823 σχέσεως.
865 2789 946 2816 Leuv.
963 2798 972 2814 ι
991 2788 1048 2816 Non

265 2826 353 2852 minus
371 2824 457 2852 laudis
473 2831 610 2852 merentur
622 2826 718 2853 collata
737 2828 807 2853 inter
817 2832 856 2851 se.
878 2834 887 2850 ›

1095 2157 1202 2191 φύσεως
1215 2158 1229 2184 ὁ
1240 2157 1347 2192 δεσμός.
1364 2156 1426 2188 Πῶς
1440 2157 1468 2183 δὲ
1487 2157 1532 2183 τὸν
1548 2159 1673 2193 χερσαῖον
1687 2158 1809 2185 ναυτίλον
1825 2159 1880 2193 (69)

1095 2203 1156 2236 ἄγει
1172 2202 1242 2238 ξύλῳ
1257 2202 1347 2238 μικρῴ
1363 2202 1408 2228 καὶ
1424 2202 1575 2237 πνεύματις
1590 2203 1678 2237 (τοῦτο
1693 2204 1723 2230 οὐ
1733 2204 1882 2239 Θαυμὰζεις

1095 2247 1164 2282 ὁρῶν
1175 2257 1182 2280 ;
1195 2247 1248 2274 οὐδ’
1267 2247 1404 2280 ἐξίσταταί
1428 2256 1472 2273 σου
1490 2248 1507 2283 ὴ
1524 2247 1624 2274 διάνοια
1633 2249 1651 2283 ;)
1665 2249 1707 2275 ἵνα
1723 2249 1758 2284 γῆ
1771 2250 1817 2275 καὶ
1835 2249 1882 2276 θά-

1095 2293 1183 2319 λασσα
1197 2293 1294 2319 δεθῶσι
1317 2294 1504 2328 ταῖς-’χρείαις
1519 2295 1565 2320 καὶ
1586 2296 1644 2325 ταῖς
1660 2295 1821 2329 ἐπιμιξίαις,
1836 2295 1882 2321 καὶ

1096 2340 1135 2370 εἰς
1147 2338 1177 2364 ἒν
1190 2338 1254 2375 ἔλθῃ
1271 2338 1327 2374 (70)
1339 2339 1377 2374 τῷ
1389 2339 1523 2376 ἀνθρώπῳ
1534 2340 1569 2366 τὰ
1583 2339 1707 2366 τοσοῦτον
1715 2340 1835 2376 ἀλλήλων
1844 2340 1883 2367 δι-

1134 2437 1190 2473 (66)
1209 2436 1338 2470 Πάντας.
1366 2437 1450 2472 licgg.
1483 2444 1508 2470 a,
1535 2436 1590 2468 but,
1617 2441 1643 2464 et
1669 2436 1717 2463 Or.
1746 2436 1772 2470 Ι,
1798 2435 1884 2463 ἃπαν-

1097 2482 1156 2500 τας.

1133 2491 1188 2543 Eii?)
1209 2509 1246 2535 "II
1256 2509 1311 2534 οὐκ
1326 2506 1381 2535 οἷδ’
1391 2507 1445 2539 ὅτι,
1460 2511 1511 2533 etc.
1525 2505 1607 2532 Lcuv.
1620 2515 1630 2531 ι
1648 2506 1774 2540 Equidem
1788 2510 1834 2532 aut
1845 2507 1886 2532 ni-

1100 2542 1141 2570 hil'
1153 2544 1239 2570 habt-0
1251 2545 1321 2577 quod
1338 2544 1437 2574 dicam,
1456 2548 1502 2568 aut
1521 2549 1653 2568 sunnnatn
1672 2542 1706 2569 ob
1733 2542 1884 2574 vastitatem

1100 2579 1192 2610 maris,
1208 2579 1258 2604 hoc
1275 2579 1330 2605 lieri
1348 2583 1446 2605 statuo.
1465 2586 1474 2602 ι

1136 2614 1192 2647 (68)
1211 2613 1405 2646 Μετροῦντες.
1421 2610 1554 2643 Ουιιιϋείῖ,
1574 2611 1802 2646 ε’)μμετροῦντες.

1137 2649 1193 2684 (69)
1211 2648 1361 2684 Χερσαῖον
1387 2647 1542 2684 ναυτίλον.
1572 2656 1580 2671 ι
1606 2647 1771 2684 ’l‘errestrem
1799 2646 1887 2684 nauti-

1100 2681 1165 2711 lum.
1183 2681 1192 2709 ἱ
1207 2683 1251 2710 Sic
1266 2684 1402 2710 hominem
1423 2682 1560 2716 eleganter
1589 2682 1705 2716 appellat
1729 2681 1884 2715 Gregorius.

1104 2728 1114 2745 ι
1129 2718 1252 2745 Nautiins
1272 2727 1281 2743 ι
1297 2719 1379 2752 piscis
1404 2722 1445 2743 est
1471 2717 1510 2744 sic
1533 2716 1630 2750 dictus,
1646 2717 1716 2752 quod
1734 2724 1809 2743 ttBVIS
1827 2724 1888 2751 spc-

1102 2754 1171 2781 ciem
1184 2753 1320 2787 praeferat.

1137 2785 1193 2824 (70)
1217 2789 1323 2822 Ἐλθῃ.
1340 2786 1471 2820 Comhel'.,
1486 2785 1608 2822 συνέλθῃ.
