2049 3131
175 200 210 228 65
670 197 799 227 ORATIO
818 198 940 227 XXVIII.
960 214 995 219 —-
1015 198 1234 228 TIIEOLOGICA
1255 201 1288 229 Il.
1766 201 1803 230 60

175 256 311 292 εστηκότα
326 257 396 283 κατὰ
403 256 456 292 τὴν
471 257 565 290 φύσιν;
581 256 658 287 Τίνες
666 255 694 282 δὲ
702 256 799 290 πηγῶν
814 256 841 282 αἱ
857 255 957 291 πρῶτα

1018 256 1265 290 disputationibus?
1305 257 1472 293 Praeceptum
1509 258 1687 286 circuntdcdit
1724 267 1805 295 super

175 302 273 336 πηγαὶ,
288 302 414 338 ζήτησον,
429 302 567 337 ἄνθρωπε,
583 302 609 328 εἴ
623 301 648 328 τί
669 310 709 327 σοι
727 301 829 327 τούτων
844 301 965 336 ἐξιχνεῦσ-

175 356 221 374 σαι
233 348 249 383 ἢ
262 348 352 383 εὑρεῖν
368 348 480 375 δυνατόν
492 357 499 380 ;
513 348 559 374 καὶ
570 348 612 380 τίς
625 348 639 374 ὁ
648 349 781 382 ποταμοῖς
794 348 849 382 (71)
869 348 964 383 σχίσας

175 395 222 420 καὶ
238 394 316 421 πεδία
331 395 378 421 καὶ
391 395 452 429 ὅρη,
473 395 518 421 καὶ
538 394 600 426 δοὺς
618 395 663 420 τὸν
686 394 786 430 δρόμον
803 394 963 427 ἀκώλυτον;

176 440 292 472 καὶπῶς
307 440 339 467 ὲκ
350 440 405 467 τῶν
423 440 551 467 ἐναντίων
567 440 598 467 τὸ
614 439 717 475 θαῦμα,
743 441 811 476 μήτε
827 440 966 475 Θαλάσσης

174 485 351 520 ὲπεξιοὺοης,
380 486 448 521 μήτε
475 485 607 520 ποταμῶν
633 485 803 520 ἱσταμένων;
829 485 877 516 Τίς
901 485 964 519 δὲὴ

174 531 229 558 τῶν
245 532 348 558 ὑδάτων
363 532 450 568 τροφὴ
471 532 537 566 (72),
556 532 603 557 καὶ
619 531 645 557 τί
661 531 691 557 τὸ
707 530 809 565 ταύτης
824 531 964 566 διάφορον,

173 577 227 603 τῶν
257 578 305 613 μὲν
329 577 431 605 ἄνωθεν
449 577 614 613 ἀρδομένων,
628 577 682 603 τῶν
699 577 727 603 δὲ
743 578 801 608 ταῖς
814 576 901 612 ῥὶζαις
915 585 964 602 πο-

172 623 333 659 τι-ξομένων,
352 624 395 650 ἵνα
414 632 441 650 τι
468 623 514 650 καὶ
539 623 620 654 αὐτὸς
643 623 844 658 κατατρυφήσω
859 623 906 649 τοῦ
923 622 966 648 λό-

174 677 233 702 γου,
253 669 320 696 Θεοῦ
338 669 386 705 τὴν
398 668 502 705 τρυφὴν
514 668 695 704 ἐξηγούμενος
709 677 716 700 ;

1013 302 1108 329 faciem
1123 311 1200 338 aqua:
1212 303 1246 330 '°.
1268 304 1324 332 Hoc
1339 304 1456 332 humidae
1476 310 1578 332 natura:
1597 305 1733 333 vinculum
1747 311 1802 334 est.

1017 346 1074 374 .lam
1090 349 1226 382 quomodo
1240 353 1398 377 terrestrem
1417 350 1550 377 nautilum
1565 351 1664 386 exiguo
1678 351 1750 386 ligno
1771 358 1804 379 ac

1014 398 1093 422 vento
1104 395 1196 422 ducit?
1211 395 1285 431 (lloe
1298 400 1324 422 ιιι
1347 404 1408 423 cum
1423 397 1524 429 cernis,
1548 404 1601 424 non
1624 397 1805 426 admiratione

1013 438 1162 474 deligeris?
1180 439 1238 467 Non
1255 448 1331 468 mens
1351 446 1427 468 extra
1447 449 1476 469 se
1504 442 1647 477 rapitur?)
1675 442 1757 477 quue
1774 447 1805 470 ut

1014 491 1092 511 mare
1104 493 1136 512 ac
1149 489 1220 512 terra
1237 487 1475 514 commoditatibus
1490 492 1516 514 et
1540 487 1713 515 commerciis
1733 488 1804 516 inter

1014 536 1045 557 se
1067 531 1231 562 vinciantur,
1247 531 1330 567 518
1344 540 1376 559 ac
1390 539 1433 565 ea,
1452 540 1511 567 quae
1527 538 1622 560 natura
1644 533 1711 560 adeo
1727 534 1804 560 inter

1014 583 1044 603 se.
1057 576 1202 610 dissident,
1216 578 1249 604 ad
1265 579 1384 606 hominis
1407 587 1486 606 usum
1512 580 1730 615 cunjunganlur?
1751 580 1803 614 Qui

1013 629 1094 656 porro
1108 622 1223 650 fontium
1243 624 1324 658 primi
1342 624 1441 658 fontes,
1456 633 1562 660 quteras
1579 627 1670 658 velim.
1682 635 1698 653 ο
1711 627 1803 658 homo,

1013 668 1036 695 si
1052 669 1116 703 quid
1130 670 1227 697 horum
1244 670 1407 705 investigare
1421 676 1467 698 aut
1483 672 1605 700 invenire
1621 678 1698 707 potes
1717 680 1724 699 :
1744 677 1801 699 tum

172 719 234 752 quis
254 717 342 745 ﬂuviis
357 724 465 752 campos
479 723 506 745 et
522 721 628 744 montes
651 717 792 748 dissecuit.
823 724 854 743 ac
874 716 989 744 liberum
1009 723 1118 744 cursum
1135 718 1175 745 eis
1193 720 1349 747 concessit?
1364 720 1423 753 Quo
1445 721 1526 747 etiam
1541 726 1619 755 pacto
1639 729 1671 748 ex
1695 726 1804 749 contra-

180 763 229 791 riis
243 764 322 790 rebus
336 763 495 790 miraculum
527 764 658 794 exsistat,
685 763 748 790 dum
783 769 833 789 nec
865 769 940 789 mare
979 770 1097 796 unquam
1123 764 1282 800 regurgitat,
1312 772 1362 793 nec
1387 765 1460 793 ﬂuvii
1483 766 1654 794 subsistunt?
1680 767 1721 794 Ad
1746 767 1804 794 hate

170 818 233 845 qua:
248 817 379 845 aquarum
396 810 541 843 alimonia,
565 810 690 845 quodque
723 810 802 845 ltujus
839 810 995 842 discrimen,
1016 810 1114 846 quippe
1130 819 1175 839 res
1196 813 1318 847 quaedam
1337 818 1420 846 sunt,
1446 822 1505 847 qua:
1525 815 1641 849 desuper
1666 815 1801 850 rigantur.

173 856 297 891 quaedam
315 862 421 886 rursus,
434 855 532 890 quibus
545 860 624 890 potus
639 864 687 890 per
703 857 809 884 radices
840 862 904 883 suas
931 855 1130 890 suppeditatur,
1164 862 1194 884 ut
1226 858 1283 893 ipse
1306 866 1416 894 quoque
1432 859 1560 887 delicioso
1578 859 1684 887 dicendi
1705 866 1804 894 genere

172 909 243 935 utar,
257 904 320 930 dum
342 903 387 930 Dei
407 903 518 930 delicias
532 904 655 931 oratione
669 904 852 938 complector?

209 952 274 979 KH'.
294 952 362 986 Ἀγε
377 951 409 987 δὴ
426 951 478 987 γῆν
501 953 591 987 ἀφεὶς,
607 953 654 980 κα).
671 953 706 980 τὰ
727 953 790 988 περὶ
813 953 875 988 γῆν,
894 952 957 988 πρὸς

1049 951 1168 978 XXVIII.
1197 951 1249 978 Sed
1274 952 1329 987 jam
1360 953 1442 980 missa
1470 953 1539 980 facta
1568 958 1651 986 terra,
1669 953 1803 988 rebusque

171 998 217 1026 τδν
233 999 302 1034 ἀέρα
325 1000 485 1034 κουφίσθητι
503 1001 559 1031 τοῖς
575 1000 624 1034 τῆς
643 999 761 1029 διανοίας
778 1000 896 1035 πτεροῖς,
916 999 961 1025 ἵνα

173 1052 213 1070 σοι
230 1044 291 1070 καθ’
305 1044 363 1070 ὁδὸν
375 1044 389 1069 ὁ
404 1044 482 1078 λόγος
493 1045 574 1079 προΐῃ
585 1053 591 1059 ·
608 1044 733 1070 κάκεῖθεν
747 1045 837 1076 ἀνάξω
851 1052 880 1069 σε
893 1043 960 1078 πρδς

171 1089 205 1115 τὰ
226 1089 347 1124 οὐράνια,
378 1090 425 1116 καὶ
447 1090 492 1115 τὸν
516 1089 630 1124 οὐρανὸν
652 1089 743 1121 αὑτὸν,
768 1090 814 1115 καὶ
838 1089 873 1115 τὰ
891 1089 960 1125 ὑπὲρ

171 1135 294 1171 οὐρανόν,
312 1135 367 1161 Καὶ
382 1137 438 1167 τοῖς
455 1136 518 1171 ἑξῆς
530 1136 605 1162 ὀκνεῖ
617 1137 666 1171 μὲν
681 1136 832 1172 προσϐῆναι
846 1137 859 1161 ὸ
870 1136 958 1169 λόγος,

171 1181 354 1216 πφσὸήσεται
379 1181 408 1207 δὲ
431 1182 506 1216 ὅμως
529 1182 626 1208 ὁπόσον
650 1181 763 1214 ἔξεστιν.
793 1182 840 1213 Τίς
858 1183 873 1208 ὁ
896 1182 961 1217 χέας

171 1227 251 1262 ἀέρα,
266 1227 311 1254 τὸν
332 1227 416 1254 πολὺν
439 1228 531 1254 τοῦτον
556 1228 670 1254 πλοῦτον
691 1228 737 1254 κα).
761 1228 890 1262 ἄφθονον,
910 1228 960 1254 οὐκ

172 1274 271 1306 ἀξίαις.
285 1274 314 1300 οὐ
326 1273 421 1309 τύχαις
440 1273 633 1309 μετρούμενον,
654 1274 703 1308 οὐχ
718 1274 791 1309 ὅροις
806 1273 960 1309 κρατούμε-

172 1327 227 1352 νον,
247 1319 295 1354 οὐχ
314 1319 432 1354 ἡλικίαις
451 1319 637 1355 μεριζόμενον,
658 1319 728 1345 ἀλλὰ
750 1319 822 1346 κατὰ
844 1319 891 1355 τὴν
911 1317 958 1345 τοῦ

172 1365 260 1400 μάννα
276 1365 405 1401 διανομὴν
417 1385 424 1398 ,
442 1365 593 1402 αὐταρκείᾳ
613 1365 890 1400 περιλαμϐανόμενον,
911 1365 958 1391 κα)¹

174 1411 309 1447 ἰσομοιρίᾳ
324 1412 494 1447 τιμώμενον;
508 1412 537 1438 τὺ
549 1413 598 1447 τῆς
613 1412 717 1447 πτηνῆς
734 1411 840 1446 φύσεως
855 1412 957 1446 ὄχημα,

174 1457 222 1493 τὴν
230 1457 338 1492 ἀνέμων
354 1458 444 1492 ἕδραν,
455 1458 504 1494 τὴν
512 1457 592 1492 ὡρῶν
601 1457 753 1492 εὐκαιρίαν,
761 1458 810 1492 τὴν
820 1457 896 1489 ζώων
906 1457 959 1491 ψύ-

172 1512 264 1539 χωσιν,
276 1504 375 1539 μᾶλλον
385 1504 412 1530 δὲ
422 1504 471 1539 τῆς
479 1504 567 1539 ψυχῆς
579 1504 645 1539 πρὸς
653 1504 684 1530 τὸ
695 1503 772 1538 σῶμα
783 1505 956 1539 συντήρησιν,

171 1551 200 1576 ὲν
208 1546 230 1583 ᾧ
238 1549 362 1585 σώματα,
373 1550 419 1576 καὶ
433 1549 491 1584 μεθ’
499 1547 529 1576 οὗ
539 1549 626 1584 λόγος,
639 1551 666 1576 ἐν
676 1546 698 1583 ᾧ
711 1549 768 1584 φῶς
780 1549 826 1576 καὶ
837 1549 866 1575 τὺ
876 1558 959 1583 φωτι-

171 1594 295 1630 ζόμενον,
310 1596 356 1622 καὶ
371 1597 387 1631 ὴ
404 1596 475 1630 ὄψις,
491 1597 507 1631 ἡ
522 1595 555 1622 δι’
570 1595 652 1622 αὐτοῦ
675 1596 773 1630 ῥέουσα
786 1604 793 1628 ;
812 1595 911 1621 Σκόπει
929 1595 957 1621 δέ

172 1649 217 1676 μοι
233 1641 282 1668 καὶ
296 1641 331 1668 τὰ
342 1641 405 1676 ἑξῆς
417 1650 423 1656 ·
438 1642 468 1667 οὺ
486 1641 539 1676 γὰρ
557 1641 752 1677 συγχωροῦμαι
767 1640 806 1676 τῷ
820 1641 880 1675 ἀέρι
897 1640 957 1667 δοῦν

170 1696 213 1714 ναι
224 1687 274 1723 τὴν
290 1687 399 1714 ἃπασαν
415 1687 572 1714 δυναστείαν
585 1687 639 1714 τῶν
659 1687 705 1713 τοῦ
723 1687 804 1722 ἀέρος
824 1686 894 1714 εἶναι
913 1696 957 1714 νο-

172 1732 336 1769 μιζομένων.
354 1733 421 1760 Τίνα
439 1733 488 1768 μὲν
509 1733 618 1768 ἀνέμων
633 1733 750 1767 ταμεῖα;
768 1732 841 1764 τίνες
858 1733 958 1767 θησαυ-

171 1779 214 1814 ροὶ
238 1779 344 1814 χιόνος;
369 1779 417 1810 Τίς
441 1779 469 1805 δὲ
485 1780 499 1805 ὁ
512 1778 630 1810 τετοκὼς
653 1778 755 1814 βώλους
777 1779 833 1814 (75)
849 1779 955 1814 δρόσου,

168 1825 239 1851 κατὰ
260 1824 291 1851 τὸ
315 1825 506 1860 γεγραμμένον
521 1833 528 1857 ;
550 1825 596 1851 Ἐκ
612 1824 730 1859 γαστρὸς
744 1824 773 1851 δὲ
790 1825 862 1855 τίνος
878 1825 956 1851 ἐκπο-

170 1869 278 1905 ρεύεται
298 1869 484 1905 κρύσταλλος;
513 1869 560 1901 Τίς
582 1870 597 1895 ὁ
623 1868 762 1904 δεσμεύων
786 1869 857 1904 ὕδωρ
873 1870 902 1895 ἐν
913 1878 956 1896 νε-

168 1916 275 1950 φέλαις,
301 1915 394 1942 καὶτὸ
420 1916 469 1951 μὲν
494 1915 569 1946 ἱστὰς
588 1915 702 1941 ἐπὶτῶν
718 1915 835 1949 νεφελῶν
851 1915 884 1949 (ὦ
907 1916 955 1942 τοῦ

169 1960 307 1995 θαύματος
318 1959 339 1995 l)
356 1960 428 1995 λόγῳ
441 1960 629 1995 κρατουμένην
647 1959 727 1994 φύσιν
741 1959 795 1994 (74)
813 1959 861 1995 τὴν
875 1960 954 1994 ῥέου-

168 2015 229 2038 σαν,
254 2006 283 2032 τὸ
300 2006 327 2032 δὲ
348 2006 451 2040 ὲκχέων
475 2005 529 2040 (75)
548 2006 594 2032 ἐπὶ
618 2005 764 2041 πρόσωπον
793 2006 884 2040 πάσης
905 2006 955 2041 τῆς

166 2053 228 2088 γῆς,
242 2053 289 2079 καὶ
306 2052 425 2087 σπείρων
449 2052 562 2087 καιρίως
583 2051 629 2078 καὶ
649 2051 798 2086 ὁμοτίμως,
825 2052 872 2077 καὶ
894 2051 954 2078 οὐδὲ

165 2099 256 2133 ἀφιεὶς
272 2098 380 2125 ἃπασαν
395 2097 451 2133 (76)
465 2098 514 2133 τὴν
532 2097 619 2134 ὑγρὰν
634 2097 727 2124 οὐσίαν
745 2098 889 2133 ἐλευθέραν
908 2098 954 2124 καὶ

163 2143 278 2179 ἄσχετον
299 2145 390 2180 (ἀρκεῖ
405 2143 460 2179 γὰρ
477 2145 493 2179 ἡ
511 2143 559 2170 ἐπὶ
584 2143 646 2170 Νῶε
667 2143 812 2179 κάθαρσις,
834 2144 881 2170 καὶ
904 2143 953 2179 τῆς

163 2188 260 2215 ἑαυτοῦ
284 2188 416 2224 διαθήκης
434 2189 484 2214 οὐκ
503 2188 663 2223 ἐπιλήσμων
686 2189 700 2215 ὁ
725 2189 951 2223 ἀψευδέστατος),

162 2235 224 2260 obes
241 2234 344 2269 ἀνέχων
359 2234 541 2264 παντάπασιν,
558 2233 601 2260 ἵνα
620 2233 657 2269 μὴ
671 2234 752 2261 πάλιν
774 2234 864 2261 Ἡλίου
880 2234 952 2266 τινὸς

161 2280 313 2315 δεηθῶμεν,
324 2280 373 2315 τὴν
386 2279 521 2316 ξηρότητα
533 2279 642 2311 λύοντος
654 2289 660 2313 ;
681 2280 743 2306 Ἐὰν
755 2279 861 2316 κλείσῃ,
872 2281 947 2316 φησὶ,
966 2296 988 2324 D

161 2327 207 2353 τὸν
221 2327 346 2362 οὐρανὸν,
369 2327 410 2358 τίς
433 2325 551 2358 ἀνοίξεις
573 2325 620 2352 ἐὰν
641 2325 668 2352 δὲ
687 2325 781 2362 ἀνοίξῃ
802 2325 866 2357 τοὺς
885 2334 951 2351 κατ-

163 2373 305 2409 αράκτας,
325 2372 367 2404 τίς
391 2371 512 2404 συνέξεις
530 2371 571 2403 τίς
593 2371 660 2398 οἴσει
676 2371 724 2407 τὴν
748 2372 791 2397 ἐπ’
808 2372 950 2407 ἀμφότερα

160 2419 208 2445 τοῦ
225 2419 375 2451 ὐετίζοντος
396 2417 540 2453 ἀμετρίαν,
562 2417 611 2443 ἐὰν
637 2417 675 2453 μὴ
698 2418 755 2449 τοῖς
783 2417 878 2444 ἑαυτοῦ
902 2418 950 2453 μέ-

159 2473 235 2500 τροις
252 2465 299 2492 xa).
324 2464 463 2500 σταθμοῖς,
486 2463 635 2500 διεξαγάγῃ
657 2463 712 2498 (77)
727 2463 762 2490 τὰ
785 2463 947 2498 adpotum;

160 2511 193 2538 Τί
211 2520 255 2546 μοι
271 2511 464 2546 φιλοσοφήσεις
477 2510 542 2546 περὶ
555 2509 703 2546 ἀστραπῶν
719 2510 766 2536 καὶ
782 2508 911 2544 βροντῶν,
927 2506 949 2534 ὦ

161 2556 279 2592 βροντῶν
301 2556 355 2582 ἀπὸ
369 2556 421 2591 γῆς
442 2556 486 2589 σὺ,
514 2556 561 2582 καὶ
588 2555 648 2582 οὐδὲ
676 2555 782 2590 μικροῖς
802 2554 949 2590 σπινθῆρσι

196 2635 218 2652 ³⁸
227 2633 278 2662 Job
293 2641 369 2666 xxvi,
396 2632 440 2660 ιο.

195 2713 250 2748 (71)
267 2711 423 2748 Ποταμοῖς.
442 2711 488 2748 Sic
497 2710 576 2748 codd.
591 2709 619 2737 In
631 2709 687 2740 eth,
704 2709 851 2748 ποταμούς.

195 2744 250 2783 (72)
273 2744 379 2783 Τροφὴ.
393 2744 407 2773 ἱ
421 2746 565 2775 Alimonia.
581 2755 591 2771 ι
604 2752 657 2783 pon
669 2753 721 2779 qua
734 2744 841 2771 alantur
857 2749 945 2777 aquae,

159 2780 672 2825 εθιὲ.ιέι³ἐςεεζ³¹⁷ίπείιξεεξ’ίιυιε³¹ξ¹ηὲξ
720 2814 729 2825 .
769 2813 777 2825 .
827 2813 856 2825 ,.
903 2812 931 2825 ο.

195 2812 250 2853 (73)
269 2817 403 2851 Βὼλους.
429 2812 477 2844 Sic
497 2812 578 2848 LXX,
598 2820 626 2843 et
645 2815 692 2842 0r.
719 2814 745 2842 I.
769 2813 797 2842 lu
825 2813 881 2847 eth,
903 2812 946 2848 βό-

159 2853 250 2924 1mal)
269 2889 374 2916 Φύσιν.
392 2887 457 2923 Reg.
475 2887 568 2922 Cypr.,
581 2885 628 2921 τὴν
641 2884 731 2919 φύσιν.

1014 999 1140 1030 terrenis,
1164 999 1265 1026 indutis
1286 999 1368 1026 animi
1388 1000 1483 1033 pennis
1509 1000 1536 1027 in
1560 1007 1649 1027 aerem
1675 999 1801 1032 convola,

1012 1047 1042 1069 ut
1066 1047 1140 1069 recto
1163 1043 1257 1070 ordine
1277 1045 1466 1078 progrediatur
1480 1045 1589 1072 oratio:
1605 1052 1636 1072 ac
1657 1045 1754 1072 deinde
1775 1049 1801 1071 te

1013 1087 1085 1114 illinc
1101 1088 1133 1114 ad
1149 1087 1269 1115 coelestia
1282 1108 1289 1121 ,
1310 1088 1464 1123 coalumque
1487 1091 1554 1116 adeo
1576 1089 1675 1123 ipsum,
1698 1093 1727 1116 et
1740 1096 1801 1123 quae

1012 1132 1081 1159 caelo
1103 1132 1243 1166 superiora
1265 1137 1338 1165 sunt,
1362 1133 1486 1160 evellam.
1513 1133 1671 1168 Quanquam
1697 1134 1732 1161 ad
1756 1141 1800 1166 ea,

1012 1186 1071 1211 qua:
1087 1178 1214 1212 deinceps
1230 1182 1393 1213 sequuntur,
1411 1179 1541 1206 accedere
1564 1178 1665 1213 refugit
1691 1178 1799 1214 quidem

1012 1229 1043 1247 ac
1061 1221 1219 1248 reformidat
1235 1222 1339 1255 oratio;
1361 1223 1407 1249 sed
1431 1228 1521 1249 tamen
1546 1230 1677 1257 quantum
1696 1223 1798 1256 licebit,

1012 1266 1131 1292 accedet.
1147 1264 1214 1298 Quis
1228 1273 1317 1292 aerem
1335 1265 1416 1296 fudit,
1438 1266 1560 1299 uberem,
1580 1266 1706 1301 inquam,
1728 1266 1800 1294 hunc

1011 1315 1039 1337 et
1055 1311 1194 1344 copiosuut
1212 1311 1383 1342 thesaurum,
1407 1320 1459 1338 non
1486 1319 1535 1345 pro
1558 1312 1689 1347 cujusque
1713 1311 1800 1347 digni-

1012 1360 1066 1382 tate
1086 1361 1168 1390 atque
1194 1356 1311 1384 fortunis
1337 1357 1412 1384 varie
1436 1357 1600 1390 dimensum,
1622 1365 1674 1385 non
1700 1357 1800 1385 ﬁnibus

1010 1402 1072 1429 ullis
1084 1403 1218 1430 inclusum
1231 1410 1262 1430 ac
1279 1403 1531 1438 circumscriptum,
1548 1411 1600 1431 non
1621 1410 1669 1437 pro
1687 1408 1798 1430 attalum

1012 1448 1115 1474 ratione
1129 1448 1313 1481 distributum,
1334 1456 1437 1481 verum,
1465 1449 1536 1483 quod
1559 1449 1623 1476 olim
1648 1448 1676 1475 in
1699 1455 1798 1476 manna

1010 1495 1124 1529 contigit
1143 1494 1177 1527 “,
1210 1500 1340 1528 quantum
1365 1495 1461 1529 cuique
1478 1499 1520 1522 sat
1538 1495 1595 1527 sit,
1622 1494 1797 1528 impertitum,

1010 1545 1091 1574 atque
1114 1541 1304 1574 aequabilitatis
1329 1541 1432 1568 honore
1456 1540 1635 1568 decoratum?
1654 1539 1731 1573 Quis,
1757 1540 1798 1567 in'-

1010 1593 1105 1620 quam,
1140 1587 1191 1614 hoc
1219 1587 1308 1613 avium
1344 1586 1513 1619 vehiculum,
1548 1587 1617 1614 hanc
1655 1591 1796 1614 ventorutn

1011 1635 1116 1666 sedent,
1134 1633 1186 1660 hoc
1198 1633 1374 1665 eletucntum,
1390 1640 1444 1668 quo
1459 1637 1486 1660 et
1500 1633 1563 1659 anni
1586 1636 1677 1668 partes
1692 1637 1797 1667 tempe-

1009 1684 1115 1712 rantur,
1133 1683 1161 1706 et
1173 1679 1330 1706 animantur
1344 1678 1510 1710 animantia,
1535 1677 1576 1705 vel
1600 1677 1690 1704 anima
1706 1678 1794 1712 potius

1009 1735 1070 1754 cuin
1083 1734 1198 1761 corpore
1213 1730 1403 1758 conservatur,
1421 1725 1447 1752 in
1461 1733 1514 1760 quo
1527 1732 1641 1759 corpora
1653 1745 1660 1758 ,
1674 1729 1702 1752 et
1717 1723 1796 1759 cujus

1009 1781 1060 1808 ope
1075 1778 1156 1807 atque
1171 1771 1326 1807 adjumento
1351 1771 1498 1806 loquimur,
1526 1771 1551 1798 in
1569 1779 1623 1806 quo
1644 1771 1744 1803 lumen,
1769 1775 1796 1798 et

1008 1827 1051 1847 res
1074 1819 1175 1846 lumine
1206 1818 1336 1853 perfusae,
1368 1824 1450 1852 atque
1477 1817 1534 1852 ipse
1558 1817 1640 1844 etiam
1661 1822 1790 1851 aspectus

1007 1874 1055 1901 per
1069 1873 1130 1893 eum
1144 1865 1249 1893 ﬂuens?
1268 1865 1349 1892 Volve
1367 1865 1422 1899 jam
1444 1864 1535 1891 animo
1550 1871 1582 1891 ea
1596 1871 1655 1898 quae
1671 1871 1794 1898 sequun-

1007 1917 1049 1939 tur
1067 1920 1074 1938 :
1093 1919 1142 1938 nec
1160 1912 1232 1938 enim
1258 1911 1322 1938 mihi
1338 1911 1377 1938 l'as
1393 1916 1435 1938 est
1449 1911 1504 1938 aeri
1523 1910 1678 1937 universum
1700 1916 1794 1936 earum

1007 1965 1096 1984 rerum
1110 1957 1252 1991 imperium
1268 1956 1380 1990 largiri,
1398 1963 1458 1990 qua:
1474 1955 1544 1982 aeris
1557 1962 1617 1981 esse
1633 1958 1788 1981 censentur.

1006 2003 1070 2037 Quae
1087 2007 1228 2030 ventorum
1256 2001 1458 2037 promptuaria?
1480 2001 1531 2035 Qui
1556 2000 1626 2027 nivis
1653 1999 1794 2026 thesauri?

1005 2049 1072 2083 Quis
1087 2049 1158 2076 roris
1179 2048 1275 2082 stillas,
1292 2052 1321 2075 ut
1337 2055 1397 2075 cum
1413 2047 1556 2081 Scriptura
1576 2046 1683 2080 loquar,
1708 2052 1792 2079 pepe-

1004 2096 1060 2123 rit?
1085 2095 1106 2122 E
1126 2094 1204 2129 cujus
1229 2098 1307 2121 utero
1332 2093 1433 2128 glacies
1459 2099 1571 2128 egressa
1595 2095 1637 2118 est
1653 2090 1695 2117 "?
1727 2090 1792 2123 Quis

1004 2148 1101 2176 aquam
1119 2141 1144 2167 in
1159 2139 1276 2167 nubibus
1289 2139 1380 2173 alligat
1393 2139 1427 2171 ",
1454 2145 1568 2172 eamque
1582 2137 1615 2172 (ο
1631 2144 1687 2164 rem
1704 2137 1791 2164 admi-

1006 2187 1119 2214 randam
1133 2186 1139 2213 l
1151 2186 1160 2220 )
1174 2185 1272 2220 partim
1288 2185 1315 2212 in
1329 2184 1445 2212 nubibus
1466 2183 1525 2219 ﬁgit
1546 2183 1630 2210 verbo
1648 2189 1790 2216 compres-

1004 2240 1074 2264 sam,
1093 2231 1200 2259 tametsi
1214 2235 1310 2258 natura
1329 2237 1376 2257 sua
1395 2229 1494 2257 fluxam
1510 2234 1537 2256 et
1552 2228 1658 2255 labilem
1669 2247 1676 2260 ,
1692 2227 1790 2261 partim

1005 2277 1031 2304 in
1051 2277 1133 2304 totius
1156 2281 1234 2303 terra;
1258 2275 1354 2303 facient
1370 2274 1497 2307 ell'undit,
1516 2281 1548 2301 ac
1575 2273 1734 2307 tempestive
1763 2276 1790 2299 el.

1003 2323 1100 2358 aequali
1118 2323 1198 2350 modo
1216 2322 1386 2357 spargit:ac
1409 2327 1497 2355 neque
1521 2319 1659 2347 humidam
1681 2325 1790 2346 omnem

1005 2369 1187 2398 substantiam
1217 2368 1329 2396 liberam
1346 2372 1373 2395 et
1389 2367 1503 2395 solutam
1521 2365 1649 2400 relinquit
1673 2363 1791 2398 (suﬂicit

1003 2417 1075 2443 enim
1109 2415 1233 2451 purgatio
1256 2415 1321 2448 illa,
1352 2422 1412 2449 quae
1436 2419 1556 2448 tempore
1580 2412 1638 2439 Noe
1664 2411 1788 2445 contigit,

1002 2463 1129 2497 paclique
1143 2461 1184 2489 sui
1200 2461 1224 2477 "
1239 2460 1398 2488 memoriam
1415 2460 1619 2494 haudquaquam
1632 2458 1654 2485 is
1668 2456 1766 2490 abjecit
1780 2476 1788 2489 ,

1002 2509 1048 2543 qui
1072 2509 1107 2535 ab
1126 2507 1200 2535 omni
1223 2506 1362 2534 mendacio
1377 2511 1418 2533 est
1432 2504 1641 2539 alienissimus),
1660 2510 1710 2530 nec
1727 2509 1790 2530 rur-

1003 2561 1049 2581 sus
1073 2553 1184 2580 omnino
1198 2551 1312 2585 inhibet,
1332 2558 1366 2578 ne
1386 2550 1484 2578 iterum
1512 2549 1569 2576 Elia
1588 2549 1705 2583 qundam
1719 2555 1787 2584 opus

483 2633 503 2648 “
529 2631 614 2659 Exod.
633 2638 689 2664 xvt,
705 2631 739 2659 l8
757 2637 834 2666 seqq.
872 2630 894 2647 "
909 2629 959 2658 Job
974 2637 1089 2663 xxxvnt,
1107 2629 1152 2664 28,
1166 2629 1212 2657 29.
1249 2628 1272 2646 ³³
1285 2627 1356 2656 Psal.
1374 2635 1487 2660 cxxrtv,
1508 2627 1535 2655 7.
1572 2627 1595 2644 "
1606 2626 1674 2655 Gen.
1689 2635 1727 2659 Ix,
1741 2626 1786 2654 12.

1037 2706 1093 2743 (75)
1119 2705 1255 2743 Ἐκχέων.
1268 2705 1314 2734 Sic
1329 2704 1383 2733 duo
1398 2704 1493 2740 Regg.,
1513 2704 1560 2733 0r.
1578 2705 1590 2732 ιι
1606 2709 1634 2732 et
1643 2704 1738 2732 Comb.
1756 2706 1786 2732 ln

1000 2742 1055 2774 ed.,
1069 2742 1173 2777 ὲκχέον.

1036 2777 1092 2813 (76)
1113 2777 1258 2817 Ἃπαοάν.
1274 2775 1341 2810 Reg.
1361 2774 1454 2810 Cypr.,
1473 2775 1569 2809 ἅπασι,
1579 2775 1668 2810 quasi,
1684 2773 1787 2802 παντά-

1001 2821 1078 2844 πασι.
1096 2821 1104 2838 ‹
1123 2819 1245 2842 omnino.
1259 2818 1381 2845 prorsus.
1399 2821 1409 2838 ι

1035 2848 1090 2884 (77)
1109 2846 1282 2882 Διεξαγὰγῃ.
1298 2846 1363 2882 Reg.
1379 2854 1405 2880 a,
1419 2850 1446 2874 et
1457 2845 1503 2874 0r.
1519 2846 1545 2880 l,
1557 2845 1679 2884 διεξάγῃ.
