2049 3131
266 171 300 201 ’11
870 173 899 200 S.
920 172 1084 200 GREGURH
1105 172 1280 202 TllEOLOGl
1859 173 1893 200 72

267 232 389 268 corporis
413 237 574 264 cernuntur,
605 232 756 260 orationem
785 231 986 260 diliundemus?
1011 233 1049 259 An

1103 233 1206 267 κόσμου
1224 234 1322 264 παντὸς
1340 232 1485 260 ἀντίτυπον
1499 233 1550 267 τὴν
1567 232 1689 264 Μωσέως
1706 232 1807 268 σκηνὴν
1823 231 1893 260 οἶδεν

266 280 379 314 potius,
404 280 532 313 quoniam
560 278 707 307 Mosaicum
737 279 801 306 illud
829 278 1051 311 tabernaculum,

266 325 358 352 mundi
379 325 461 352 totius
485 324 600 360 ﬁguram
630 329 654 351 et
676 325 820 359 imaginem
847 325 984 352 exstitisse
1005 325 1053 353 do-

265 375 309 399 eet
325 370 466 406 Scriptura
484 371 612 406 (mundus
626 378 709 406 porro
725 379 756 398 ex
771 371 924 398 visibilibus
940 375 967 398 et
983 371 1052 397 invi-

266 415 392 443 sibilibus
420 417 548 452 constat),
573 416 674 444 idcirco
699 421 844 450 penetrato
869 417 957 451 primo
980 416 1051 449 velo;

266 461 487 496 transcensisque
511 462 591 489 rebus
608 462 673 495 illis,
691 469 750 496 qum
762 469 871 489 sensum
886 467 1008 494 movent,
1023 463 1050 489 in

266 506 366 534 Sancta
382 507 394 523 δ
419 508 627 542 prospiciemus,
648 508 698 535 hoc
719 512 772 537 cst.
790 508 817 534 in
833 509 1052 542 supercualestem

265 559 402 591 naturam.
416 561 531 589 quaeque
548 563 601 582 non
615 555 667 582 nisi
683 554 789 581 ratione
803 559 885 589 atque
901 554 1052 590 intelligen-

267 600 303 627 tia
321 600 487 635 percipitur?
508 600 561 627 Sed
587 608 621 627 ne
641 600 711 627 hanc
728 600 848 634 quidem,
868 600 973 627 tametsi
990 607 1051 627 cor-

266 645 341 680 poris
362 651 515 680 expertem,
542 646 702 680 incorporeo
725 645 805 673 modo
824 653 936 673 cernere
955 653 1052 680 possu-

265 698 336 725 mus,
350 692 448 726 quippe
462 699 522 726 quaa
536 691 618 726 ignis,
645 696 672 718 et
694 690 812 725 Spiritus
828 691 987 726 appelletur,
1006 695 1053 718 aut

265 737 409 764 efficiatur.
423 736 496 764 Deus
510 738 594 769 enim,
606 743 635 763 ut
648 736 745 764 litteris
755 738 841 764 sacris
854 738 987 772 proditum
1000 742 1051 769 est,

264 783 374 818 angelos
388 790 451 810 suos
466 783 577 817 spiritus
591 782 665 813 facit,
691 788 719 810 et
733 783 873 810 ministros
888 790 951 810 suos
973 782 1051 808 [lam-

267 835 340 854 mam
357 827 428 862 ignis
440 828 468 859 ες
486 827 537 854 nisi
551 827 622 854 forte
636 828 686 854 hoc
701 827 772 860 loco,
787 827 877 855 facere
894 827 960 854 nihil
979 827 1050 853 aliud

264 871 420 906 signiticet,
449 879 532 906 quam
561 873 666 904 eadem,
692 879 745 906 qua
771 872 887 905 primttm
916 872 1049 907 procreati

264 921 340 949 sant,
358 917 462 944 ratione
487 917 557 944 tueri
579 921 606 943 et
629 925 804 944 conservare.
835 917 953 952 Spiritus
970 924 1051 950 porro

264 969 346 997 atque
366 963 436 997 ignis
454 963 566 998 angelus
588 963 758 998 appellatur;
778 963 843 990 illud
859 964 922 998 quia
946 963 1052 990 intelle-

265 1009 322 1035 ctili
339 1013 434 1035 natura
452 1013 493 1036 est
509 1009 651 1043 praeditus,
670 1009 731 1040 hoc,
746 1009 809 1042 quia
824 1008 971 1043 purgandis
990 1009 1050 1035 ani-

265 1054 318 1081 mis
329 1055 430 1081 nostris
440 1055 600 1087 adhibetur;
615 1054 832 1090 quaudoquidem
845 1055 973 1089 primaria
984 1062 1051 1089 quo—

263 1107 318 1135 que
342 1101 386 1128 illa
413 1101 531 1128 essentia
560 1101 655 1128 iisdem
683 1101 839 1128 nominibus
861 1101 887 1127 in
910 1100 1052 1135 Scriptura

263 1152 447 1182 nuncupatur.
473 1148 527 1175 Sed
551 1148 607 1174 sint
629 1154 696 1174 sane
723 1147 802 1174 nobis
828 1147 865 1174 illi
886 1147 1050 1181 incorporei,

267 1197 315 1220 aut
330 1201 411 1228 quam
431 1194 555 1228 proxime
567 1194 600 1220 ad
617 1194 668 1220 hoc
686 1194 855 1221 accedentes.
872 1192 955 1220 Vides
978 1193 1050 1219 cnim

265 1239 401 1274 quomodo
426 1239 497 1266 eirea
525 1239 676 1271 huiusmodi
707 1247 859 1267 sermonem
892 1244 1048 1270 azstnemus,

264 1291 326 1316 nec,
345 1290 398 1317 quo
416 1284 634 1318 progrediamur,
658 1283 826 1316 habeamus;
844 1288 890 1310 aut
903 1288 978 1310 certe
994 1291 1047 1311 non

266 1329 337 1356 ultra
359 1329 483 1364 progredi
501 1330 647 1364 possimus.
663 1337 742 1363 quant
756 1329 826 1364 quod
841 1329 951 1364 angelos
966 1336 1050 1364 quos-

265 1375 328 1402 dam
349 1379 377 1402 et
395 1375 574 1408 archangelos
605 1375 716 1407 scimus,
742 1375 865 1406 thronos,
889 1380 1049 1408 potestates,

261 1419 439 1453 principatus,
467 1419 679 1450 dominationes,
705 1418 878 1453 splendores,
905 1425 1048 1449 ascensus,

259 1464 442 1498 intelligentes
464 1465 594 1497 virtutes,
622 1464 664 1490 Vel
692 1469 800 1491 mentes
830 1464 939 1498 potius,
969 1471 1050 1498 puras

261 1514 381 1541 naturas,
399 1510 564 1544 minimeque
587 1509 764 1540 adulterinas,
784 1509 815 1536 ad
834 1508 932 1535 malum
953 1509 1049 1535 immo-

260 1555 340 1588 biles,
357 1555 399 1582 vel
412 1560 485 1583 certe
503 1563 555 1582 non
577 1555 655 1582 facile
672 1555 794 1587 mobiles,
811 1559 956 1589 perpetuos
977 1555 1045 1581 clm-

261 1608 307 1628 ros
320 1601 390 1628 circa
404 1601 558 1635 principem
577 1601 650 1627 illam
669 1609 777 1627 causam
798 1601 951 1635 agitantes;
968 1600 1048 1634 522

263 1650 308 1672 aut
325 1645 358 1681 (si
373 1645 436 1680 quid
455 1646 544 1680 aptius
563 1646 708 1680 quisquam
734 1653 828 1672 earum
853 1645 976 1671 laudibus
1003 1646 1050 1671 de-

261 1690 402 1717 cantandis
417 1689 514 1717 afferre
525 1689 628 1724 queat),
660 1689 806 1724 purissimo
820 1688 961 1722 splendore
977 1687 1050 1714 illinc

260 1734 395 1770 perfusas,
416 1739 463 1761 aut
479 1741 528 1768 pro
546 1738 647 1761 natura:
667 1739 693 1760 et
718 1733 821 1760 ordinis
835 1733 965 1766 cujusque
984 1739 1049 1766 pro-

261 1780 395 1814 portione,
406 1780 473 1806 alias
486 1779 539 1807 alio
552 1779 631 1806 modo
640 1779 831 1810 collustratas;
845 1785 904 1812 quae
917 1785 930 1804 a
943 1785 1049 1804 summa

262 1826 307 1853 illa
331 1825 531 1860 pulchritudine
551 1825 619 1852 adeo
643 1824 824 1851 informantur
841 1829 868 1850 et
884 1823 1049 1857 imprimun-

261 1876 318 1903 tur,
334 1874 362 1897 ut
378 1871 442 1906 ipsa:
456 1871 507 1897 alia
526 1878 634 1906 quoque
651 1870 754 1897 lumina
775 1869 937 1902 efficiantur,
953 1877 985 1896 ac
1002 1875 1050 1903 per

262 1916 342 1950 primi
356 1916 465 1944 luminis
479 1915 640 1943 influxiones
656 1919 683 1943 et
705 1916 968 1943 communicationes
981 1915 1049 1942 alios

263 1961 416 1989 illuminare
436 1961 558 1996 possint;
583 1968 652 1995 quae,
685 1968 746 1987 cum
773 1961 871 1987 divinat
903 1960 1050 1988 voluntatis

265 2006 396 2034 ministrae
407 1998 471 2033 'sint
491 2006 514 2038 ⁶,
527 2006 679 2040 roboreque
694 2013 748 2033 non
764 2006 845 2033 modo
860 2006 987 2039 naturali,
1001 2006 1048 2033 sed

264 2052 345 2079 etiam
368 2051 516 2079 adventitio
543 2051 671 2086 polleant,
698 2051 755 2077 loca
778 2051 868 2078 omnia
887 2056 1047 2086 peragrant,

260 2097 389 2125 omnibus
406 2098 506 2131 ubique
521 2097 634 2131 impigre
646 2097 755 2128 ad5unt,
773 2102 828 2123 tum
848 2097 884 2124 ob
903 2097 1048 2124 ministerii

262 2143 516 2177 promptitudinem,
546 2147 601 2168 tum
626 2143 661 2168 ob
688 2147 790 2169 natura:
811 2142 965 2175 levitatem;
990 2142 1049 2170 aliae

264 2188 347 2215 etiam
372 2187 451 2214 aliam
475 2188 619 2221 quamdam
640 2187 714 2214 orbis
734 2191 837 2221 partem
863 2187 1050 2222 complectun-

262 2237 317 2264 tur,
338 2238 384 2260 aut
402 2237 476 2260 certe
489 2233 549 2260 aliis
567 2234 688 2267 quaedam
705 2240 768 2267 pars
791 2234 934 2262 commissa
948 2239 1001 2267 est,
1017 2239 1048 2262 ut

263 2278 350 2309 novit,
379 2277 424 2312 qui
449 2278 506 2305 btet:
529 2277 664 2304 ordinavit
689 2285 722 2304 ac
745 2278 882 2311 distinxit;
905 2280 937 2306 ad
962 2288 1045 2308 unum

297 2322 401 2351 ‘Hebr.
418 2323 512 2355 “.24.
551 2323 644 2351 ’Psal.
668 2331 726 2354 cnt.
749 2324 777 2351 Δ.
824 2324 925 2353 ‘llebr.
946 2334 965 2359 ι,
986 2328 1029 2356 14.

1103 280 1117 305 ὁ
1130 279 1218 313 λόγος,
1233 279 1279 305 τοῦ
1295 279 1324 311 ἐξ
1338 279 1443 314 ὁρατῶν
1458 287 1487 305 τε
1504 279 1552 305 καὶ
1565 279 1687 314 ἀοράτων
1704 278 1776 312 λέγω
1792 280 1893 314 συστή-

1105 333 1198 358 ματος,
1226 324 1257 350 τὸ
1283 323 1392 359 πρῶτον
1418 324 1619 358 καταπέτασμα
1644 323 1817 357 διασχόντες,
1847 323 1893 350 καὶ

1103 370 1272 405 ὑπερϐάντες
1288 370 1337 404 τὴν
1361 369 1499 404 αἴσθησιν,
1516 370 1556 400 εἰς
1571 368 1606 395 τὰ
1622 368 1705 402 ’Ἅγια
1721 368 1892 404 παρακύψω·

1105 425 1154 451 μεν
1169 416 1235 450 (9'2),
1263 415 1313 450 τὴν
1339 414 1438 450 νοητὴν
1464 413 1544 448 φύσιν
1571 414 1619 440 καὶ
1645 414 1805 449 ἐπουράνιον
1819 413 1891 447 (95);

1103 463 1160 488 Οὐκ
1183 462 1280 496 ἔχομεν
1303 460 1364 487 οὐδὲ
1385 460 1488 495 ταύτην
1516 459 1670 495 ἀσωμάτως
1697 460 1770 491 ἰδεῖν,
1794 461 1818 486 εἰ
1844 462 1892 487 καὶ

1103 508 1257 542 ἀσώματος,
1288 506 1343 542 πῦρ
1369 507 1414 533 καὶ
1438 505 1546 541 πνεῦμα
1572 506 1892 542 προσαγορευομένην,’ῆ

1104 552 1258 587 γινομένην.
1278 553 1369 578 Ποιεῖν
1383 551 1437 587 γὰρ
1454 551 1561 585 λέγεται
1577 551 1640 583 τοὺς
1656 551 1787 585 ἀγγέλους
1809 551 1891 578 αὑτοῦ

1103 599 1255 634 πνεύματα,
1270 600 1317 625 καὶ
1332 599 1395 630 τοὺς
1408 598 1581 634 λειτουργοὺς
1595 597 1676 624 αὑτοῦ
1692 598 1777 633 πυρὸς
1792 598 1891 632 φλόγα.-

1104 646 1128 671 εἱ
1145 645 1181 680 μὴ
1200 646 1285 671 ποιεῖν
1312 645 1359 679 μὲν
1375 644 1433 670 ἔστι
1449 644 1479 670 τὸ
1500 645 1643 679 συντηρεῖν
1669 643 1707 679 τῷ
1727 644 1808 679 λόγῳ,
1831 643 1891 670 καθ’

1104 691 1133 718 ὂν
1150 691 1282 724 ἐγένοντο.
1299 689 1412 725 Πνεῦμα
1430 690 1458 716 δὲ
1474 689 1568 716 ἀκούει
1584 690 1632 716 καὶ
1649 689 1705 725 πῦρ
1717 698 1723 704 ·
1743 689 1773 716 τὸ
1789 689 1838 725 μὲν
1854 690 1891 721 ὡς

1104 737 1186 772 νοητὴ
1203 737 1293 771 φύσις,
1310 736 1338 762 τὸ
1354 736 1382 762 δὲ
1398 736 1435 767 ὡς
1455 735 1602 771 καθάρσιος
1612 736 1667 772 (Μ)
1678 744 1686 750 ·
1704 736 1827 770 ὲπεὶ(95)
1844 736 1892 763 καί¹

1103 783 1151 817 τῆς
1173 782 1284 818 πρώτης
1306 782 1399 812 οὐσίας
1422 781 1470 813 τὰς
1491 781 1575 812 αὑτὰς
1595 779 1652 807 οἶδα
1675 781 1797 816 κλήσεις.
1818 782 1891 817 Πλὴν

1103 829 1170 862 ἡμῖν
1183 836 1214 861 γε
1229 827 1372 862 ἀσώματος
1386 826 1467 857 ἔστω,
1479 826 1494 861 ἦ
1506 826 1547 852 ὅτι
1558 826 1706 860 ἐγγύτατα.
1721 827 1802 862 Ὁρᾷς
1818 827 1891 858 ὅπως

1105 872 1263 908 ἰλιγγιῶμεν
1280 872 1343 907 περὶ
1358 873 1402 898 τὸν
1416 872 1504 906 λόγον,
1519 872 1566 899 καὶ
1582 873 1632 898 οὐκ
1644 872 1741 907 ἔχομεν
1753 870 1780 898 οἵ
1792 873 1890 908 προέλ-

1067 905 1088 932 Β
1103 916 1205 952 οωμεν,
1229 917 1245 952 ἢ
1267 916 1392 943 τοσοῦτον
1407 917 1468 943 ὅσον
1485 917 1584 943 εἰδέναι
1600 917 1732 951 ἀγγέλους
1750 918 1826 949 τινὰς
1843 917 1892 943 καὶ

1102 963 1296 998 ἀρχαγγέλους,
1319 962 1439 998 Ορόνους,
1457 963 1631 998 κυριότητας.
1644 962 1741 998 ἀρχὰς,
1755 962 1889 995 ἐξουσίας,

1102 1009 1307 1044 λαμπρότητας,
1335 1009 1490 1040 ἀναϐάσεις,
1513 1008 1609 1044 νοερὰς
1625 1009 1792 1044 δυνάμεις,ἣ
1814 1009 1888 1040 νόας,

1103 1055 1226 1090 καοαρέις
1241 1054 1335 1089 φύσεις
1359 1054 1406 1080 καὶ
1423 1054 1594 1090 ἁκιϐδήλους,
1612 1055 1756 1090 ἀκινήτους
1773 1054 1841 1090 πρὸς
1857 1054 1889 1080 τὸ

1102 1100 1242 1150 χεῖροπγῆ
1265 1100 1507 1150 δυσκινήτουςίθϐ)
1531 1101 1594 1136 περὶ
1617 1100 1648 1126 τὸ
1674 1100 1781 1136 πρῶτον
1805 1100 1890 1127 αῐτιον

1102 1147 1145 1173 ἀεὶ
1160 1145 1338 1182 χόρευούσας·
1355 1146 1371 1181 ἢ
1397 1145 1455 1177 πῶς
1476 1146 1508 1173 ἄν
1531 1155 1573 1178 τις
1597 1146 1682 1178 αὑτὰς
1697 1146 1888 1182 ἁνυμνήσειεν,

1102 1192 1206 1218 ἐκεῖθεν
1229 1191 1436 1226 ὲλλαμπομένας
1451 1192 1501 1227 τὴν
1526 1192 1724 1228 καθαρωτάτην
1745 1192 1888 1227 ἔλλαμψιν,

1101 1239 1118 1274 ἢ
1134 1238 1221 1270 ἄλλως
1239 1238 1321 1273 ἄλλην
1340 1238 1411 1265 κατὰ
1432 1238 1481 1274 τὴν
1499 1238 1643 1273 ἀναλογίαν
1660 1240 1709 1274 τῆς
1723 1238 1829 1273 φύσεως
1841 1238 1889 1264 καὶ

1101 1284 1149 1318 τῆς
1175 1282 1295 1316 τάξεως”
1318 1282 1444 1309 τοσοῦτον
1469 1282 1508 1317 τῷ
1532 1281 1607 1317 καλῷ
1622 1282 1676 1316 (97)
1698 1280 1889 1317 μορφουμένας

1101 1331 1148 1356 καὶ
1162 1329 1343 1364 τυπουμένας,
1360 1329 1429 1355 ὥστε
1444 1328 1511 1356 ἄλλα
1531 1328 1654 1363 γίνεσθαι
1672 1328 1760 1362 φῶτα,
1780 1327 1828 1354 καὶ
1842 1326 1890 1353 ἅλ-

1101 1376 1162 1407 λους
1178 1375 1303 1410 φωτίζειν
1315 1374 1443 1401 δύνασθαι
1455 1376 1516 1406 ταῖς
1527 1375 1574 1401 τοῦ
1589 1374 1697 1410 πρώτου
1712 1373 1799 1408 φωτὸς
1812 1373 1889 1408 ὲπιρ-

1102 1423 1176 1457 ῥοαῖς
1192 1430 1220 1447 τε
1236 1422 1282 1448 καὶ
1300 1421 1466 1447 διαδόσεσιν·
1485 1420 1658 1455 λειτουργοὺς
1681 1420 1753 1446 θείου
1771 1418 1890 1454 θελήμα-

1100 1476 1155 1498 τος,
1175 1467 1290 1498 δυνατὰς
1317 1467 1390 1502 ἰσχύϊ
1414 1467 1515 1502 φυσικῇ
1538 1474 1567 1492 τε
1594 1466 1642 1492 καὶ
1668 1465 1808 1500 ἑπιχτήτῳ
1821 1463 1887 1499 (98)⁷

1101 1513 1188 1540 πάντα
1212 1513 1454 1548 ὲπιπορευομὲνας,
1482 1513 1549 1539 πᾶσι
1574 1511 1712 1547 πανταχοῦ
1738 1510 1879 1545 παρούσας

1101 1559 1225 1594 ἑτοίμως,
1249 1558 1388 1594 προθυμίᾳ
1414 1567 1444 1584 τε
1466 1558 1647 1593 λειτουργίας,
1674 1557 1721 1583 καὶ
1742 1555 1888 1591 κουφότητι

1100 1603 1223 1638 φύσεως’
1246 1604 1328 1635 ἄλλοις
1352 1604 1415 1630 ἄλλο
1438 1613 1465 1630 τι
1481 1604 1530 1639 τῆς
1544 1603 1706 1639 οἰκουμένης
1728 1603 1810 1639 μέρος
1824 1602 1890 1628 διει-

1099 1648 1226 1683 ληφυίας.
1240 1648 1256 1683 ἢ
1269 1648 1341 1683 ἄλλῳ
1354 1650 1407 1675 τινὶ
1419 1649 1474 1683 (99)
1486 1649 1533 1676 τοῦ
1550 1649 1648 1680 παντὸς
1663 1648 1887 1683 ἐπιτεταγμέναις,

1099 1694 1136 1726 ὡς
1150 1692 1219 1721 οἶδεν
1233 1696 1247 1721 ὁ
1262 1695 1346 1721 ταῦτα
1367 1695 1451 1728 τάξας
1463 1695 1500 1730 (1)
1516 1695 1564 1722 καὶ
1582 1695 1718 1730 διορίσας·
1740 1694 1828 1721 πάντα
1849 1694 1889 1726 εἰς

1099 1741 1128 1766 ἒν
1144 1740 1274 1775 ἁγοῦσας,
1293 1741 1361 1776 προς
1380 1741 1444 1777 μίαν
1464 1741 1604 1768 σύννευσιν
1618 1740 1665 1768 τοῦ
1683 1741 1717 1767 τὰ
1733 1741 1821 1768 πάντα
1840 1740 1872 1769 δη

1101 1787 1314 1821 μιουργήσαντος
1324 1795 1331 1802 ·
1344 1787 1484 1822 ὑμνῳδοὺς
1498 1786 1573 1818 Θείας
1589 1786 1806 1822 μεγαλειότητος,
1820 1785 1890 1812 θεω-

1102 1831 1164 1866 ροὺς
1179 1831 1257 1866 δόξης
1274 1832 1359 1858 ἀϊδίου
1377 1832 1424 1858 καὶ
1441 1831 1544 1863 ἀϊδίως,
1561 1831 1610 1866 οὐχ
1626 1831 1670 1858 ἳνα
1685 1830 1802 1866 δοξασθῇ
1823 1830 1890 1861 Θεὸς

1101 1877 1141 1912 (οὐ
1159 1877 1212 1913 γάρ
1235 1878 1307 1904 ἐστιν
1335 1878 1348 1904 ὃ
1373 1877 1588 1913 προστεθήσεται
1608 1877 1646 1912 τῷ
1662 1877 1771 1912 πλήρει,
1789 1876 1826 1910 τῷ
1841 1876 1888 1902 καὶ

1099 1924 1155 1954 τοῖς
1168 1923 1258 1954 ἄλλοις
1272 1923 1382 1959 χορηγῷ
1396 1923 1450 1950 τῶν
1461 1923 1574 1956 καλῶν).
1587 1923 1643 1950 ἀλλ’
1656 1923 1699 1949 ἵνα
1714 1923 1751 1958 μὴ
1767 1922 1848 1957 λείπῃ
1858 1922 1888 1948 τὸ

1099 1968 1300 2004 εὑεργετείσθαι
1321 1970 1368 1996 καὶ
1387 1971 1447 2000 ταῖς
1468 1969 1591 2005 πρώταις
1609 1969 1678 2004 μετὰ
1694 1969 1759 1995 Θεὸν
1780 1968 1886 2003 φύσεσι.

1101 2014 1191 2041 Ταῦτα
1208 2015 1232 2041 εἰ
1250 2015 1300 2050 μὲν
1321 2015 1389 2050 πρὸς
1406 2015 1484 2048 ἀξίαν
1508 2015 1635 2050 ὕμνηται,
1662 2015 1711 2050 τῆς
1733 2014 1846 2049 Τριάὸος
1869 2014 1887 2049 ἡ

1099 2060 1189 2095 χάρις,
1202 2061 1309 2096 καὶτῆς
1326 2062 1389 2095 μιᾶς
1404 2063 1433 2088 ὲν
1445 2063 1500 2093 τοῖς
1512 2062 1585 2098 τρισὶ
1599 2061 1725 2096 θεότητος
1735 2070 1741 2076 ·
1760 2062 1784 2087 εἰ
1799 2061 1828 2086 δὲ
1838 2060 1887 2095 τῆς

1099 2106 1245 2142 ἐπιθυμίας
1259 2107 1297 2141 (‘2)
1320 2107 1498 2144 ἐνδεέστερον,
1514 2107 1570 2142 ἔχει
1584 2109 1614 2134 τὸ
1640 2108 1717 2143 νιχᾷν
1740 2107 1786 2134 καὶ
1801 2106 1888 2138 οὕτως

1098 2150 1113 2176 ὁ
1127 2151 1214 2184 λόγος.
1233 2152 1318 2179 Τοῦτο
1338 2153 1392 2188 γὰρ
1410 2153 1558 2187 ἠγωνίζετο
1579 2153 1762 2188 παραστῆσαι.
1782 2152 1823 2178 ὅτι
1840 2151 1886 2178 νοῦ

1100 2197 1241 2232 κρείττων,
1265 2199 1313 2224 καὶ
1332 2199 1348 2233 ἡ
1371 2198 1425 2225 τῶν
1444 2199 1578 2234 δευτέρων
1603 2199 1695 2233 φύσις,
1718 2198 1755 2233 μὴ
1777 2198 1818 2224 ὅτι
1838 2197 1887 2233 τῆς

1100 2241 1210 2277 πρώτης
1227 2244 1273 2270 καὶ
1290 2243 1383 2278 μόνης,
1401 2244 1472 2270 ὀκνῶ
1486 2243 1540 2280 γὰρ
1553 2244 1590 2279 (5)
1606 2245 1702 2276 εἰπεῖν,
1720 2244 1789 2278 ὑπὲρ
1801 2243 1888 2270 ἃπαν-

1099 2295 1134 2313 τα
1149 2287 1198 2321 (4).

296 2369 352 2404 (92)
365 2369 605 2412 ,ῼιῑρακύψιωμεκ
615 2369 790 2398 Con-belisius
800 2376 892 2397 censet
906 2371 1044 2406 legendum

1101 2384 1111 2412 ι
1132 2374 1180 2412 Dei
1202 2375 1303 2412 attxilio
1321 2381 1356 2412 ret
1380 2376 1478 2412 gratia,
1496 2377 1593 2411 quibus
1616 2383 1709 2404 natura
1737 2377 1884 2412 perficitur.

262 2404 470 2439 παρακύψομεν.

310 2439 354 2473 95)
380 2438 584 2474 Ἐπουράνιον.
602 2448 611 2464 t
627 2438 780 2473 Ccelcstetn,
796 2449 805 2465 ›
825 2440 850 2467 id
862 2445 904 2468 est
919 2451 928 2467 ‹
947 2450 1005 2476 qum
1018 2443 1045 2471 in

262 2475 333 2502 cmlo
350 2479 480 2500 versu-tur.
495 2484 504 2498 ι

299 2509 353 2544 (Μ)
374 2509 549 2544 Καθάρσιος.
569 2509 596 2535 In
609 2509 779 2542 quibusdam,
794 2509 937 2544 κάθαρσις.

378 2543 468 2580 Ἐπεί.
487 2544 550 2580 Ileg.
567 2552 592 2575 a,
607 2544 710 2580 ἐπειδή.

296 2578 352 2613 (96)
372 2579 405 2605 Ἢ
414 2577 624 2613 δυσκινῆτους.
644 2588 654 2604 ‹
675 2577 719 2605 Vel
736 2584 809 2607 certe
824 2588 875 2606 non
893 2579 971 2608 facile
987 2590 1045 2608 mo-

263 2613 339 2640 biles.
358 2622 367 2638 ι
389 2613 416 2640 Id
431 2615 544 2640 refertur
563 2615 595 2640 ad
619 2613 735 2641 Luciferi
755 2615 868 2648 lapsum.
883 2615 957 2643 Nunc
973 2619 1043 2644 enim

261 2648 294 2675 ad
308 2648 405 2685 malum
420 2648 568 2676 immobiles
581 2655 642 2675 sunt
652 2649 737 2683 angeli
752 2657 799 2684 per
809 2657 963 2678 concessam
978 2653 1043 2685 ipsis

262 2684 421 2710 constantia:
437 2690 466 2718 ac
480 2685 685 2716 perseverantia:
699 2686 823 2718 gratiam.

297 2717 367 2756 (οῖ),
376 2717 523 2756 Τοσοῦτον
536 2717 575 2756 τῷ
587 2718 678 2756 καλῷ,
692 2717 744 2745 εἶθ.
763 2729 772 2744 ε
787 2719 889 2751 Quibus
903 2724 977 2748 tanta
990 2721 1048 2756 pul-

262 2752 423 2790 chritudinis
437 2754 512 2790 copia
536 2755 571 2780 sit
590 2754 735 2790 impressa,
749 2759 777 2790 ut
794 2755 952 2790 secundaria
973 2752 1048 2790 quae-

262 2789 324 2815 dam
352 2788 451 2814 Iumina
477 2788 540 2821 sitit,
567 2796 609 2818 ac,
623 2796 669 2821 per
697 2789 774 2822 primi
795 2788 903 2817 luminis
924 2788 994 2818 rivos
1020 2797 1045 2819 el

261 2823 440 2861 scaturigines
461 2824 494 2850 ad
517 2831 546 2850 se
572 2828 722 2857 manantes,
737 2823 804 2851 alios
826 2824 960 2853 illustrare
986 2834 1047 2861 pos-

262 2858 326 2885 sint.
344 2867 354 2883 ι

298 2891 354 2928 (98)
379 2891 546 2926 Ἐπικτήτῳ.
576 2901 585 2918 ι
605 2892 759 2921 Adventitio
785 2893 891 2926 robore,
918 2904 927 2920 ι
951 2895 979 2923 ld
1003 2901 1045 2924 est

1098 2410 1278 2447 Adventitium
1292 2411 1373 2447 etiam
1385 2411 1436 2438 dici
1452 2410 1548 2445 potest.
1567 2422 1576 2438 ι
1593 2413 1679 2447 inquit
1693 2410 1884 2442 Coinbelisius.

1100 2445 1201 2482 {quod
1213 2446 1299 2482 angeli
1313 2447 1466 2482 superiores
1480 2445 1636 2474 illuminant
1649 2447 1794 2481 subjectos,
1812 2448 1885 2482 quod

1097 2479 1133 2505 illi
1153 2480 1201 2514 ipsi
1224 2488 1238 2506 a
1258 2480 1311 2508 Deo
1327 2480 1520 2513 illuminantur,
1539 2487 1565 2508 et
1582 2482 1649 2509 fiunt
1667 2479 1833 2510 robustiores
1850 2484 1884 2510 ad

1097 2515 1296 2548 cognoscendas
1308 2520 1395 2542 certas
1409 2517 1545 2543 veritates.
1564 2526 1574 2542 ι

1132 2549 1187 2584 (99)
1208 2550 1242 2577 Ἡ
1253 2549 1337 2581 ἄλλῳ
1351 2551 1418 2581 τινί.
1433 2556 1485 2578 etc.
1502 2560 1512 2576 ι
1529 2552 1592 2579 Sive
1602 2551 1646 2578 alii
1658 2552 1773 2584 cuipiam
1789 2559 1880 2578 rerum

1097 2583 1219 2621 Universi
1235 2586 1406 2621 prmpositas',
1422 2594 1431 2610 ι
1449 2586 1598 2620 cuiusmodi
1615 2592 1677 2613 sunt
1692 2583 1778 2621 angeli
1793 2593 1884 2614 custo-

1095 2619 1152 2646 des.
1173 2620 1243 2653 quod
1258 2620 1350 2646 Billins
1365 2627 1417 2646 non
1434 2619 1500 2648 satis
1512 2621 1648 2649 distinxit.

1132 2654 1170 2689 (f)
1193 2654 1297 2688 Τιίεας.
1310 2655 1415 2687 Coutb.,
1429 2656 1568 2688 ἐπιτάξας.

1132 2689 1170 2724 (2)
1197 2689 1409 2725 Ἐπιθυμιαςη]
1434 2690 1500 2718 Mea:
1517 2700 1527 2716 ι
1549 2691 1652 2718 scilicet
1669 2700 1678 2716 ι
1702 2690 1853 2725 cupiditati.
1872 2700 1883 2718 ν

1098 2725 1139 2764 vel
1165 2733 1174 2750 ι
1199 2725 1324 2752 aliorum.
1347 2735 1355 2750 ι
1380 2724 1501 2760 Utroque
1526 2726 1605 2753 modo
1629 2726 1703 2754 Elias
1731 2724 1757 2753 id
1780 2726 1882 2754 intelli-

1098 2764 1144 2794 git.

1132 2794 1170 2829 (3)
1196 2793 1285 2820 Ὀκνῶ
1299 2793 1364 2829 γάρ.
1380 2794 1454 2822 Elias
1464 2795 1536 2822 hunc
1546 2795 1633 2823 locum
1647 2803 1681 2823 ex
1698 2795 1810 2823 aliorum
1822 2804 1884 2824 sen-

1097 2830 1177 2857 tentia
1190 2829 1229 2856 sic
1242 2832 1353 2864 exponit
1375 2839 1382 2856 :
1400 2839 1409 2855 ι
1432 2829 1494 2857 Vult
1509 2831 1616 2865 quidem
1631 2831 1777 2866 Gregorius
1794 2832 1885 2857 dit-ere

1760 2871 1885 2894 nalttratn

1130 2899 1168 2934 (4)
1188 2898 1326 2926 Ἅπαντα.
1341 2899 1403 2935 Reg.
1419 2900 1511 2936 Cypr.,
1524 2901 1658 2933 ἅπαντας.
