2049 3131
292 130 328 157 75
889 127 917 155 S.
939 126 1103 155 GBEGORII
1123 126 1297 155 THEOLOGI
1877 126 1907 155 76

291 186 392 217 timus:
414 194 463 214 nos
488 194 612 222 quoque,
643 191 818 222 posteaquam
850 187 999 214 doctrinam
1031 193 1071 212 no-

1132 194 1176 212 ται
1188 185 1243 220 (12)
1259 186 1293 212 τὰ
1305 186 1438 222 λεγόμενα
1452 187 1556 223 (ὥσπερ
1571 186 1600 213 ὃν
1615 187 1692 213 αὐτοὶ
1711 186 1788 220 λόγον
1802 186 1908 220 εἰσαγω-

289 238 375 260 stram
401 233 490 267 potius
512 234 731 266 exposuerimus,
755 232 791 258 ita
813 231 923 258 demum
946 231 1075 257 adversa-

292 278 395 306 riorum
423 278 522 313 placita
541 278 683 305 confutare
695 286 726 305 ac
737 276 880 312 proﬂigare
897 276 1075 304 conabimur:

290 329 318 352 et
343 325 451 359 quidem
480 330 634 359 utrumque,
658 331 738 359 quam
762 324 819 351 ﬁeri
843 323 953 358 poterit,
979 322 1079 349 brevis-

290 371 372 404 sime,
390 375 429 404 ut,
446 379 506 405 qua:
525 378 539 398 a
557 371 635 398 nobis
649 371 783 403 dicentur,
802 369 877 404 quasi
893 377 946 396 uno
962 369 1078 403 quodam

1131 232 1208 266 γικὸν
1222 232 1372 268 ἐπενόησαν
1385 235 1452 270 πρὸς
1468 234 1609 269 ὲξαπάτην
1624 233 1677 259 τῶν
1692 233 1879 268 ἁπλουστέρων
1895 232 1909 263 ἢ

1133 277 1340 313 εὐηθεστέρων),
1360 280 1407 305 xal
1424 281 1461 315 μὴ
1484 280 1522 314 τῷ
1541 280 1622 315 μήκει
1644 279 1691 306 τοῦ
1709 279 1788 312 λόγου
1810 279 1909 314 διαχεΘῇ

1132 323 1166 349 τὰ
1179 323 1385 360 νοούμενα(15),
1403 325 1529 361 καθάπερ
1546 325 1618 361 ὕδωρ
1634 326 1664 351 οὐ
1686 325 1786 359 σωλῆνι
1811 323 1907 358 σφιγγό-

1134 377 1224 404 μενον,
1238 369 1305 396 ἀλλὰ
1319 371 1388 397 κατὰ
1402 371 1492 398 πεδίου
1507 372 1635 407 χεόμενον
1652 373 1698 398 καὶ
1709 371 1849 406 λυόμενον.

290 417 385 445 obtutu
408 417 523 452 perspici
541 417 619 444 facile
644 416 750 452 possint
773 415 1009 451 (quemadmodum
1036 422 1114 450 quem
1132 415 1168 442 illi
1194 416 1356 451 isagogicum
1374 417 1504 451 libellum,
1539 418 1572 444 ad
1596 417 1789 452 simpliciorum
1810 416 1850 442 vel
1867 419 1909 442 sto~

292 463 421 491 lidiorum
439 464 530 499 potius
559 462 680 490 fraudem
710 461 920 497 excogitarunt),
939 469 970 489 ac
988 469 1040 489 non
1058 462 1093 489 ob
1112 463 1244 489 sermonis
1259 462 1441 497 prolixitatem
1453 471 1533 491 sensa
1548 464 1713 495 dilabantur,
1744 462 1814 490 haud
1843 469 1909 490 secus

293 514 374 544 atque
398 517 478 544 aqua,
508 517 567 544 quae
589 517 642 536 non
665 510 752 536 canali
777 513 932 541 coercetur,
963 508 1008 536 sed
1036 516 1084 542 per
1100 516 1210 543 campos
1224 509 1381 536 dillunditnr
1397 517 1428 536 ac
1441 510 1561 537 solvitur.

324 556 355 584 ll.
381 555 414 583 Ut
436 556 517 590 igitur
539 555 571 581 ad
596 561 653 581 rem
673 554 845 586 accedamus,
871 559 926 580 tres
941 553 1073 588 antiquis-

289 603 364 631 sima:
384 602 417 628 de
443 602 496 628 Deo
508 601 650 629 senteulite
666 606 739 633 sunt,
756 600 896 632 anarchia,
918 599 1075 634 polyarchia

287 654 315 676 et
339 647 505 675 monarcltia.
530 647 569 674 Ac
590 647 648 674 duae
665 646 773 680 quidem
795 646 900 680 priores
912 646 946 672 ab
959 645 1075 673 ethnicis

288 695 354 722 lusa:
371 698 447 726 sunt,
462 699 488 721 et
500 700 567 721 sane
589 693 727 720 ludantur.
747 691 825 723 Nam.
844 697 871 719 et
887 693 959 727 quod
977 692 1077 719 nullius

287 739 402 775 imperio
422 739 599 774 gubernatur,
614 737 758 766 confusum
771 741 814 765 est
825 745 857 765 ac
869 737 1073 770 perturbatum:

287 791 315 812 et
335 785 406 820 quod
425 793 440 811 a
458 784 580 819 pluribus
603 783 720 811 dominis
740 787 767 810 et
791 783 961 818 principibus
987 783 1074 810 admi-

1165 553 1202 580 B’.
1217 554 1296 590 Τρεῖς
1307 555 1333 581 αἱ
1343 555 1472 581 ἀνωτάτω
1484 555 1557 587 δοξαι
1569 555 1632 590 περὶ
1640 555 1718 586 Θεοῦ,
1728 555 1908 590 ἁναρχία(11).

1134 600 1181 626 καὶ
1213 600 1382 636 πολυαρχία,
1414 601 1460 627 κα).
1490 601 1632 637 μοναρχία.
1665 601 1699 627 Αἱ
1729 601 1777 636 μὲν
1804 599 1849 627 οὖν
1872 601 1908 627 δὴ(

1135 645 1229 671 παισὶν
1257 645 1391 680 Ἐλλήνων
1423 645 1593 680 ὲπαίχθησαν
1614 646 1680 681 (15),
1699 647 1746 673 καὶ
1769 645 1901 677 παιξέσθω

1132 699 1190 717 σαν.
1219 691 1256 717 Τό
1281 699 1311 717 τε
1340 691 1394 727 γὰρ
1420 692 1547 728 ἄναρχον,
1567 692 1699 718 ἄτακτον·
1725 691 1755 718 τό
1781 700 1810 718 τε
1839 691 1900 718 πολύ

1134 745 1226 772 αρχον,
1253 738 1409 770 στασιῶδες,
1446 739 1493 765 καὶ
1513 738 1597 770 οὕτως
1624 738 1752 774 ἄναρχον,
1771 738 1818 765 καὶ
1833 738 1909 767 οὒτωι

1129 782 1255 810 ἄτακτον.
1277 784 1323 816 Εἰς
1339 784 1436 811 ταυτὸν
1456 785 1509 821 γὰρ
1524 785 1666 820 ἀμφότερα
1681 785 1770 819 φέρει,
1786 785 1835 819 τὴν
1851 785 1899 810 ἁτα

288 831 436 864 nistratur,
463 830 627 857 factionibus
648 829 821 864 dissidiisque
845 828 993 856 obnoxium
1018 833 1071 860 est,

1127 829 1202 862 ξ’ἷαν·
1219 831 1234 864 ἡ
1259 830 1287 856 δὲ
1308 830 1348 862 ei;
1366 831 1459 857 λύσιν·
1484 830 1583 863 ἀταξία
1599 830 1653 866 γὰρ
1682 830 1779 866 μελέτη
1805 830 1902 862 λύσεως

287 885 319 904 ac
337 877 452 912 proinde
476 883 525 903 nec
538 883 553 902 a
567 882 705 910 quoquam
720 875 898 910 gubernatur,
916 881 966 901 nec
978 874 1074 902 ordine

287 924 342 951 ullo
356 928 383 951 et
398 922 541 958 disciplina
564 922 732 949 continetur.
755 921 842 948 Ambo
863 921 946 948 etiam
967 921 1017 948 ista
1031 929 1075 948 eo-

286 969 347 996 dem
375 969 498 1002 tendunt,
517 967 645 994 nimirum
663 967 696 994 ad
708 966 814 994 ordinis
829 967 1072 1000 perturbationem,

287 1015 346 1042 haec
382 1018 471 1042 autem
497 1014 531 1041 ad
549 1013 743 1046 solutionem;
777 1013 947 1048 perturbatio
975 1014 1073 1048 quippe

286 1061 428 1088 solutionis
451 1060 590 1088 meditatio
605 1064 658 1087 est.
677 1060 711 1087 At
725 1067 774 1087 nos
789 1059 868 1086 unius
882 1059 1064 1095 principatum

288 1107 422 1138 colimus;
439 1106 518 1134 unius
531 1110 621 1133 autem
636 1105 820 1140 principatum
839 1105 910 1138 dico,
926 1113 978 1133 non
992 1113 1071 1140 quem

285 1159 401 1187 persona
427 1159 480 1178 una
505 1151 707 1178 circumscribit
734 1150 803 1186 (ﬁeri
825 1150 898 1178 enitn
926 1154 1014 1185 potest
1044 1155 1073 1177 ut

284 1197 357 1233 qttod
371 1204 453 1224 unum
471 1196 552 1232 524.
566 1200 617 1228 est,
633 1196 655 1222 si
676 1203 691 1223 a
707 1196 795 1230 seipso
812 1195 953 1227 dissideat,
969 1203 1073 1222 secunt-

283 1251 338 1279 que
357 1243 502 1274 discordet,
527 1241 611 1268 multa
632 1240 700 1276 ﬁat),
726 1241 774 1268 sed
797 1248 877 1275 quem
897 1240 1009 1275 aequalis
1024 1247 1073 1268 na-

285 1296 352 1318 tura:
375 1289 493 1324 dignitas
520 1287 670 1319 constituit,
696 1291 723 1314 et
748 1286 894 1314 voluntatis
917 1286 1071 1319 consensio,

289 1341 433 1370 motusque
455 1334 594 1365 identitas,
614 1337 695 1366 atque
713 1332 746 1358 ad
766 1338 860 1363 unum,
884 1338 991 1362 eorum,
1013 1338 1072 1365 qua:

288 1391 321 1412 ex
343 1383 402 1417 ipso
422 1386 495 1413 sunt,
524 1379 691 1415 conspiratio
714 1379 750 1412 (id
769 1379 842 1414 quod
859 1379 885 1405 in
903 1379 984 1405 rebus
1008 1386 1072 1413 pro-

285 1429 385 1457 creatis
401 1429 458 1456 ﬁeri
473 1427 588 1463 nequit),
604 1427 640 1454 ita
663 1431 703 1458 ιη,
727 1425 834 1453 etiamsi
857 1432 971 1452 numero
995 1424 1072 1452 diffe-

284 1480 356 1504 rant.
374 1474 491 1502 essentia
510 1478 600 1501 tamen
616 1476 644 1499 et
663 1475 759 1498 natura
779 1470 890 1497 tninime
902 1471 1070 1505 distinguan-

1135 875 1215 910 Ἡμῖν
1228 875 1256 901 δὲ
1272 876 1415 912 μοναρχία,
1432 876 1462 903 τὸ
1479 877 1647 912 ιτῖιμιῖ›μ.ενον⁸
1666 875 1800 912 μοναρχία
1816 876 1854 907 δὲ,
1868 876 1910 910 οὐχ

1129 923 1162 957 ἢν
1176 921 1205 948 ἓν
1219 923 1383 958 περιγράφει
1396 923 1540 958 πρόσωπον
1555 922 1623 958 (ἔστι
1638 923 1692 958 γὰρ
1708 923 1755 949 καὶ
1769 922 1798 948 τὸ
1811 922 1839 948 ἓν
1854 930 1910 947 crat-

1129 967 1220 1000 σιάςον
1240 968 1307 1003 πρὸς
1322 969 1402 995 ἑαυτὸ
1431 968 1516 995 πολλὰ
1533 968 1733 1004 καθίστασθαι),
1748 968 1804 995 ἀλλ’
1821 967 1853 1004 ἢν
1868 968 1913 1001 φύ-

1128 1022 1197 1046 σεως
1211 1015 1341 1049 ὁμοτιμία
1354 1015 1504 1050 συνίστησι,
1520 1015 1567 1042 καὶ
1582 1015 1694 1050 γνώμης
1708 1014 1854 1050 σύμπνοια,
1869 1013 1914 1041 καὶ

1125 1060 1259 1095 ταυτότης
1275 1061 1410 1095 κινήσεως
1425 1061 1491 1095 (16),
1508 1062 1555 1087 καὶ
1570 1061 1638 1096 πρὸς
1655 1061 1685 1087 τὸ
1699 1060 1728 1086 ἓν
1746 1059 1800 1086 τῶν
1821 1059 1849 1093 ἐξ
1869 1060 1913 1086 αὺ-

1125 1105 1172 1132 τοῦ
1181 1105 1318 1136 σύννευσις
1325 1106 1401 1140 (ὅπερ
1411 1107 1549 1140 ἀμήχανον
1557 1106 1602 1132 ἐπὶ
1610 1107 1658 1141 τῆς
1667 1107 1797 1141 γεννητῆς
1807 1105 1861 1141 (17)
1870 1105 1912 1140 φύ-

1126 1151 1216 1185 σεως),
1237 1150 1307 1176 ὥστε
1329 1150 1381 1177 κᾶν
1398 1150 1506 1186 ἀριθμῷ
1520 1150 1646 1186 διαφέρῃ,
1661 1153 1694 1186 τῇ
1715 1160 1747 1184 γε
1761 1152 1840 1186 οὐσίᾳ
1859 1151 1910 1187 (18)

1128 1195 1164 1231 μὴ
1183 1195 1337 1231 τέμνεσθαι.
1357 1196 1405 1223 Διὰ
1422 1196 1500 1222 τοῦτο
1516 1195 1599 1230 μονὰς
1616 1197 1662 1222 ἀπ’
1680 1197 1767 1231 ἀρχῆς
1780 1197 1819 1228 είς
1831 1196 1912 1223 δυάδα

1126 1242 1281 1278 κινηθεῖσα,
1311 1242 1391 1278 μέχρι
1416 1243 1530 1278 Τριάδος
1556 1242 1631 1278 ἔστη.
1660 1243 1715 1269 Καὶ
1737 1243 1816 1269 τοῦτό
1840 1244 1912 1270 ἐστιν

1126 1289 1192 1323 ἡμῖν
1208 1290 1221 1315 ὁ
1236 1288 1341 1323 Πατὴρ,
1362 1289 1408 1314 καὶ
1425 1289 1439 1314 ὁ
1457 1288 1530 1319 Υἱὸς,
1546 1288 1592 1314 καὶ
1612 1289 1642 1315 τὺ
1663 1288 1740 1322 ἅγιον
1755 1287 1882 1322 Πνεῦμα·
1897 1290 1912 1315 ὁ

1127 1334 1176 1369 μὲν
1188 1335 1327 1370 γεννήτωρ
1343 1335 1389 1361 καὶ
1412 1334 1569 1368 προῦολευς,
1590 1334 1661 1368 λέγω
1683 1334 1711 1360 δὲ
1725 1334 1846 1366 ἀπαθῶς,
1865 1333 1912 1361 καὶ

1125 1381 1256 1416 ἀχρόνως,
1279 1381 1327 1407 καὶ
1349 1380 1517 1414 ἁσωμάτως·
1536 1380 1589 1406 τῶν
1606 1381 1645 1410 δὲ,
1659 1380 1689 1407 τὸ
1713 1381 1762 1416 μὲν
1777 1380 1910 1415 γέννημα,

1125 1426 1155 1452 τὸ
1168 1426 1196 1453 δὲ
1210 1426 1365 1462 πρόὸ).ημα,
1381 1427 1396 1462 ἧ
1414 1427 1463 1453 οὐκ
1477 1425 1524 1453 οἶδ’
1540 1428 1614 1458 ὅπως
1628 1427 1659 1454 ἄν
1673 1436 1715 1458 τις
1729 1426 1814 1453 ταῦτα
1833 1426 1911 1453 καλέ-

1125 1480 1207 1504 σειεν,
1236 1471 1342 1506 ἀφελὼν
1366 1472 1453 1508 πάντη
1478 1472 1531 1499 τῶν
1557 1473 1712 1508 ὁρωμένων.
1742 1473 1778 1499 Οὐ
1802 1473 1856 1508 γὰρ
1880 1473 1911 1508 δὴ

283 1526 338 1549 ιω·-
356 1520 489 1554 Quocirca
513 1519 615 1550 unitas,
633 1517 768 1552 principio
785 1516 811 1543 in
833 1516 968 1542 binarium
985 1521 1067 1548 tuota,

1124 1519 1272 1555 ὑπέρχυσιν
1282 1519 1449 1554 ἀγαοότητος
1462 1520 1548 1546 εἰπεῖν
1562 1507 1735 1555 θαρρήσομεν
1743 1519 1766 1555 (ὃ
1778 1519 1832 1546 τῶν
1842 1507 1910 1556 γπαρ*

283 1567 311 1594 in
336 1566 469 1593 Trinitate
486 1564 617 1592 constitit.
638 1563 725 1596 Atque
741 1563 793 1588 hoc
808 1562 886 1588 nobis
908 1566 949 1588 est
970 1561 1061 1594 Pater,

284 1617 311 1640 et
324 1611 421 1643 Filius,
442 1615 469 1637 et
489 1609 607 1645 Spiritus
625 1612 754 1640 sanctus;
770 1607 851 1634 Pater
870 1606 978 1641 quidem
993 1607 1070 1641 geni-

284 1664 337 1690 tor,
363 1662 389 1685 et
414 1657 567 1692 productor,
593 1655 660 1682 citra
685 1658 774 1680 tamen
799 1652 880 1679 ullam
905 1652 1068 1687 passionem,

284 1712 316 1732 ac
330 1708 447 1738 tempus,
463 1706 544 1736 atque
559 1701 720 1734 incorporeo
735 1698 813 1725 tuodo
827 1707 833 1724 :
851 1698 947 1724 horum
965 1702 1066 1728 autem,

283 1750 353 1777 alter
377 1748 493 1780 soboles,
513 1747 582 1774 alter
602 1745 758 1780 processio,
781 1748 828 1771 aut
850 1744 949 1778 quibus
978 1743 1069 1769 verbis

278 1796 340 1823 haec
351 1794 484 1830 quispiam
496 1799 594 1819 vocare
607 1795 699 1826 queat,
719 1789 821 1821 nescio,
842 1789 877 1816 ab
900 1788 932 1815 iis
955 1795 1069 1823 prorsus

283 1841 454 1873 abstrahens,
473 1846 534 1874 quae
548 1837 598 1865 sub
612 1841 750 1871 aspectum
764 1834 878 1862 cadunt.
892 1833 985 1866 Neque
996 1834 1067 1861 enim

283 1885 412 1913 bonitatis
427 1882 643 1919 superfusionem
660 1881 752 1908 dicere
771 1879 929 1906 audebimus
949 1878 1068 1913 (tametsi

282 1933 417 1969 quispiam
444 1938 550 1963 eorum,
572 1929 617 1964 qui
643 1928 712 1963 apud
741 1927 866 1954 ethnicos
890 1925 1067 1960 philosophia:

281 1979 361 2006 laude
382 1978 536 2010 ﬂoruerunt,
559 1975 611 2003 hoc
634 1972 764 2001 vocabulo
787 1973 826 1999 uti
851 1979 903 1999 non
919 1971 1063 2004 dttbitarit,

1121 1565 1233 1600 Ἕλλησι
1249 1564 1487 1599 φιλοσοφησάντων
1500 1566 1585 1592 εἰπεῖν
1605 1573 1647 1596 τις
1662 1565 1822 1600 ἐτόλμησεν,
1837 1563 1908 1591 Οἶον

1119 1610 1233 1644 κρατήρ
1247 1619 1292 1643 τις
1305 1611 1438 1645 ὑπεῤῥύη
1451 1610 1517 1646 (19),
1539 1611 1633 1645 σαφῶς
1649 1611 1749 1638 οὑτωσὶ
1770 1611 1866 1645 λέγων,
1882 1612 1911 1637 ἐν

1119 1653 1161 1688 οἷς
1177 1657 1242 1691 περὶ
1256 1656 1364 1692 πρώτου
1377 1656 1432 1692 (20)
1446 1657 1532 1683 αἰτίου
1548 1658 1594 1684 καὶ
1606 1657 1733 1693 δευτέρου
1748 1658 1909 1692 φιλοσοφεῖ),

1122 1702 1228 1737 μήποτε
1251 1702 1377 1729 ἀκούσιον
1403 1703 1451 1738 τὴν
1477 1703 1602 1738 γέννησιν
1626 1703 1818 1739 εἰσαγάγωμεν
1840 1704 1909 1739 (21),

1119 1747 1166 1773 καὶ
1189 1744 1244 1773 οἷον
1267 1747 1428 1783 περίττωμα
1446 1757 1471 1774 τι
1503 1748 1616 1782 φυσικὸν
1643 1749 1689 1774 καὶ
1714 1748 1910 1780 δυσκάθεκτον,

1118 1792 1218 1826 ἣκιστα
1240 1793 1300 1824 ταῖς
1322 1793 1386 1828 περὶ
1408 1792 1533 1827 θεότητος
1556 1793 1694 1825 ὑπονοίαις
1714 1793 1771 1828 (2'2)
1793 1793 1909 1829 πρέπον.

1117 1838 1167 1864 Διὰ
1191 1837 1270 1865 τοῦτο
1292 1839 1338 1865 ἐπὶ
1358 1839 1411 1866 τῶν
1435 1839 1584 1875 ἡμετέρωνκ
1605 1840 1676 1875 ὅρων
1704 1840 1852 1874 ἱστάμενοι,
1880 1839 1911 1865 τὸ

1121 1884 1269 1920 ἀγέννητον
1284 1885 1440 1920 εἰσάγομεν,
1453 1886 1500 1912 καὶ
1511 1885 1542 1912 τὸ
1557 1886 1696 1921 γεννητὸν,
1713 1886 1761 1912 καὶ
1772 1886 1801 1912 τὸ
1815 1886 1848 1912 ἐκ
1861 1885 1909 1912 τοῦ

1121 1930 1227 1965 Πατρὸς
1246 1931 1470 1967 ἐκπορευόμενον,
1487 1931 1524 1963 ὥς
1540 1931 1590 1958 πού
1611 1941 1694 1967 φησιν
1713 1932 1794 1964 αὐτὸς
1810 1933 1824 1959 ὁ
1842 1932 1911 1964 Θεὸς

1123 1975 1168 2001 καὶ
1183 1976 1278 2010 Λόγος.

281 2033 343 2054 cum
359 2027 391 2052 de
406 2025 492 2060 prima
524 2027 551 2050 et
579 2021 695 2049 secunda
716 2027 797 2048 causa
840 2019 996 2050 dissereret,
1015 2019 1167 2053 perspicuis
1186 2022 1276 2049 verbis
1301 2023 1337 2049 ita
1363 2023 1496 2058 loquens:
1532 2022 1609 2050 Velut
1628 2023 1750 2055 poculum
1774 2024 1910 2059 quoddam

280 2073 435 2108 superfluxit
449 2072 481 2107 ⁸),
502 2078 536 2098 ne
549 2074 670 2097 coactam
692 2068 837 2102 quamdam
865 2067 1078 2101 generationem,
1115 2075 1146 2095 ac
1169 2069 1241 2096 velut
1266 2071 1417 2098 naturalem
1440 2071 1583 2105 quamdam
1608 2071 1817 2104 supcrlluitatcm
1841 2079 1906 2107 quae

281 2118 392 2147 retineri
418 2122 544 2152 nequeat,
569 2116 732 2148 minimeque
758 2112 892 2141 divinitati
914 2117 1056 2147 congruat,
1094 2113 1263 2144 invehamus.
1295 2117 1410 2145 Proinde
1435 2117 1532 2144 ﬁnibus
1566 2118 1667 2145 nostris
1693 2123 1798 2146 nosmet
1815 2119 1910 2145 conti-

276 2170 388 2198 tnentes,
411 2165 558 2199 ingenitum
583 2167 609 2190 et
631 2161 749 2197 genitum
770 2159 942 2192 inducimus,
979 2164 1005 2187 et
1031 2167 1063 2187 ex
1099 2160 1179 2190 Patre
1206 2164 1394 2198 procedentem
1417 2169 1447 2192 ut
1468 2165 1584 2200 quodam
1618 2165 1697 2193 loco'
1718 2166 1788 2194 Deus
1802 2167 1860 2202 ipse
1877 2174 1912 2194 ac

281 2212 400 2240 Verbum
415 2210 608 2246 pronuntiavit.

317 2279 329 2294 '
343 2277 428 2306 Plato.
468 2278 478 2293 ⁹
495 2277 573 2304 Joan.
588 2283 634 2309 xv,
647 2275 691 2303 26.

613 2355 619 2363 ι

317 2358 372 2391 (12)
391 2357 573 2384 Εὺσύνοπτα
587 2355 716 2391 γένηται.
731 2354 796 2391 Reg.
808 2353 901 2391 _Cypr.,
914 2352 1065 2391 εὐσύνοπτα
1082 2355 1104 2383 D

317 2365 372 2391 (12)
391 2365 573 2384 uvovrom’a
606 2365 716 2388 ενηται.
732 2365 796 2387 “eg.
808 2365 901 2388 hypl‘.,
914 2365 1065 2378 :uuuvurwat

280 2395 422 2429 γένωνται.
444 2392 545 2429 Gloss_._,
569 2365 678 2426 εἶδηλα,
703 2389 749 2416 καὶ
767 2388 904 2428 γνώριμα,
922 2387 971 2429 καὶ
992 2387 1065 2429 σαφῆ

280 2423 404 2463 γένηται,
422 2436 432 2453 ι
454 2423 648 2463 Ittanifesta._et
663 2430 736 2463 nota,
753 2430 783 2463 et.
796 2425 936 2457 perspicua
956 2423 1034 2450 ﬁant.
1051 2433 1060 2448 ›

280 2459 351 2494 litor,
372 2461 565 2497 εῑσαγωγικόν,
581 2470 591 2486 ‹
610 2459 870 2497 ὶῐιῑιςηιίιιοιοιξιιιη.)

1231 2352 1393 2390 Γεννητῆς.
1403 2353 1478 2390 Αἱῖεὲ.
1497 2353 1551 2390 bm,
1567 2358 1593 2390 et
1606 2353 1653 2381 Or.
1669 2353 1695 2390 1,
1707 2354 1836 2390 γενητῆς.

1154 2387 1210 2423 (18)
1234 2387 1272 2421 Τῇ
1288 2397 1321 2422 γε
1337 2388 1435 2424 οὐσίᾳ.
1457 2387 1502 2424 Sic
1517 2388 1598 2415 Coisl.
1618 2389 1630 2415 1
1648 2394 1675 2416 ct
1689 2387 1718 2419 5,
1735 2387 1834 2424 aliique
1849 2397 1912 2417 me-

1118 2423 1193 2451 lioris
1207 2429 1276 2460 notae
1294 2423 1370 2460 codd.
1391 2424 1455 2456 Quae
1480 2423 1560 2460 lectio
1591 2424 1710 2458 profecto
1737 2423 1832 2451 melior
1854 2431 1912 2460 est,

1118 2457 1335 2495 (ωηατ-ἐξουσίᾳ,
1357 2459 1513 2495 «potentia,
1534 2468 1542 2483 ι
1561 2457 1620 2495 qua:
1649 2459 1673 2485 in
1703 2460 1783 2495 editis
1804 2461 1897 2495 reperi

1119 2498 1172 2520 tur.
1191 2492 1256 2519 Nam
1278 2492 1375 2520 Nicaeni
1401 2492 1504 2525 Patres,
1521 2494 1672 2528 ὀμοοὺσιον,
1692 2504 1700 2519 ε
1715 2492 1841 2528 ejusdem
1860 2503 1906 2521 na-

299 2492 372 2560 ὰ(ἒῗ⁷›)
385 2492 518 2541 ,Διάχεῠῇ
536 2496 574 2523 τὰ
590 2495 748 2529 νοούμενα.
765 2493 830 2528 Reg.
844 2492 941 2527 Cypr.,
951 2492 1064 2529 διαχυοῇ

346 2541 472 2560 ΞΥομενα.

280 2533 315 2561 τὰ
329 2533 472 2561 λεγόμενα.

330 2542 472 2568 Λεγομενα.

318 2568 374 2604 (14)
401 2567 614 2604 Ἀναρχίαηειο.
639 2574 648 2591 ι
662 2564 774 2596 Nullius,
790 2573 799 2589 ι
814 2562 856 2590 vel
879 2571 888 2588 ι
907 2562 1033 2597 plurium,
1054 2572 1062 2589 ι

280 2602 328 2632 vet
340 2613 349 2628 t
369 2604 448 2630 unius
466 2602 616 2636 imperium.
635 2610 644 2626 ι

319 2637 375 2672 (15)
403 2632 613 2672 Ἐπαιχὶῑησίιν.
641 2635 717 2672 Luam
730 2640 800 2662 sum.
818 2643 827 2658 (
843 2632 905 2672 qlloc
921 2632 1004 2672 verbo
1016 2633 1067 2672 uti.

281 2667 328 2700 tur
338 2667 523 2707 Gregorius?)
535 2667 629 2705 'inquit
652 2670 735 2701 Elius.
756 2679 769 2707 ιΔ
781 2669 849 2707 quod
865 2676 878 2707 a
899 2668 977 2694 rebus
999 2667 1066 2695 ludi-

282 2708 337 2735 cris
352 2704 418 2734 nihil
433 2707 571 2734 diiTerrent
582 2704 628 2737 ea,
647 2713 706 2739 quae
721 2705 770 2736 ipsi
790 2704 1002 2739 introducerent,
1024 2707 1066 2728 at-

281 2751 334 2778 qtte
351 2742 378 2770 in
397 2742 508 2769 deorum
533 2737 672 2778 numerum
694 2740 843 2778 referrent;
863 2737 903 2764 vel
921 2737 992 2772 quod
1006 2745 1064 2765 om-

282 2775 347 2805 nino
362 2779 441 2812 digna
457 2778 519 2807 sint,
536 2777 632 2811 quibus
646 2775 785 2812 “ludatur.
800 2783 808 2799 ι

317 2812 372 2847 (16)
392 2809 553 2845 Ταυτότηᾷ
564 2811 719 2847 κινήσεως.
739 2819 748 2835 ‹
764 2809 862 2847 Motum
884 2809 1000 2845 appellat
1014 2815 1063 2843 ρον

283 2844 393 2875 tentiam
409 2853 436 2875 et
451 2846 648 2880 ellicacitatem,
667 2855 675 2871 ι
698 2845 785 2880 inquit
803 2844 884 2872 Elias.

1119 2533 1186 2555 turae
1203 2538 1212 2553 ι
1230 2536 1277 2555 seu
1292 2529 1447 2564 «fessenlite.
1461 2538 1469 2554 ι
1489 2536 1540 2555 non
1556 2529 1739 2564 ὀμοεξούσιον,
1759 2539 1769 2555 ‹
1783 2529 1912 2564 ejusdem

1118 2564 1253 2598 potentiae.
1269 2573 1277 2589 ι
1298 2563 1368 2589 Patri
1384 2562 1479 2590 Filium
1497 2571 1557 2590 esse
1568 2562 1741 2591 deﬁnierunt.

1152 2598 1374 2634 (19)]Υπερῤὐη.
1392 2599 1447 2634 [luo
1465 2599 1560 2634 liegg.,
1579 2599 1696 2634 quinque
1714 2599 1802 2631 Colb.,
1820 2599 1911 2627 Coisl.

1117 2633 1143 2664 1,
1158 2639 1184 2660 et
1201 2633 1248 2660 0r.
1262 2634 1288 2663 1,
1304 2633 1471 2668 ὑπερερρὑ.

1152 2668 1207 2704 (20)
1227 2669 1296 2704 Περὶ
1323 2668 1450 2702 πρώτου.
1462 2673 1514 2696 etc.
1535 2668 1629 2700 Plato,
1647 2676 1761 2703 prtmam
1782 2677 1911 2696 causam.

1114 2703 1206 2766 1bF'e'v,
1224 2713 1233 2728 ι
1251 2703 1338 2730 Unum
1357 2712 1367 2729 ι
1397 2704 1511 2736 statuit;
1542 2705 1653 2732 alteram
1684 2712 1766 2738 vero,
1796 2704 1826 2731 τὸ
1857 2705 1910 2736 ὃν,

1117 2748 1126 2763 r
1159 2746 1212 2766 .ns.
1231 2748 1241 2764 ι

1117 2748 1126 2763 ε
1147 2746 1212 2766 LIIS.
1231 2748 1241 2764 Ι

1149 2773 1204 2810 (2i)
1223 2773 1445 2810 Εἱσαγάγωμεν.
1464 2773 1562 2810 Νῐοοῐη
1579 2775 1736 2810 εἰσάγομεν.

1148 2809 1204 2843 (22)
1230 2809 1411 2841 Ὑπονοίαις.
1433 2818 1442 2834 ι
1461 2809 1686 2843 Cogitationibus,
1705 2820 1714 2836 ›
1732 2817 1791 2843 seu,
1808 2819 1817 2836 ι
1836 2810 1911 2838 idcis

1112 2844 1144 2872 de
1160 2844 1300 2872 divinitate
1317 2844 1428 2871 minime
1443 2851 1645 2879 congruentem.
1664 2855 1673 2870 ι
