2049 3131
152 161 184 189 17
663 161 791 190 ORATIO
809 163 907 190 XXIX.
929 177 962 183 -ο
983 162 1203 190 TllEOLOGlCA
1226 162 1270 190 lll.
1737 169 1769 196 78

183 220 219 247 Γ.
234 219 301 246 Πότε
317 218 432 254 οὗ·1(25)
457 219 556 251 tat-3:1;
585 219 671 255 Ὑπὲρ
690 221 720 246 τὸ
739 221 810 246 ,πότε
830 220 934 247 ταῦτα·
953 225 974 251 Α

149 266 172 292 εὶ
181 265 207 291 δὲ
219 265 258 291 δεῖ
266 274 293 291 τι
304 266 349 292 καὶ
362 265 617 302 νεανικώτεροειίὲιί)
632 267 728 297 εἰπεῖν,
742 267 786 292 ὅτε
805 267 818 292 6
829 267 933 302 Πατὴρ.

148 311 216 338 Πότε
227 312 254 337 δὲ
267 312 281 337 6
296 312 405 347 Πατῆρς
422 312 478 338 Οὐκ
493 310 536 346 ἦν,
550 313 594 338 ὅτε
608 312 657 338 οὑκ
669 310 713 348 ἦν.
732 311 816 338 Τοῦτο
828 309 874 338 οὖν
889 312 934 338 καὶ

146 358 158 384 ἐ
177 357 248 389 Υἱὸς,
272 357 318 383 καὶ
336 357 366 382 τὸ
382 357 492 389 Πνεῦμα
512 357 541 383 τὺ
568 357 654 391 ἅγιον.
679 357 763 383 Πάλιν
785 356 875 391 ἐρώτα
890 365 934 391 με,

147 403 193 429 καὶ
205 402 285 429 πάλιν
297 401 496 437 ἀποκρινοῦμαί
508 411 559 428 σοι.
575 402 642 428 Πότε
655 402 669 428 6
684 402 744 433 Υἱὸς
759 402 934 437 γεγέννηται;

147 448 212 474 Ὅτε
224 448 238 473 6
252 447 345 482 Πατὴρ
358 448 387 473 οὐ
404 447 576 482 γεγέννηται.
589 447 658 474 Πότε
672 447 700 473 δὲ
713 447 743 473 τὸ
757 446 869 482 Πνεῦμα
878 447 934 482 (25)

145 493 361 529 ὲκπεπόρευται;
383 494 446 520 Ὅτε
462 494 476 519 6
491 494 554 526 Υἱὸς
574 494 624 520 οὐκ
645 494 855 529 ἑκπεπόρευται,
868 493 936 520 ἀλλὰ

145 539 306 574 γεγέννηται
320 540 452 576 ἀχρόνως,
468 541 516 566 καὶ
533 540 603 575 ὑπὲρ
616 540 710 574 λόγον’
728 541 752 566 εἰ
767 540 813 566 καὶ
835 540 871 575 μὴ
892 539 937 566 δυ-

144 585 250 619 νάμεθα
261 585 290 612 τὸ
306 585 376 621 ὑπὲρ
391 586 485 620 χρόνον
502 586 688 621 παραστῆσαι,
709 586 832 618 θέλοντες
845 595 935 622 χρονι-

144 630 196 665 κὴν
212 631 343 665 ἐκφυγεῖν
360 630 490 665 ἔμφασιν.
508 631 544 657 Τὸ
561 631 614 667 γὰρ
629 631 689 664 ὅτε,
706 632 752 658 καὶ
766 632 823 666 πρὸ
837 629 935 663 τοῦδε,

143 677 192 702 καὶ
214 676 289 710 μετὰ
312 677 413 708 ταῦτα,
436 677 482 703 καὶ
505 677 722 711 ἀπαρχῆςιὲϐ),
749 677 798 703 οὐκ
824 677 935 712 ἄχρονα,

143 721 197 747 κᾶν
208 722 248 748 ὅτι
263 722 380 756 μάλιστα
397 721 572 757 βιαζώμεθα’
591 722 660 757 πλὴν
677 723 700 748 εἰ
714 722 743 749 τὸ
754 722 809 757 (27)
825 731 930 757 παρεκ-

143 767 298 802 τεινόμενον
322 767 379 802 (‘28)
402 769 459 798 τοῖς
486 768 582 800 ἀϊδίοις
612 768 750 803 διάστημα
778 768 824 794 τὸν
851 769 937 794 αἰῶνα

143 812 341 847 λαμΰάνοιμεν,
364 813 395 839 τὸ
417 814 453 848 μὴ
474 814 578 848 κινήσει
605 813 667 844 τινὶ,
689 813 755 848 μηδὲ
778 813 852 848 ἡλίου
867 815 937 849 φορᾷ

145 858 324 893 μεριζόμενον
347 859 393 885 καὶ
420 859 613 894 μετρηύμενον,
630 859 698 893 ὅπερ
719 859 733 884 ὁ
751 859 856 894 χρόνος.
873 859 937 891 Πῶς

1024 221 1068 248 ΙΙΙ.
1091 221 1143 248 Sed
1167 223 1275 256 quando
1295 222 1371 249 haec?
1390 222 1518 258 inquient.
1559 224 1688 252 Nimirum
1714 227 1770 254 lucc

986 274 1066 300 supra
1079 267 1188 302 quando
1199 272 1271 294 sunt.
1285 268 1360 301 Quod
1376 268 1397 296 si
1413 269 1495 296 etiam
1512 271 1701 298 audaciuscule
1714 272 1765 299 aii-

985 312 1049 346 quid
1077 312 1220 339 dicendum
1247 318 1299 345 est,
1330 318 1383 339 ιιιιιι
1411 314 1468 341 lucc
1491 320 1579 347 erant,
1603 323 1664 342 cum
1688 316 1769 344 Pater

988 362 1057 385 erat.
1081 358 1194 392 Quando
1217 364 1307 386 atttcm
1334 359 1431 386 Pater?
1461 360 1601 395 Nunquam
1627 369 1679 389 non
1709 362 1770 390 fuit.

986 403 1057 430 Idem
1079 403 1112 430 de
1135 403 1214 435 Filio,
1237 403 1306 430 idem
1334 404 1367 431 de
1391 404 1491 439 Spiritu
1507 409 1602 433 sancto
1620 412 1771 441 promptum

986 453 1028 475 est
1052 448 1151 475 dicere.
1174 449 1250 481 Quod
1275 450 1296 476 si
1319 457 1412 477 rursus
1437 457 1479 476 me
1506 451 1664 486 interroges,
1679 460 1772 479 rursus

988 494 1035 521 tibi
1061 495 1242 529 respondebo.
1259 494 1371 528 Quando
1393 495 1479 523 Filius
1505 497 1611 531 genitus
1631 498 1691 525 est?
1705 497 1770 525 Cum

988 540 1067 568 Pater
1089 541 1196 575 genitus
1217 549 1270 568 non
1301 546 1352 568 est.
1368 541 1479 575 Quando
1494 542 1610 576 Spiritus
1624 545 1774 578 processit?

987 585 1054 612 Tum
1079 593 1137 613 cum
1163 585 1247 613 Filius
1269 594 1321 613 non
1344 588 1486 621 processit,
1509 589 1556 615 sed
1578 590 1646 616 citra
1667 595 1772 624 tempus

987 632 1082 664 ullum,
1109 639 1140 658 ac
1157 639 1237 667 supra
1252 640 1360 660 omnem
1385 634 1498 660 rationis
1520 635 1643 662 humanae
1664 640 1771 670 captum

987 678 1093 711 genitus
1118 681 1177 704 est:
1192 678 1273 705 etiam
1297 679 1318 705 si
1345 679 1370 706 id
1397 679 1467 713 quod
1497 688 1575 714 supra
1598 685 1702 715 tempus
1718 687 1771 714 est,

988 721 1129 748 declarare
1149 722 1298 756 cupientes,
1316 723 1489 758 temporalem
1507 724 1624 759 speciem
1638 733 1669 752 ac
1687 726 1772 760 signi-

989 767 1142 794 ﬁcationem
1167 767 1260 801 fugere
1283 775 1458 803 nequeamus.
1485 769 1589 796 Etenim
1614 771 1654 797 hae
1682 777 1770 801 voces,

987 812 1101 847 quando,
1126 813 1246 845 ante/mc,
1275 814 1393 847 posthac,
1419 822 1435 840 a
1460 815 1608 848 principio,
1644 816 1772 850 temporis

988 859 1142 892 neutiquam
1182 863 1305 893 expertes
1329 864 1402 892 sunt,
1428 867 1614 894 quamcunque
1644 861 1696 888 vim
1721 862 1773 888 illis

141 903 231 932 οὖνού
247 905 411 941 συνάναρχα.
426 906 450 932 εξ
465 905 604 937 συναῖδια;
622 905 682 931 Ὅτι
703 905 816 936 ἐκεῖθεν,
843 906 867 931 εἰ
893 906 938 932 καὶ

990 902 1158 934 inferamus;
1189 903 1240 930 nisi
1256 903 1327 930 forte
1351 911 1436 931 aevum
1462 906 1636 940 accipiamus,
1655 907 1705 934 hoc
1719 912 1773 939 est.

144 950 181 985 μὴ
199 951 258 985 μετ’
267 952 369 977 ἐκεῖνον
382 951 449 985 (29).
462 951 499 977 Τὸ
513 952 562 986 μὲν
574 951 628 987 γὰρ
640 951 765 986 ἄναρχον,
781 952 826 978 καὶ
841 952 934 978 ἁῖδιοψ

123 1007 126 1010 ’
142 996 172 1022 τὸ
188 997 216 1022 δὲ
230 996 325 1028 ἀΐδιον,
347 997 377 1023 οὐ
403 997 511 1029 πάντως
527 997 655 1032 ἄναρχον,
672 997 724 1028 ἕως
743 997 776 1023 ἂν
791 998 830 1028 εἰς
850 997 936 1032 ἀρχὴν

142 1042 313 1078 ἀναφέρηται
324 1043 369 1069 τὸν
384 1043 502 1079 Πατέρα.
520 1043 576 1070 Οὐκ
592 1043 698 1078 ἄναρχα
721 1041 767 1070 οὖν
783 1043 822 1078 τῷ
837 1044 915 1078 αἰτίῳ
928 1052 934 1059 ·

140 1087 221 1122 δῆλον
239 1087 268 1113 δὲ
286 1088 316 1114 τὸ
335 1088 433 1120 αἴτιον,
447 1087 485 1119 ὡς
499 1088 529 1114 οὺ
555 1088 664 1118 πάντως
683 1087 866 1123 πρεσϐύτερον
880 1088 935 1114 τῶν

141 1130 179 1160 ὦν
193 1134 268 1160 ἐστιν
280 1133 336 1169 (50)
352 1133 438 1160 αἴτιον
448 1140 454 1146 ·
469 1132 530 1159 οὐδὲ
542 1133 597 1168 γὰρ
608 1133 655 1159 τοῦ
668 1133 765 1166 φωτὸς.
780 1134 865 1167 ἣλιος.
880 1135 934 1160 Καὶ

140 1179 250 1215 ἄναρχά
275 1188 333 1211 πως
357 1178 397 1214 τῷ
418 1179 516 1214 χρόνῳ,
538 1179 589 1205 κᾶν
613 1179 644 1205 σὺ
670 1178 843 1214 μορμολύττῃ
870 1181 933 1212 τοὺς

141 1224 357 1260 ἁπλουστέρους·
373 1224 404 1250 οὺ
416 1223 471 1259 γὰρ
485 1223 538 1250 ὑπὸ
553 1223 647 1259 χρόνον
661 1223 694 1249 τὰ
721 1221 750 1255 ἐξ
774 1220 811 1249 ὧν
832 1223 845 1248 6
870 1223 934 1258 χρό-

144 1278 196 1302 νος.

990 948 1160 976 intervallum
1187 948 1262 981 illud,
1287 950 1358 983 quod
1375 950 1453 977 simul
1472 958 1532 978 cum
1561 952 1641 979 rebus
1666 954 1772 980 aeternis

989 995 1155 1027 (attenditur,
1180 1001 1230 1022 nec
1255 995 1310 1022 ullo
1335 1001 1420 1027 motu,
1439 1001 1485 1023 aut
1507 997 1572 1024 solis
1592 1005 1672 1024 cursu
1692 999 1773 1032 (quod

990 1042 1099 1075 quidem
1120 1046 1225 1075 tempus
1248 1041 1310 1076 est),
1334 1042 1470 1069 delinitur.
1496 1042 1565 1076 Quid
1593 1043 1674 1079 525
1696 1052 1772 1080 ergo.

989 1087 1104 1121 inquies,
1127 1087 1148 1114 si
1163 1087 1247 1114 Filius
1265 1091 1291 1114 et
1307 1086 1424 1122 Spiritus
1440 1093 1548 1114 sanctus
1562 1087 1633 1115 Patri
1648 1089 1772 1116 comterui

988 1137 1060 1164 sunt,
1081 1133 1146 1166 quid
1171 1132 1261 1160 afferri
1285 1138 1385 1167 potest,
1411 1134 1475 1168 quin
1502 1134 1626 1168 principii
1652 1141 1772 1168 quoque.

988 1178 1215 1212 quemadmodum
1235 1183 1262 1205 et
1282 1178 1335 1208 ille,
1355 1178 1409 1206 sint
1425 1179 1566 1213 expertes?
1584 1178 1651 1211 Quia
1667 1179 1701 1205 ab
1717 1179 1775 1212 ipso

989 1228 1063 1255 sunt,
1088 1223 1151 1250 licet
1174 1231 1227 1250 non
1251 1228 1312 1258 post
1333 1224 1430 1258 ipsum.
1454 1224 1530 1257 Quod
1550 1224 1621 1251 enim
1642 1225 1774 1259 principio

988 1273 1073 1301 caret,
1091 1273 1220 1295 alternum
1235 1275 1341 1302 quoque
1357 1273 1420 1295 est:
1443 1269 1513 1303 quod
1531 1274 1619 1296 autem
1637 1276 1768 1297 :eternum

144 1321 195 1349 est,
212 1323 266 1343 non
282 1315 405 1350 protinus
419 1323 526 1350 quoque
555 1315 688 1350 principio
705 1320 795 1348 vacat,
813 1315 931 1349 quandiu
953 1315 985 1340 ad
1004 1313 1126 1346 Patrem,
1147 1313 1223 1342 velut
1251 1315 1284 1341 ad
1305 1314 1465 1349 principium
1485 1319 1512 1341 et
1532 1315 1674 1350 originem,
1691 1316 1775 1344 refer-

145 1369 199 1392 tur.
225 1364 298 1398 Ergo
318 1363 365 1395 illi,
385 1369 514 1397 quantum
534 1363 567 1389 ad
584 1370 704 1395 causam,
724 1362 858 1397 principio
876 1362 985 1389 minime
1012 1366 1118 1388 carent.
1154 1361 1330 1396 Perspicuum
1370 1366 1459 1388 autem
1487 1366 1544 1393 est,
1581 1369 1688 1389 caiisam
1722 1369 1775 1390 non

144 1408 274 1436 continuo
291 1407 468 1441 antiquiorem
492 1413 552 1434 esse
576 1407 621 1436 iis.
644 1414 758 1441 quorum
776 1414 857 1434 causa
875 1412 931 1440 est;
953 1407 1123 1441 nequeenim
1157 1407 1196 1434 sol
1229 1407 1315 1434 lucem
1330 1411 1448 1441 tempore
1482 1408 1625 1434 antecedit.
1640 1407 1774 1440 Quantum

145 1461 234 1484 autem
250 1456 284 1483 ad
301 1460 416 1490 tempus,
437 1455 562 1490 principii
585 1460 711 1489 expertes
747 1459 819 1484 sunt.
853 1455 915 1482 licet
950 1460 976 1481 tu
997 1456 1140 1482 verborum
1165 1455 1248 1482 larvis
1266 1455 1443 1490 simpliciores
1458 1456 1562 1482 animos
1575 1456 1692 1483 territes.
1714 1456 1768 1484 Nec

145 1500 215 1528 enim
227 1500 341 1536 tempori
352 1499 465 1527 subsunt
476 1507 518 1532 ea,
529 1507 560 1527 ex
574 1500 669 1534 quibus
679 1506 783 1534 tempus
793 1501 926 1535 originem
946 1501 1070 1535 sumpsit.

179 1569 217 1594 Δ¹.
236 1560 301 1598 Πῶς
313 1563 360 1593 οὖν
376 1567 426 1593 οὐκ
443 1566 569 1602 ἐμπαθὴς
589 1567 605 1602 ἠ
625 1567 768 1603 γέννησις
786 1569 846 1594 Ὅτι
866 1568 937 1595 ἀσὼ-
952 1574 972 1602 c

148 1624 240 1651 ματος.
254 1615 288 1641 Εἰ
302 1615 356 1650 γὰρ
366 1615 383 1649 ἡ
395 1613 550 1649 ὲνσώματος
564 1614 700 1649 ἐμπαθὴς,
717 1614 825 1650 ἀπαθὴς
840 1615 855 1648 ἡ
867 1614 940 1641 ἀσώ-

149 1669 243 1696 ματος.
284 1657 354 1694 Ἐγὼ
379 1659 408 1686 δέ
436 1668 465 1686 σε
492 1660 695 1695 ἁντερήσομαι·
719 1660 781 1691 Πῶς
805 1660 881 1692 Θεὸς,
915 1661 939 1686 εἰ

100 1736 101 1747 γ
148 1706 267 1741 κτίσμα;
292 1706 328 1732 Οὐ
346 1705 400 1740 γὰρ
415 1705 481 1737 Θεὸς
505 1705 535 1731 τὸ
556 1704 727 1740 κτιζὸμενῡν·
745 1705 787 1731 ἵνα
804 1706 841 1740 μὴ
857 1705 938 1739 λέγω,

100 1751 101 1755 “
148 1752 188 1778 ὅτι
205 1751 346 1778 κάνταῦοα
359 1751 454 1783 πάθος,
467 1751 499 1777 ἂν
513 1751 676 1786 σωματικῶς
689 1751 872 1786 λαμϐάνηται,
885 1750 939 1778 οἷον

149 1799 243 1834 χρὸνος
255 1818 262 1830 ,
278 1797 380 1832 ἔφεσις,
406 1797 594 1830 ἁνατύπωσις,
611 1797 738 1832 φροντὶς,
756 1797 842 1828 ἐλπὶς,
857 1796 938 1830 λύπη,

149 1845 270 1875 κίνδυνος
281 1863 288 1876 ,
304 1844 453 1878 ἀποτυχία,
470 1843 627 1879 διόρθωσις·
645 1843 662 1870 ἃ
683 1843 771 1870 πάντα
791 1844 837 1870 καὶ
856 1843 941 1869 πλείω

149 1890 251 1917 τούτων
267 1891 331 1926 περὶ
347 1890 395 1925 τὴν
409 1890 495 1917 κτίσιν
511 1890 576 1925 (51),
589 1890 626 1921 ὡς
640 1891 722 1916 πᾶσιν
736 1888 855 1925 εὔδηλον.
869 1890 940 1916 Θαυ-

152 1935 230 1970 μάζω
248 1935 287 1969 δὲ,
303 1936 343 1962 ὅτι
362 1935 399 1971 μὴ
414 1936 460 1962 καὶ
475 1935 553 1962 τοῦτο
568 1936 678 1971 τολμᾷς,
698 1935 882 1970 συνδυασμούς
902 1945 941 1962 τι-

150 1990 198 2013 νας
215 1982 316 2008 ὲννοεῖν
333 1982 401 2018 (52),
425 1983 472 2008 καὶ
494 1983 606 2017 χρόνους
632 1983 767 2018 κυήσεως,
787 1982 833 2009 καὶ
852 1982 941 2008 κινδύ-

151 2036 212 2060 νους
240 2027 418 2063 ἀμῦλῶσεως,
435 2027 472 2059 ὡς
492 2028 553 2054 οὐδὲ
569 2029 666 2063 γεννᾷν
682 2027 830 2063 ἐγχωροῦν,
857 2029 881 2053 εἰ
903 2027 940 2062 μὴ

151 2073 220 2100 οὕτω
238 2074 403 2110 γεγέννηκεν
415 2083 421 2090 ·
442 2074 459 2110 ἢ
482 2074 562 2101 πάλιν
578 2074 686 2109 πτηνῶν
702 2082 789 2106 τινας,
818 2074 864 2100 καὶ
877 2082 940 2108 χερ-

153 2119 234 2146 σαίων
253 2120 302 2146 καὶ
320 2120 438 2156 ἐνύδρων
456 2121 597 2155 γεννήσεις
610 2119 860 2155 ἀπαριθμούμενος,
878 2118 941 2144 τού-

151 2172 204 2192 των
219 2166 346 2201 (55),τινὶ
366 2166 419 2192 τῶν
434 2167 585 2201 γεννήσεων
602 2166 715 2199 ὑπάγειν
735 2165 784 2200 τὴν
803 2164 877 2191 Θείαν
896 2165 942 2191 καὶ

153 2211 352 2247 ἀνεκλάλητον,
374 2211 390 2247 ἢ
406 2212 451 2238 καὶ
476 2211 520 2238 τὸν
541 2211 605 2238 Υἱὸν
634 2212 755 2249 ἀναιρεῖν
774 2210 829 2247 (51)
845 2211 877 2236 ὲκ
893 2210 942 2245 τῆς

1026 1570 1069 1596 ιν.
1091 1569 1230 1602 Quomodo
1245 1578 1309 1605 ergo
1329 1577 1343 1596 a
1360 1570 1485 1604 passione
1509 1570 1636 1597 immunis
1659 1575 1700 1598 est
1718 1572 1777 1599 haec

996 1614 1156 1648 generatio?
1169 1614 1236 1648 Quia
1254 1615 1421 1649 incorporea.
1438 1615 1465 1641 Si
1480 1615 1552 1642 enim
1572 1623 1702 1650 corporea
1726 1625 1774 1648 [ze-

992 1660 1097 1687 neratio
1111 1660 1264 1695 passionem
1278 1661 1448 1694 conjunctam
1462 1661 1553 1693 habet,
1569 1669 1666 1696 expers
1681 1664 1776 1698 utique

993 1706 1127 1739 passionis
1141 1705 1193 1733 erit
1206 1706 1363 1740 incorporea
1375 1707 1519 1741 generandi
1534 1707 1614 1735 ratio.
1626 1709 1714 1742 Atque
1725 1716 1776 1744 ego

991 1760 1024 1779 cx
1051 1757 1076 1779 te
1093 1752 1211 1779 vicissim
1235 1760 1352 1786 quaeram
1373 1761 1379 1778 ι
1407 1752 1545 1785 Quomodo
1571 1753 1640 1781 Deus
1656 1755 1728 1787 erit,
1753 1757 1775 1782 si

992 1803 1117 1825 creatura
1145 1797 1207 1825 est?
1233 1797 1290 1824 Non
1315 1798 1385 1824 enim
1411 1798 1480 1824 Deus
1502 1805 1562 1825 esse
1581 1804 1683 1833 potest,
1706 1801 1776 1835 quod

993 1849 1116 1875 creatur;
1135 1851 1169 1870 ne
1185 1844 1282 1876 dicam,
1299 1844 1369 1878 quod
1385 1843 1428 1870 hic
1449 1851 1557 1879 quoque
1579 1845 1669 1879 passio
1683 1845 1728 1878 sit,
1754 1847 1776 1873 si

992 1897 1122 1924 corporeo
1138 1889 1218 1916 modo
1231 1889 1256 1916 id
1272 1889 1430 1924 accipiatur,
1450 1889 1501 1916 hoc
1516 1895 1557 1916 est
1571 1909 1578 1921 .
1598 1895 1714 1925 tempus,
1729 1899 1778 1918 cu-

992 1935 1101 1968 piditas,
1121 1933 1285 1965 informatio,
1304 1940 1379 1966 cura,
1397 1940 1468 1967 spes,
1486 1940 1598 1965 maeror,
1616 1934 1776 1968 periculum,

993 1980 1050 2014 spei
1068 1979 1226 2011 frustratio,
1252 1979 1386 2006 correctio
1401 1989 1407 2006 :
1431 1986 1490 2013 qua:
1509 1979 1599 2006 omnia
1611 1999 1619 2010 ,
1636 1984 1718 2013 atque
1735 1980 1778 2006 his

993 2026 1080 2060 plura,
1097 2026 1168 2053 circa
1189 2029 1340 2052 creaturam
1356 2024 1481 2051 accidere
1500 2032 1579 2052 nemo
1602 2025 1703 2058 estqui
1723 2033 1776 2051 non

994 2071 1072 2099 facile
1088 2071 1244 2105 perspiciat.
1267 2069 1388 2096 Demiror
1404 2074 1506 2101 autem,
1532 2070 1595 2104 quin
1615 2075 1641 2096 tu
1659 2077 1691 2096 co
1710 2077 1777 2104 quo-

993 2125 1044 2151 que
1072 2116 1190 2143 audaciae
1216 2123 1386 2150 prorumpas,
1414 2119 1444 2142 ut
1469 2115 1556 2142 coitus
1577 2116 1719 2149 quosdam,
1746 2121 1774 2143 et

993 2163 1184 2198 prazgnationis
1202 2167 1341 2198 tempora,
1357 2166 1384 2190 et
1403 2162 1514 2189 abortus
1529 2162 1647 2196 pericula
1664 2163 1776 2197 cogites,

993 2210 1106 2244 perinde
1120 2216 1151 2237 ac
1165 2217 1217 2236 non
1232 2208 1309 2235 aliter
1325 2208 1436 2242 gignere
1449 2208 1567 2242 potuerit
1581 2207 1670 2240 Pater,
1686 2208 1707 2234 si
1724 2216 1776 2235 non

153 2256 247 2291 καινῆς
265 2257 323 2292 (55)
340 2256 386 2282 σοῦ
405 2256 568 2288 ὑποθέσεως.
586 2256 641 2283 Καὶ
656 2256 709 2282 οὐδ’
726 2257 814 2282 ἐκεῖνο
829 2255 938 2281 δύνασαι

996 2257 1030 2283 ita
1048 2255 1171 2290 genuerit
1189 2265 1196 2282 :
1221 2259 1267 2281 aut
1283 2261 1377 2281 rursus
1397 2253 1486 2280 avium
1504 2254 1693 2288 quarumdam,
1711 2254 1778 2280 alio-

155 2303 276 2334 συνιδεῖν.
293 2304 335 2330 ὅτι
351 2299 373 2337 ᾧ
385 2303 511 2338 διάφορος
526 2304 541 2338 ἡ
558 2302 628 2329 κατὰ
643 2303 731 2338 σάρκα
746 2303 871 2337 γέννησις
884 2301 941 2336 (56)

191 2425 246 2459 (25)
268 2425 343 2451 [Idm
357 2423 423 2455 οὖν,
438 2429 490 2451 etc.
508 2423 736 2458 Interroganlibus
750 2423 936 2454 Eunomianis,

157 2465 185 2487 ut
199 2461 387 2494 designaretur
403 2464 516 2494 tempus,
529 2460 555 2486 iu
571 2467 634 2494 quo,
658 2459 697 2485 vel
713 2468 721 2483 ι
737 2460 846 2493 quando
865 2467 874 2483 ι
890 2467 937 2492 ge-

157 2496 226 2522 nitus
245 2497 280 2522 sit
306 2494 398 2525 Filius.
419 2502 450 2520 ac
475 2496 637 2528 processerit
663 2494 781 2527 Spiritus
810 2497 937 2528 sapctus,

159 2535 233 2556 acute
255 2530 401 2562 respondet
422 2529 577 2562 Gregorius,
598 2532 716 2564 genitum
733 2528 816 2555 fuisse
828 2527 936 2558 Filium,

159 2570 184 2591 et
209 2566 374 2598 processisse
410 2564 540 2598 Spiritum
577 2569 699 2591 sanctum
732 2569 793 2590 ante
818 2563 938 2597 ipsorum

161 2609 171 2624 ι
187 2600 304 2633 quando.
322 2609 332 2625 ι
355 2599 428 2629 Sive.
449 2604 477 2626 ut
493 2600 518 2625 in
537 2599 623 2632 prima
643 2599 761 2626 editione
779 2599 940 2632 interpreta-

161 2639 202 2660 tur
211 2633 303 2660 Billius
322 2646 328 2661 :
345 2643 354 2659 ‹
371 2635 529 2669 priusquam
538 2638 643 2669 tempus
661 2633 742 2660 ullum
755 2633 912 2669 exstitisset.
929 2641 938 2656 ι

194 2669 248 2703 (24)
268 2667 495 2703 Νεανικώτερὼν.
523 2667 600 2696 Τιός»’
617 2669 713 2703 Regg.,
739 2675 785 2695 sex
808 2667 896 2698 Colb.,
916 2673 942 2694 et

160 2701 205 2731 Οτι
220 2701 245 2736 1ζ
259 2704 400 2735 νεανικῶς.

195 2737 250 2775 (25)
270 2739 401 2774 Πνεῦμα.
429 2738 504 2766 Colb.
525 2739 535 2766 1
563 2739 653 2772 addit,
679 2739 709 2765 τὸ
731 2739 824 2773 ἅγιον,
850 2747 858 2762 ι
880 2746 942 2765 sau-

162 2777 229 2800 ctus.
251 2783 261 2800 ι

195 2808 253 2849 (26)
268 2809 436 2849 ξΑπαρχῆς.
455 2808 500 2836 0r.
526 2809 551 2843 l,
576 2810 691 2843 divtsim,
716 2810 762 2836 ἀπ’
780 2809 876 2844 ἀρχῆς,
898 2818 907 2834 ι
929 2817 943 2836 a

162 2849 304 2878 principio.
325 2854 334 2869 ι

198 2878 254 2915 (27)
269 2879 303 2906 ει
323 2880 366 2907 τό.
385 2879 466 2907 Coisl.
479 2880 506 2912 5,
523 2881 548 2908 εἰ
561 2879 597 2915 μὴ
610 2879 648 2906 τό.

995 2307 1110 2335 rumque
1126 2299 1292 2330 animalium,
1309 2306 1369 2333 qum
1386 2298 1427 2326 vel
1443 2298 1470 2325 in
1485 2303 1556 2326 terra
1567 2319 1574 2332 ,
1596 2298 1638 2326 vel
1654 2299 1680 2325 in
1698 2299 1776 2333 aquis

1013 2457 1019 2464 '
1028 2421 1084 2456 (28)
1104 2422 1385 2456 Παρεκτεινιτμενον.
1397 2420 1464 2456 Reg.
1474 2420 1566 2456 ενοι-η
1579 2429 1780 2456 σνμπαρεκτει-

992 2465 1113 2484 νομενον.

1024 2465 1250 2526 ῗξὸἶνέεκεῗνον.
1267 2491 1314 2518 0r.
1335 2491 1362 2523 1,
1382 2490 1481 2525 aliique
1501 2498 1553 2518 non
1573 2491 1661 2525 pauci,
1681 2491 1778 2517 ὲκεῐνο.

1030 2527 1086 2560 (50)
1110 2526 1218 2553 Ἐστίν.
1239 2527 1318 2553 Deest
1337 2526 1363 2552 in
1382 2526 1512 2560 pluribus.

1029 2559 1085 2595 (51)
1105 2562 1175 2595 Περὶ
1204 2561 1260 2595 τὴν
1285 2561 1395 2587 κτίσιν.
1413 2559 1490 2586 Circa
1519 2565 1680 2593 creaturam.
1712 2560 1779 2587 Cum

995 2597 1098 2624 scilicet
1122 2605 1131 2621 ι
1147 2597 1265 2631 gignitur
1286 2601 1332 2623 aut
1357 2596 1481 2630 parturit.
1502 2605 1511 2620 ι
1540 2595 1650 2627 Billius,
1683 2604 1693 2620 ‹
1707 2595 1781 2622 circa

995 2632 1171 2660 creationem.
1191 2640 1199 2656 ι

1031 2665 1086 2700 (5'2)
1112 2665 1255 2693 Ἐννθεῖν.
1274 2665 1339 2699 Reg.
1357 2665 1451 2700 Cypr..
1472 2664 1582 2700 aliique,
1598 2665 1724 2692 ἐπινοεῖν.

1032 2701 1088 2736 (55)
1109 2701 1234 2736 Τούτων,
1249 2700 1295 2728 οι·.
1314 2701 1325 2727 1
1339 2702 1423 2736 addit,
1437 2700 1479 2735 δή.

1031 2735 1087 2770 (Si)
1114 2735 1265 2771 Ἀφιιιιρεῖιί.
1285 2736 1351 2771 Reg.
1367 2735 1461 2770 Cypr.,
1479 2736 1606 2771 ὲναιρεῖν.

1032 2770 1088 2806 (55)
1107 2769 1227 2804 Καινῆς.
1245 2770 1312 2806 Reg.
1332 2769 1426 2806 Cyph,
1444 2769 1546 2805 aliique
1568 2771 1668 2805 plures,
1688 2771 1779 2806 κενῆς.

1001 2815 1010 2831 (
1028 2813 1135 2831 vanam.
1157 2814 1166 2830 D

1033 2835 1088 2874 (56)
1111 2840 1145 2867 Ἠ
1159 2839 1232 2866 κατὰ
1243 2839 1341 2874 σάρκα
1352 2839 1501 2874 γέννησις.
1516 2840 1596 2874 Elias,
1610 2841 1626 2875 ὴ
1637 2839 1712 2866 κάτω
1722 2840 1774 2873 γένη

999 2884 1087 2911 νησις,
1107 2885 1116 2901 ‹
1137 2880 1244 2902 terrena
1263 2877 1410 2910 generatio.
1430 2885 1439 2901 ›
