2049 3131
188 189 224 218 85
699 194 829 224 ORATlO
846 196 941 225 XXIX.
961 215 995 220 ——
1016 199 1235 230 THEOLOGICA
1255 202 1299 230 ΙΙΙ.
1775 204 1811 232 86

186 246 238 272 οὐχ
255 247 354 274 ὄντων’
374 249 502 282 ἐναντίως
519 251 581 287 περὶ
599 252 647 288 τὴν
662 253 807 289 ἀρχέγονον
824 256 890 292 ὕλην
909 258 961 284 ὑπο

1029 268 1137 293 sumus;
1158 269 1189 289 ac
1212 262 1326 297 proinde
1341 262 1439 297 partim
1461 270 1493 289 ex
1516 262 1634 292 entibus.
1656 262 1753 296 partim
1777 270 1809 290 ex

188 293 289 318 στᾶσαν
305 294 397 328 σαφῶς
418 295 446 328 ἐξ
460 297 508 323 οὐκ
520 297 614 329 ὄντων,
629 299 680 325 κᾶν
698 309 769 332 τινες
789 301 843 337 (68)
861 303 974 339 ἀγέννη-

185 345 231 363 τον
251 338 305 373 (69)
321 339 536 369 ἀναπλάττωσιν.
570 343 701 370 Ἐνταῦοα
722 345 749 371 δὲ
771 347 919 383 σύνδρομον
936 338 974 384 τῷ

185 381 255 409 εἶναι
268 384 298 410 τὺ
313 387 491 421 γεγεννῆσθαι
504 388 571 423 (70),
587 389 633 416 καὶ
649 391 695 416 ἀπ’
711 392 808 427 ἀρχῆς.
922 381 972 422 mi}

185 429 279 476 θήσεις
295 430 352 465 (71)
366 431 396 457 τὸ
411 433 604 469 ἀμφίκρημνον
615 435 693 462 τοῦτο
707 437 853 474 ἐρώτημα;
873 441 904 466 Τί
920 442 973 476 γὰρ

185 475 230 501 τοῦ
243 477 290 502 ἀπ’
306 477 393 512 ἀρχῆς
406 479 598 515 πρεσϐύτερον,
623 481 656 508 ἵν’
670 482 729 509 ἐκεῖ
743 483 834 519 θῶμεν
856 486 884 512 τὸ
904 475 972 513 εἷναί

184 522 400 568 ττοτεὲτοῦὴΥἰοῦ,
420 524 435 559 ἢ
450 525 479 551 τὸ
503 525 540 561 μὴ
557 524 645 560 εἴναις
669 529 840 566 Ἀμφοτὲρως
862 532 916 568 γὰρ
932 534 970 566 τὸ,

182 565 234 592 ἀπ’
248 566 353 601 ἀρχῆς’
371 568 515 604 λυθήσεται
526 580 532 585 ’
546 572 570 598 ει
585 574 620 607 μή
639 582 679 600 σοι
689 575 735 600 καὶ
746 576 760 601 ὁ
775 565 879 612 Πατὴρ).
892 565 972 605 τξάλιν

182 612 346 646 ἐρωτώντων
359 615 446 650 ἡμῶν,
465 616 494 648 ἐξ
512 617 606 650 ὄντων,
624 619 639 654 ἢ
655 619 684 651 ἐξ
699 622 747 647 οὐκ
764 621 858 654 ὄντων,
880 624 971 650 κινδυ-

181 657 328 695 νεύσειενῆ
343 660 383 692 δὶς
399 660 479 694 εἶναι,
497 663 510 688 ὃ
527 663 576 698 μὲν
587 664 688 700 προὼν,
706 666 719 692 ὃ
735 666 763 693 δὲ
778 667 824 699 ὢν,
842 669 858 703 ἢ
874 670 971 697 ταυτὸν

178 703 220 738 τῷ
240 704 296 740 Υἱῷ
317 706 423 739 παθεῖν,
440 708 469 741 ἐξ
486 710 536 736 οὐκ
553 710 637 737 ὄντων
653 710 732 745 εἶναι,
749 713 793 740 διὰ
810 714 843 740 τὰ
862 715 895 742 σὰ
916 717 971 743 τῶν

180 749 366 797 ξρωτημάτων
381 754 503 788 παίγνια,
518 755 564 782 καὶ
579 756 630 788 τὰς
643 758 674 784 ὲκ
689 758 810 795 ψάμμων
824 761 878 797 (7‘2)
892 763 970 789 οἰκο-

179 794 274 830 δομὰς,
290 797 318 823 αἳ
339 799 404 833 μηδὲ
420 799 518 836 αὔραις
538 802 668 842 ἵστανται.
689 794 760 838 Ἐγῶ
776 794 832 841 μὲν
846 794 892 834 οἶν
910 809 969 835 006-

179 841 273 889 έτερον
292 844 393 871 τούτων
410 846 532 882 δέχομαι,
554 849 600 875 καὶ
615 849 663 885 τὴν
689 851 822 887 ἐριῦτησὶν
850 862 920 889 φημι
940 855 968 881 τὸ

177 888 278 916 ἄτοπον
294 889 377 925 ἔχειν,
399 892 458 927 οὐχὶ
478 894 507 919 τὸ
522 894 623 930 ἄπορον
637 896 685 930 τὴν
700 897 863 933 ἀπάντησιν.
886 888 917 926 Εἰ
939 901 966 927 δὲ

179 934 222 983 (τοὶ
239 935 293 967 (75)
309 937 432 971 φαίνεται
461 940 608 974 ἀναγκαῖον
638 939 707 970 εἶναι
735 944 764 970 τὸ
783 945 875 981 ἕτερον
899 947 966 983 ἀλη-
983 933 1002 960 Β

177 979 266 1008 θεύειν
278 983 323 1009 ἐπὶ
333 985 443 1017 παντὸς,
463 987 532 1013 κατὰ
546 987 594 1020 τὰς
613 989 661 1020 σὰς
676 990 849 1024 διαλεκτικὰς
868 993 966 1028 ὑπολή-

175 1026 247 1061 ψεις,
269 1028 342 1062 δέξαι
369 1030 418 1065 μού
438 1041 463 1058 τι
487 1034 584 1069 μικρὸν
599 1035 747 1070 ἑρώτημα’
776 1038 804 1063 '0
825 1039 919 1073 χρόνος
936 1026 965 1066 έν

175 1073 275 1109 χρόνῳ,
296 1075 311 1111 ἢ
327 1077 377 1103 οὐκ
399 1077 427 1103 ἐν
444 1079 548 1114 χρόνῳ;
564 1081 594 1106 Εἰ
619 1082 667 1116 μὲν
683 1080 728 1109 οὖν
748 1085 776 1110 ὲν
800 1085 896 1120 χρόνῳ,
912 1086 964 1113 τίνι

175 1120 276 1155 cutim);
295 1122 340 1147 καὶ
350 1123 377 1148 τί
386 1124 460 1159 παρὰ
471 1125 564 1151 τοῦτον
576 1126 648 1159 om;
665 1128 711 1153 καὶ
723 1128 782 1160 πῶς
794 1131 962 1166 περιέχοντι;

175 1164 207 1190 Εἰ
222 1164 249 1190 δὲ
267 1166 316 1192 οὐκ
326 1167 353 1192 ὲν
369 1168 466 1203 χρόνῳ,
477 1170 518 1200 τίς
532 1171 547 1205 ἡ
562 1172 673 1206 περιττὴ
690 1174 779 1206 σοφία,
796 1164 890 1209 χρόνον
907 1177 963 1202 εἰσ-

175 1210 251 1243 άγειν
270 1212 396 1247 ἄχρονονς
415 1214 467 1240 Τοῦ
490 1215 528 1247 δὲ,
546 1216 610 1242 Νῦν
627 1218 684 1252 ἐγὼ
703 1219 860 1253 ψεύδομαί,
875 1221 918 1253 δὸς
933 1223 963 1249 τὸ

172 1254 277 1290 ἕτερον,
299 1258 316 1292 ἦ
341 1258 518 1293 ἀληθεύεσθαι
536 1260 592 1296 (74)
608 1263 696 1298 μόνον,
719 1265 734 1300 ἢ
757 1265 917 1300 ψεύδεσθαι·
931 1269 961 1294 οὐ

173 1300 382 1349 γὰρ-ἀμφότεροι
398 1304 529 1340 δώσομεν.
551 1308 619 1334 Ἀλλ’
632 1309 681 1335 οὐκ
694 1309 838 1345 ἐνδέχεται.
859 1313 893 1338 Ἢ
907 1312 962 1349 γὰρ

172 1343 336 1380 ψευδόμενος
357 1348 510 1384 ἀληθεύσει,
533 1351 548 1386 ἢ
567 1352 705 1388 ἀληθεύων
726 1355 872 1388 ψεύσεται·
887 1359 961 1385 πᾶσα

170 1391 288 1427 ἀνάγκη.
307 1394 339 1419 Τί
361 1392 407 1421 οὖν
422 1394 586 1431 θαυμαστὸν,
605 1398 698 1435 ὥσπερ
713 1401 829 1428 ἐνταῦθα
843 1403 960 1438 συμϐαί-

171 1445 210 1463 νει
229 1438 261 1464 τὰ
281 1440 398 1472 ἐναντία,
416 1441 501 1474 οὕτως
525 1444 612 1470 ἐκεῖσε
640 1445 781 1482 ἀμφότερα
803 1447 958 1481 ψεύδεσθαι,

171 1484 219 1510 καὶ
233 1484 304 1511 οὕτω
321 1494 360 1513 σοι
384 1489 414 1514 τὸ
440 1489 520 1523 σοφὸν
536 1490 638 1525 ἠλίθιον
659 1492 861 1528 ἀναφανήσεται
876 1503 883 1526 ;
911 1496 958 1523 ’Ἑν

172 1529 211 1555 ἔτι
226 1539 270 1565 μοι
280 1531 359 1559 λύσον
373 1534 425 1560 τῶν
437 1535 619 1570 αἰνιγμάτων·
635 1537 743 1573 Σεαυτῴ
756 1539 784 1565 δὲ
799 1541 959 1577 γεννωμένῳ

171 1576 276 1611 παρῆς;
293 1579 373 1613 πάρει
390 1580 418 1605 δὲ
433 1580 497 1612 νῦν;
516 1582 531 1616 ἢ
547 1582 700 1618 οὐδέτερον;
720 1585 750 1610 EE
773 1585 822 1619 μὲν
841 1586 896 1622 γὰρ
911 1588 957 1614 καὶ

169 1622 271 1657 παρῆς,
295 1624 342 1650 καὶ
357 1626 448 1661 πάρει,
466 1627 503 1658 ὡς
518 1627 570 1660 τις,
590 1629 637 1654 καὶ
655 1629 723 1661 τίνις
738 1631 784 1656 καὶ
807 1631 864 1662 πῶς
883 1633 897 1658 ὁ
918 1631 958 1664 εἷς

168 1668 253 1703 ἄμφω
274 1671 417 1704 γεγόνατες
439 1673 470 1698 Εἰ
499 1673 527 1699 δὲ
554 1674 700 1710 μηδέτερον
723 1676 776 1702 τῶν
794 1677 957 1712 εἰρημένων,

167 1713 227 1745 πῶς
246 1716 357 1742 σεαυτοῦ
378 1717 434 1751 (75)
455 1718 570 1754 χωρίζη;
586 1720 633 1746 καὶ
648 1720 690 1752 τίς
710 1722 725 1755 ἡ
744 1722 817 1748 αἰτία
841 1723 890 1758 τῆς
902 1723 960 1750 δια-

168 1759 284 1794 ζεύξεως
299 1763 370 1798 (76);
391 1763 460 1790 Ἀλλ’
472 1765 632 1792 ἀπαίδευτον
644 1766 674 1793 τὸ
688 1767 712 1802 (7
718 1767 742 1802 7)
756 1768 819 1803 περὶ
832 1768 879 1795 τοῦ
889 1769 957 1802 ἐνὸς,

166 1807 191 1832 εἰ
213 1806 300 1841 ἐαυτῷ
321 1808 463 1844 πάρεστιν,
480 1810 496 1835 ἦ
523 1810 569 1846 μὴ,
591 1811 839 1848 πολυπραγμονεῖν.
865 1814 957 1841 Ταῦτα

166 1851 220 1886 γὰρ
236 1853 278 1878 ἐπ’
291 1852 386 1886 ἄλλων,
399 1855 446 1889 οὐχ
459 1855 554 1882 ἑαυτοῦ
570 1857 687 1890 λέγεται.
707 1859 953 1896 ’Λπαιδευτότερον,

166 1894 195 1922 εὖ
211 1897 273 1930 ἴσοι,
289 1899 319 1924 τὸ
337 1899 384 1925 ἀπ’
403 1900 490 1935 ἀρχῆς
506 1903 702 1937 γεγεννημένον
718 1903 785 1938 (78),
806 1906 830 1930 εἰ
850 1903 883 1940 ἦν
897 1894 955 1940 ’πρὸ

166 1942 215 1977 τῆς
233 1944 394 1979 γεννήσεως,
416 1946 432 1980 ἢ
454 1947 504 1972 οὐκ
517 1944 561 1982 ἦν,
582 1947 776 1976 διευθύνεςοαι.
796 1947 878 1982 Οὗτος
900 1951 953 1987 γὰρ

165 1988 231 2023 περὶ
244 1989 297 2015 τῶν
312 1990 400 2026 χρόνῳ
413 1991 555 2027 δεαιρετῶν
571 1994 585 2018 ὁ
598 1993 685 2027 λόγος.

1026 314 1076 332 non
1094 307 1204 334 entibus
1223 315 1314 335 sumus
1330 316 1337 334 :
1353 313 1448 335 contra
1464 315 1543 342 quam
1559 308 1584 335 in
1603 307 1748 342 primigena
1765 308 1810 335 illa

1025 353 1138 380 materia
1155 353 1262 385 accidit,
1276 361 1335 388 quae
1352 353 1425 380 haud
1439 353 1521 381 dubie
1542 361 1575 381 ex
1602 361 1653 381 non
1667 357 1730 381 ente
1746 361 1811 389 pro-

1024 402 1114 425 creata
1141 404 1200 430 est,
1223 404 1359 434 utcunque
1375 407 1435 427 eam
1458 400 1578 427 nonnulli
1599 405 1727 427 aeternam
1750 406 1810 427 esse

1023 445 1184 480 conﬁngant.
1199 447 1232 472 At
1248 446 1290 472 hic
1307 447 1443 480 generatio
1458 453 1519 473 cum
1534 446 1652 473 essentia
1670 446 1726 480 ipsa
1742 453 1810 473 eon-

1024 490 1117 521 cutrit,
1132 494 1213 526 atque
1229 499 1242 517 a
1261 491 1395 526 principio
1410 492 1524 520 exstitit.
1546 491 1595 518 Ubi
1622 498 1688 526 ergo
1707 498 1808 526 anceps

1024 534 1089 561 illud
1108 539 1192 567 tuum,
1220 540 1300 570 atque
1326 536 1451 571 utrinque
1477 543 1595 570 praeceps
1620 541 1808 570 argumentum

1023 579 1124 613 pones?
1140 579 1210 612 Quid
1228 581 1299 607 enim
1317 587 1360 612 eo,
1376 581 1447 615 quod
1464 587 1478 606 a
1500 580 1632 615 principio
1652 584 1720 612 erat,
1736 580 1808 608 anti-

1022 624 1101 658 quius
1123 632 1184 652 esse
1203 631 1301 659 potest,
1327 630 1356 652 ul.
1376 626 1430 653 illic
1448 631 1555 661 tempus
1571 627 1746 658 collocemus,
1765 626 1806 653 vel

1021 677 1074 703 quo
1097 675 1154 697 erat
1182 670 1275 702 Filius,
1295 672 1337 699 vel
1353 679 1405 706 quo
1427 679 1478 699 non
1495 672 1570 699 erat?
1594 672 1712 708 Utroque
1733 672 1806 700 enim

1021 716 1101 742 modo
1120 716 1199 748 illud,
1223 726 1239 743 a
1265 718 1404 752 principio,
1423 718 1584 745 dissolvetur
1598 723 1624 746 et
1649 723 1807 750 evertetur,

1020 761 1072 788 nisi
1089 760 1158 789 forte
1171 763 1217 789 tibi
1230 770 1335 798 quoque
1346 763 1435 795 Pater,
1450 765 1690 798 percunctantibus
1711 771 1806 792 rursus

1021 807 1107 839 nobis,
1131 816 1161 834 ex
1187 809 1342 841 eutihusne,
1365 817 1400 837 an
1419 817 1451 837 ex
1478 817 1531 837 non
1552 810 1660 837 entibus
1686 810 1738 843 sit,
1762 810 1806 838 bis

1019 860 1078 879 esse
1096 853 1273 887 periclitetur,
1291 854 1358 881 alter
1374 855 1500 882 nimirum
1521 856 1720 890 prazexsistens,
1737 855 1806 883 alter

1018 899 1171 933 exsistens;
1189 904 1236 926 aut.
1250 906 1325 928 certe
1346 905 1455 935 propter
1475 901 1592 929 ludiones
1609 907 1668 929 tuas
1690 902 1806 929 interro-

1017 945 1150 980 gationes,
1168 951 1248 981 atque
1263 954 1295 973 ex
1321 955 1402 974 arena
1421 951 1592 975 constructas
1616 948 1720 981 domos,
1744 955 1805 982 quae

1017 998 1051 1017 ne
1073 991 1176 1018 levibus
1196 992 1303 1025 quidem
1320 993 1406 1020 ventis
1432 993 1560 1020 resistere
1585 998 1709 1028 possunt,
1734 994 1802 1021 idem

1016 1036 1050 1069 ei,
1070 1037 1141 1071 quod
1165 1037 1242 1070 Filio,
1262 1038 1383 1071 accidat,
1403 1039 1452 1065 hoc
1477 1043 1534 1070 est,
1550 1046 1582 1066 ex
1601 1046 1655 1067 non
1678 1043 1740 1066 enle
1757 1040 1803 1067 sit.

1016 1083 1070 1118 Ego
1092 1083 1200 1117 quidem
1223 1089 1345 1110 neutrum
1362 1085 1457 1111 horum
1472 1085 1595 1116 admitto,
1611 1085 1802 1119 qumstionem-

1015 1136 1066 1163 que
1091 1129 1161 1155 hanc
1188 1134 1260 1156 tuam
1287 1129 1460 1157 absurditatis
1485 1130 1616 1162 multum,
1638 1130 1803 1158 diilicultatis

1015 1175 1083 1202 nihil
1100 1175 1197 1202 habere
1212 1175 1266 1202 aio.
1280 1175 1356 1209 Quod
1372 1177 1393 1202 si
1417 1181 1444 1203 tu
1462 1177 1539 1210 juxta
1563 1181 1623 1204 tuas
1647 1177 1802 1205 dialecticas

1015 1221 1160 1249 sententias
1182 1222 1207 1248 in
1230 1222 1304 1248 omni
1329 1227 1489 1256 argumento
1511 1223 1669 1251 alterutram
1697 1223 1800 1258 disiun-

1014 1266 1133 1293 ctiunum
1155 1274 1244 1294 veram
1277 1274 1338 1295 esse
1360 1273 1486 1302 oportere
1508 1269 1664 1301 existimas,
1690 1277 1800 1303 parvam

1013 1313 1155 1346 quamdam
1171 1313 1456 1349 interrogatiunculam
1474 1321 1489 1340 a
1504 1322 1548 1342 me
1564 1315 1666 1350 accipe.
1682 1314 1801 1350 Tempus

1014 1362 1092 1385 estne
1116 1358 1141 1384 in
1161 1362 1290 1392 tempore,
1306 1360 1414 1387 annon?
1437 1359 1464 1387 Si
1484 1360 1509 1387 in
1530 1365 1658 1395 tempore,
1674 1367 1727 1395 quo
1742 1365 1801 1388 tan-

1012 1403 1090 1429 dem?
1106 1403 1228 1438 Quidque
1254 1412 1336 1438 supra
1357 1405 1408 1432 hoc
1425 1405 1590 1432 cxsistente?
1608 1406 1646 1433 Ac
1663 1406 1798 1440 quomodo

1012 1449 1064 1475 hoc
1087 1447 1261 1475 continente?
1284 1449 1313 1476 Si
1343 1454 1432 1477 autem
1459 1457 1510 1477 non
1536 1449 1562 1476 in
1584 1455 1712 1484 tempore,
1738 1458 1798 1485 qua:

1011 1494 1066 1521 haec
1081 1493 1182 1520 eximia
1198 1494 1342 1528 sapientia,
1359 1500 1465 1529 tempus
1490 1496 1618 1530 temporis
1637 1503 1734 1531 expers
1755 1496 1797 1523 in-

1010 1540 1129 1567 ducere?
1152 1541 1216 1575 Age,
1235 1541 1314 1576 hujus
1340 1542 1484 1574 sermonis,
1505 1541 1582 1568 Nunc
1598 1550 1644 1576 ego
1673 1543 1796 1575 mentior,

1009 1586 1041 1612 da
1059 1587 1184 1618 alterum,
1205 1593 1250 1614 aut
1265 1588 1396 1614 duntaxat
1413 1595 1503 1615 verum
1520 1595 1592 1620 esse,
1605 1593 1653 1615 aut
1673 1588 1792 1616 falsum:

1010 1641 1061 1659 non
1085 1634 1155 1660 enim
1180 1637 1324 1668 utrumque
1350 1634 1484 1661 dabimus.
1506 1634 1586 1668 Atqui
1613 1634 1691 1661 nullo
1716 1635 1795 1662 modo

1009 1678 1059 1706 hoc
1083 1678 1140 1705 ﬁeri
1156 1683 1254 1713 potest.
1276 1678 1323 1706 Vel
1342 1679 1412 1706 enim
1430 1679 1565 1706 mentiens
1590 1685 1682 1706 verum
1706 1679 1792 1712 dicet,

1007 1725 1049 1751 vel
1073 1725 1217 1752 mentietur
1240 1732 1333 1751 verum
1364 1725 1467 1751 dicens.
1493 1725 1530 1751 lla
1553 1732 1663 1759 promus
1685 1732 1796 1752 necesse

1008 1775 1059 1798 est.
1072 1770 1140 1803 Quid
1157 1770 1239 1804 igitur
1252 1770 1361 1800 mirum.
1380 1770 1401 1796 si
1420 1769 1643 1804 quemadmodum
1666 1770 1710 1798 hic
1730 1777 1796 1797 con—

1010 1816 1093 1842 traria
1111 1820 1290 1847 concurrunt,
1317 1815 1352 1842 ita
1375 1816 1456 1842 etiam
1483 1815 1537 1843 illic
1565 1820 1677 1850 utraque
1698 1823 1761 1850 pars
1778 1824 1793 1842 a

1010 1869 1072 1888 vero
1094 1862 1210 1893 aberret,
1227 1866 1306 1896 atque
1331 1861 1367 1888 ita
1393 1861 1490 1888 scitum
1517 1861 1580 1887 illud
1605 1866 1632 1888 et
1656 1861 1794 1888 eruditum

1009 1911 1083 1932 tuum
1113 1910 1300 1940 argumentum
1324 1905 1435 1932 stultqu
1463 1910 1543 1941 atque
1569 1906 1688 1941 ineptum
1708 1914 1792 1942 appa-

1007 1949 1083 1977 reat?
1098 1949 1137 1976 Ac
1159 1949 1237 1976 velint
1272 1949 1337 1976 mihi
1365 1950 1416 1977 hoc
1439 1951 1520 1977 etiam
1546 1951 1659 1985 aenigma
1683 1951 1790 1979 solvas:

1006 1994 1145 2022 Aderasne
1166 1994 1213 2021 tibi
1236 2002 1295 2021 cum
1314 1994 1482 2029 gignereris?
1502 1995 1607 2022 Adesne
1622 1997 1704 2023 etiam
1721 2003 1792 2024 nunc

167 2034 234 2062 tibi?
247 2037 286 2062 An
310 2043 434 2065 neutrum
457 2039 537 2075 53o
558 2041 674 2068 horum?
696 2041 723 2068 Si
749 2042 820 2069 enim
844 2043 950 2076 aderas,
970 2048 997 2071 et
1013 2044 1086 2075 ades,
1103 2042 1226 2077 quisnam
1244 2042 1361 2075 tandem,
1375 2047 1403 2070 et
1426 2043 1487 2070 cui?
1516 2043 1549 2070 Et
1568 2044 1703 2078 quomodo
1722 2051 1792 2071 unus

163 2082 219 2110 duo
240 2083 351 2112 eﬂ'ectus
373 2087 422 2113 es?
442 2087 470 2114 Si
496 2093 584 2115 autem
614 2094 739 2116 neutrum
769 2091 865 2117 horum
890 2098 949 2125 quae
981 2091 1108 2121 diximus,
1146 2090 1280 2124 quomodo
1313 2097 1328 2116 a
1353 2090 1438 2125 teipso
1472 2090 1652 2126 disjungeris?
1674 2091 1707 2119 Et
1732 2099 1792 2127 qua:

166 2128 356 2162 disjunctionis
390 2131 502 2166 hujusce
521 2134 622 2160 causa?
659 2134 711 2161 Sed
746 2135 867 2170 ineptum
903 2141 960 2169 est,
991 2136 1114 2170 inquies,
1155 2142 1216 2161 cum
1248 2134 1281 2161 de
1311 2141 1364 2161 uno
1397 2135 1557 2169 disputatur,
1590 2135 1694 2163 adsitne
1721 2137 1791 2164 sibi»

166 2183 261 2209 necne,
280 2178 412 2206 curiosius
434 2180 581 2214 inquirere.
597 2181 658 2209 llzec
689 2184 759 2209 enim
775 2186 807 2210 de
824 2184 893 2216 aliis,
919 2192 971 2212 non
991 2185 1024 2212 de
1056 2185 1145 2219 seipso
1169 2183 1304 2210 dicuntur.
1327 2182 1455 2218 lneptius,
1477 2183 1542 2210 mihi
1558 2184 1649 2216 crede,
1672 2189 1726 2217 est,
1750 2185 1789 2217 id,

164 2224 235 2255 quod
256 2229 270 2248 a
310 2224 440 2259 principio
466 2231 541 2259 erat,
569 2233 657 2254 tttrum
682 2234 744 2256 ante
768 2230 971 2264 generationem
1011 2234 1083 2263 erat,
1111 2237 1210 2263 necne,
1238 2229 1265 2256 in
1296 2229 1473 2264 quzestionem
1499 2237 1604 2258 vocare.
1627 2229 1690 2258 llaec
1717 2231 1791 2258 enim

163 2268 309 2301 disputatio
328 2268 361 2296 iis
377 2270 483 2297 demum
503 2273 639 2304 convenit,
655 2281 713 2308 qure
729 2279 848 2310 tempore
865 2275 947 2302 dividi
968 2281 1090 2311 possunt.

199 2324 226 2351 l’.
255 2323 323 2350 Ἀλλ’
338 2325 369 2351 οὺ
380 2326 486 2356 ταυτὸν,
504 2328 580 2362 φησὶ,
592 2328 621 2354 τὸ
635 2329 780 2364 ἀγέννητον
793 2330 839 2357 καὶ
852 2331 881 2357 τὸ
893 2339 952 2365 γεν-

1039 2330 1073 2358 X.
1091 2331 1126 2358 At
1145 2331 1215 2358 enim
1229 2351 1237 2364 ,
1263 2332 1402 2366 inquiunt.
1423 2340 1476 2359 non
1501 2332 1570 2360 idem
1589 2339 1651 2362 sunt
1670 2338 1798 2369 genitum

162 2370 251 2404 νητὸν.
269 2371 299 2396 Εἰ
316 2371 344 2397 δὲ
363 2372 441 2398 τοῦτο
455 2373 522 2408 (79),
540 2374 600 2400 οὐδὲ
620 2375 633 2400 ὁ
650 2375 713 2407 Υἱὸς
730 2375 768 2411 τῷ
784 2377 872 2412 Πατρὶ
885 2386 950 2404 ταυ-

162 2416 217 2442 τόν.
236 2416 295 2442 Ὁτι
318 2416 367 2451 μὲν
384 2418 508 2451 φανερῶς
530 2420 543 2445 ὸ
565 2420 643 2454 λόγος
662 2418 738 2453 οὗτος
760 2422 884 2449 ἐκῧάλλει
904 2423 949 2450 τὸν

163 2461 226 2487 Υἱὸν
241 2461 290 2496 τῆς
307 2461 441 2497 θεότητος,
458 2465 473 2500 ἢ
493 2466 538 2492 τὸν
557 2467 676 2502 Πατέρα,
692 2467 717 2493 τί
729 2468 781 2503 χρὴ
796 2468 898 2502 λέγειν;
918 2470 948 2495 Εἰ

161 2505 215 2541 γὰρ
229 2506 259 2532 τὸ
271 2507 415 2543 ἀγέννητον
430 2510 506 2536 οὐσία
519 2511 597 2544 Θεοῦ,
610 2512 641 2538 τὸ
651 2513 777 2547 γεννητὸν
789 2514 838 2540 οὐχ
855 2515 932 2540 οὐσία
941 2523 947 2529 ·

160 2553 184 2577 εἰ
196 2551 224 2577 δὲ,
238 2551 327 2583 τοῦτο,
343 2555 392 2580 οὐκ
407 2555 503 2582 ἐκεῖνο.
518 2556 565 2587 Τίς
580 2557 687 2592 ἀντερεῖ
699 2557 791 2592 λόγος
811 2559 886 2585 Ἐλοῦ
896 2559 950 2586 τοί-

196 2663 252 2701 (68)
275 2668 365 2699 Τίνες.
393 2665 469 2694 Plato
494 2667 520 2693 in
539 2666 651 2701 Τὶηιωο,
676 2673 703 2695 et
721 2668 878 2697 Aristoteles
903 2671 946 2698 hic

159 2698 347 2733 designantur;

279 2736 461 2773 Ἁτέγγητοντ
477 2736 523 2764 0r.
538 2737 563 2769 1,
579 2738 716 2773 ἀγένητον.

182 2770 252 2807 ’(70)
274 2772 323 2809 Τιῖζ
336 2770 412 2809 εἶναι
430 2771 462 2798 τὸ
482 2770 691 2808 γεγεννῆσθὰι.
709 2773 773 2809 Reg.
789 2782 816 2809 ιι,
831 2775 860 2802 τὸ
879 2772 947 2802 εἶναι

159 2811 199 2838 τῳ
210 2807 402 2841 γεγεννῆςθαι.

197 2840 253 2871 (7t)
275 2840 393 2874 Θήὰεις.
413 2842 458 2869 0r.
473 2843 498 2873 1,
516 2842 614 2874 θέσεις.

278 2876 418 2914 frigitur.
428 2877 538 2914 700mb”
551 2878 675 2914 ψάμμου.

197 2909 253 2943 (75)
272 2912 306 2937 El
323 2909 356 2938 δὲ
382 2913 442 2945 σοί,
465 2917 517 2940 etc.
538 2909 598 2941 {Si
615 2909 661 2942 iibi
681 2915 863 2943 necessarium
889 2923 948 2944 esse

1003 2382 1030 2405 et
1050 2378 1217 2413 ingenitum;
1245 2385 1277 2405 ac
1293 2378 1416 2412 proinde,
1441 2386 1491 2406 nec
1513 2379 1598 2407 Filius
1619 2388 1679 2408 cum
1708 2381 1788 2409 Patre

1003 2423 1073 2451 idem
1100 2428 1151 2452 est.
1175 2424 1244 2458 Quid
1270 2432 1338 2459 opus
1362 2429 1404 2452 est
1427 2425 1531 2457 dicere,
1553 2426 1603 2453 hoc
1629 2431 1787 2460 argumento

1003 2468 1044 2496 vel
1060 2468 1179 2502 Patrem,
1195 2469 1236 2497 vel
1258 2469 1354 2497 Filium
1376 2478 1391 2497 a
1410 2470 1549 2498 divinitate
1570 2471 1711 2499 manifeste
1727 2473 1787 2500 sub-

1003 2515 1125 2542 moveri?
1141 2515 1169 2542 Si
1187 2515 1259 2542 enim
1282 2516 1429 2549 ingenitum
1444 2517 1563 2544 essentia
1585 2517 1631 2544 Dei
1651 2522 1702 2550 est,
1724 2525 1786 2553 pro-

1002 2560 1074 2588 fecto
1091 2561 1209 2596 genitum
1229 2562 1345 2589 essentia
1367 2569 1419 2589 non
1436 2563 1488 2589 erit
1506 2572 1513 2589 :
1537 2567 1582 2589 aut
1605 2563 1626 2590 si
1649 2564 1708 2596 hoc,
1724 2572 1787 2598 pro-

1000 2671 1105 2698 videtur
1121 2672 1234 2699 alterum
1250 2671 1347 2706 ubique
1359 2679 1482 2704 verum,»
1501 2677 1552 2700 etc.

1036 2707 1092 2746 (ῃ)
1113 2707 1151 2746 "_H
1170 2707 1377 2746 ἀληρεᾴεσθαι.
1398 2707 1480 2746 Deest
1496 2709 1512 2744 ἦ
1529 2709 1566 2746 in“
1574 2709 1677 2738 duobus
1700 2710 1783 2746 Regg.

1034 2742 1089 2775 (75)
1109 2741 1249 2768 Σεαυτοῦ.
1266 2742 1294 2767 lu
1312 2743 1456 2775 nonnullis,
1471 2741 1576 2771 ὲαύτοῦ.
1739 2741 1779 2770 ”“’.

1033 2776 1089 2811 (76)
1112 2776 1170 2810 Τῆς
1186 2776 1368 2810 διαζεύξεως.
1383 2777 1428 2805 Sic
1443 2779 1534 2813 plures
1548 2779 1633 2815 Regg.
1646 2785 1672 2808 et
1691 2779 1737 2808 0r.
1755 2779 1782 2808 1.

999 2811 1077 2838 Deest
1092 2811 1141 2838 τῆς
1157 2813 1181 2838 in
1201 2812 1245 2838 ed.

1021 2816 1077 2838 eest
1092 2819 1141 2842 της
1157 2816 1181 2838 in
1201 2816 1245 2838 ed.

1046 2846 1090 2880 77)
1111 2845 1158 2873 Τό.
1178 2845 1258 2874 Deest
1273 2847 1298 2873 in
1315 2846 1435 2881 pluribus
1449 2849 1527 2876 codd.

1046 2881 1088 2918 ῖξ)
1108 2882 1383 2918 Γεγξννημένωνκι
1395 2884 1469 2916 Quod
1485 2884 1603 2918 genitum
1617 2889 1684 2912 erat.
1694 2893 1706 2913 ι

1033 2916 1089 2950 (79)
1109 2918 1144 2944 Εἰ
1160 2916 1194 2943 δὲ
1210 2917 1307 2945 τοῦτο.
1328 2927 1336 2943 ι
1350 2917 1427 2950 Quod
1441 2919 1463 2947 si
1481 2916 1516 2946 ita
1530 2925 1581 2948 cst.
1593 2928 1602 2944 I
