2049 3131
266 173 300 200 87
875 179 904 207 δ.
925 179 1091 207 onmem!
1112 179 1283 208 ’l‘HEULOGI
1851 178 1885 206 εις

266 233 308 259 cul
331 234 412 262 dubio
430 242 483 262 non
501 235 577 263 illud.
591 236 657 269 Quis
670 237 742 265 enim
757 242 800 265 cst
820 239 865 272 qui
881 239 1045 266 contrarium

1102 248 1146 265 νυν
1157 239 1210 265 τῶν
1226 238 1358 266 ἀσεϐειῶν
1368 239 1501 274 ὁποτέραν
1519 238 1618 274 βούλει,
1635 234 1658 264 ὧ
1670 235 1814 276 καινὲ.λ(80)
1830 235 1886 262 θεο-

265 278 425 313 disputando
455 282 524 308 tueri
552 283 655 317 queat?
682 283 882 316 Quamobrem,
907 289 996 310 utram
1031 291 1047 310 ε

265 324 369 353 duabus
386 326 566 361 impietatibus
585 329 674 361 malis,
687 329 766 364 elige,
781 337 797 356 ο
819 337 887 358 nove
912 330 1046 365 tbeotoge,

263 370 395 404 siquidem
417 371 526 406 impiam
547 374 697 401 doctrinam
722 375 831 402 omnino
858 375 982 409 amplecti
1001 375 1047 402 tibi

265 416 430 448 propositum
443 422 492 444 est.
512 417 621 450 Deinde,
637 419 772 452 quomodo
790 419 936 453 ingenitum
954 424 980 446 et
1003 427 1049 454 ge-

265 461 348 488 nitum
367 470 419 489 non
437 463 505 489 idem
521 471 581 491 esse
598 465 683 492 dicis?
701 464 728 492 Si
750 472 797 500 per
813 466 869 493 lucc
882 465 964 492 verba
979 465 1046 496 nihil

264 508 335 534 aliud
359 509 498 544 intelligis,
513 517 592 544 quam
615 511 641 539 id
655 512 726 546 quod
751 512 900 539 increatutn
921 516 950 539 et
973 512 1046 547 quod

264 559 404 587 creatum,
430 554 456 581 in
481 556 574 583 eadem
599 556 655 590 ipse
683 565 790 592 quoque
816 565 876 584 sum
902 558 1046 584 sententia.

265 597 356 633 Neque
374 601 444 627 enim
461 606 554 629 natura
572 603 641 630 idem
662 607 704 630 est
726 603 797 638 quod
813 603 946 638 principio
963 608 1048 636 caret,

265 650 291 671 et
307 646 379 680 quod
395 653 564 681 procreatum
576 654 627 676 est.
644 649 692 676 Sin
708 654 796 676 autem
814 649 857 676 bis
870 650 959 676 verbis
973 657 1046 681 eum,

264 691 309 724 qui
328 693 429 726 genuit,
449 698 476 720 et
490 701 562 725 eum.
580 694 624 729 qui
640 695 746 728 genitus
760 700 812 726 est,
830 695 942 728 accipis.
958 695 1042 722 baud-

263 744 398 772 quaquam
434 744 507 766 recte
543 740 569 767 id
594 741 644 767 abs
675 745 700 768 te
737 741 846 768 dicitur.
881 741 951 769 Idem
976 741 1047 768 enim

263 783 374 810 munino
387 790 447 810 esse
469 791 580 813 necesse
600 790 650 813 est.
668 785 729 813 Haec
742 787 840 821 quippe
854 787 935 822 geniti
953 794 1048 814 naLura

264 833 315 861 est,
332 835 361 856 ut
383 830 465 863 idem,
486 832 508 858 si
524 836 648 859 naturam
669 838 784 867 spectes,
805 833 840 860 sit
865 841 926 860 cum
943 841 976 860 eo
1001 835 1044 868 qui

264 875 365 908 genuit.
379 875 426 902 Vel
445 877 478 903 ad
497 878 567 905 hunc
589 886 684 906 rursus
701 879 809 905 modum
831 886 943 913 agamus
957 887 964 905 :
979 879 1048 912 Quid

1101 284 1174 318 λὸγε,
1201 283 1281 319 εἴπερ
1306 284 1415 311 ἀσεϐεῖν
1435 286 1543 316 πάντως
1561 279 1742 313 ὲσπούδακᾶς.
1759 282 1882 314 Ἔπειτα,

1101 329 1160 360 πῶς
1174 330 1205 356 οὒ
1220 330 1317 357 ταυτὸν
1332 330 1421 364 λέγεις
1434 329 1489 365 (81)
1507 330 1539 356 τὸ
1551 329 1697 364 ἀγέννητον
1717 327 1765 354 καὶ
1779 326 1809 352 τὺ
1824 334 1886 359 γεν-

1101 375 1197 410 νητόν;
1211 376 1242 402 Εἰ
1255 375 1304 411 μὲν
1318 375 1349 402 τὸ
1364 376 1402 411 μὴ
1417 376 1541 410 ὲκτισμετ
1550 384 1584 407 ιν,
1600 374 1647 401 καὶ
1660 372 1828 408 ὲκτισμένον,
1841 371 1888 397 κὰ-

1101 420 1142 455 γὼ
1156 421 1285 456 δέχομαι·
1301 422 1333 448 οὐ
1346 421 1400 457 γὰρ
1415 422 1513 449 ταυτὸν
1527 423 1560 457 τῇ
1577 420 1656 455 φύσει
1670 419 1700 446 τὸ
1711 418 1827 453 ἄναρχον
1840 416 1887 442 καὶ

1101 467 1130 493 τὸ
1145 467 1312 502 κτιζόμενον.
1325 468 1355 495 El
1372 468 1400 494 δὲ
1419 468 1450 495 τὸ
1462 467 1636 503 γεγεννηκὺς,
1651 465 1697 493 καὶ
1709 464 1739 492 τὸ
1757 471 1887 498 γεγεννηκ-

1104 512 1194 547 μένον,
1211 512 1242 539 οὐ
1255 512 1352 540 ταυτὸν
1371 513 1472 547 λέγεις,
1486 513 1536 539 οὐκ
1549 511 1637 547 ὀρθῶς
1650 510 1769 544 λέγεται.
1783 506 1888 534 Ταυτδν

1102 557 1155 593 γὰρ
1167 555 1236 584 εἶναι
1250 559 1324 585 πᾶσα
1340 558 1446 594 ἀνάγκη
1456 567 1462 573 ·
1480 558 1551 593 αὕτη
1563 557 1618 592 γὰρ
1633 556 1714 592 φύσις
1727 554 1886 589 γεννήτορος

1102 603 1148 629 καὶ
1164 603 1331 638 γεννήματος
1349 603 1415 638 (Si),
1439 603 1536 630 ταυτὸν
1554 601 1624 628 εἶναι
1654 600 1693 635 τῷ
1713 597 1887 634 γεγεννηκότι

1102 648 1172 674 κατὰ
1193 648 1241 683 τὴν
1264 648 1345 683 φύσιν
1367 648 1397 675 τὸ
1420 648 1542 684 γέννημα
1561 647 1629 683 (85).
1650 647 1686 672 “ll
1701 644 1772 671 οὓτω
1789 643 1886 670 πάλιν·

1102 693 1163 725 Πῶς
1186 694 1276 728 λέγεις
1300 694 1331 721 τὸ
1354 695 1502 730 ἀγέννητον
1522 694 1570 720 καὶ
1585 694 1616 720 τὸ
1631 691 1774 727 γεννητόν;
1789 690 1820 716 Ei
1839 688 1887 724 μὲν

1101 739 1156 774 γὰρ
1174 739 1232 775 (84)
1246 740 1296 776 τὴν
1307 741 1469 776 ἀγεννησιαν
1485 739 1568 775 αὐτὴν
1584 739 1630 766 καὶ
1644 738 1692 774 τὴν
1706 737 1842 772 γέννησιν,
1855 734 1887 761 οὐ

1101 787 1198 813 ταυτὸν
1213 787 1270 821 (85)
1282 795 1290 803 ·
1309 787 1334 813 ει.
1352 787 1380 813 δὲ
1399 785 1440 818 οἷς
1454 786 1572 821 ὑπάρχει
1593 785 1690 817 ταῦτα,
1705 783 1762 814 πῶς
1779 783 1809 808 οὐ
1823 789 1888 807 ταυ-

1101 832 1161 861 τόν;
1183 833 1258 859 Ἐπεὶ
1271 833 1318 860 καὶ
1333 833 1363 860 τὸ
1376 834 1486 868 ἄσοφον,
1498 833 1584 859 καὶτὸ
1599 831 1691 865 σοφὸν,
1703 827 1827 863 ἀλλήλοις
1839 826 1901 862 μὲν.

1101 877 1132 904 οὗ
1146 878 1244 910 ταῦτὰ,
1260 879 1324 914 περὶ
1337 879 1433 906 ταυτὸν
1450 879 1479 905 δὲ
1494 879 1539 905 τὸν
1549 877 1707 912 ἄνθρωπον
1722 874 1769 902 καὶ
1783 873 1834 900 οὐκ
1844 871 1890 899 οὐ·

264 926 313 952 per
332 920 478 955 ingenitum
502 930 535 949 ac
549 923 668 956 genitum
685 922 830 957 intelligis?
854 922 882 950 Si
907 923 991 957 ipsam
1007 923 1048 950 in-

1102 922 1160 954 σῐας
1172 922 1277 957 τέμνει,
1293 924 1357 958 περὶ
1379 923 1408 949 δὲ
1420 923 1470 957 τὴν
1486 922 1571 957 αὐτὴν
1585 921 1678 948 οὐσίαν
1692 920 1832 954 τέμνεται.
1852 916 1888 943 Ἦ

264 965 346 997 geniti
363 970 390 993 et
405 968 486 1000 geniti
503 969 711 1002 proprietatem,
732 976 785 995 non
807 968 879 996 idem
895 972 970 995 sunt.
996 967 1044 995 Sin

264 1017 354 1040 autem
371 1020 411 1046 ea,
427 1013 525 1048 quibus
547 1015 603 1041 haec
618 1014 719 1047 insunt,
734 1014 798 1049 quid
816 1018 890 1040 vetat
903 1014 1047 1048 quominus

264 1057 334 1084 idem
356 1058 427 1085 sint?
450 1059 672 1094 Quandoquidem
699 1060 770 1094 quod
791 1060 922 1094 insipiens
939 1064 996 1091 est,
1020 1064 1049 1086 et

264 1103 383 1137 sapiens,
407 1105 476 1132 inter
498 1113 527 1133 se
547 1106 655 1140 quidem
681 1113 733 1132 nou
758 1105 827 1133 idem
851 1110 931 1137 sunt;
955 1111 1048 1132 verum

1103 968 1149 993 καὶ
1165 967 1196 994 τὸ
1211 967 1354 1000 ἀθάνατον,
1367 968 1414 995 καὶ
1430 968 1460 994 τὸ
1475 967 1589 999 ἄκακον,
1605 966 1652 993 καὶ
1667 965 1697 992 τδ
1712 963 1889 991 ἀναλλοίωτον

1100 1012 1180 1040 οὐσία
1197 1013 1265 1040 Θεοῦ
1278 1022 1285 1046 ς
1310 1014 1380 1040 Ἀλλ’
1394 1015 1419 1040 εἰ
1429 1012 1518 1044 τοῦτο,
1534 1012 1630 1038 πολλαὶ
1642 1011 1733 1038 οὐσίαι
1744 1009 1823 1041 Θεοῦ,
1841 1007 1890 1034 καὶ

1101 1059 1131 1085 οὐ
1145 1059 1208 1094 μία·
1222 1059 1238 1094 ἦ
1255 1060 1381 1087 σύνθετον
1394 1061 1426 1087 ἐκ
1442 1060 1545 1087 τούτων
1557 1059 1587 1086 τὸ
1597 1059 1683 1086 Θεῐον·
1700 1053 1733 1084 οὗ
1743 1056 1798 1091 γὰρ
1808 1056 1890 1083 ἀσυν-

1102 1103 1186 1136 θέτως
1200 1104 1297 1136 ταῦτα,
1310 1105 1390 1141 εἴπερ
1405 1105 1505 1132 οὐσίαι.

266 1150 339 1176 circa
377 1152 500 1177 eumdcnt
523 1151 659 1178 hominem
692 1151 924 1178 considerantur:
961 1156 1011 1176 nec
1037 1148 1204 1177 substantias
1227 1150 1363 1182 scindunt,
1400 1150 1448 1178 sed
1471 1150 1541 1177 circa
1566 1148 1688 1176 eamdem
1710 1144 1889 1175 substantiam

263 1195 433 1224 scinduntur.
448 1196 536 1229 Quid?
552 1197 593 1224 An
624 1197 706 1224 etiam
724 1198 925 1230 immortalitas,
957 1201 985 1224 et
1005 1196 1174 1228 innocentia,
1193 1200 1220 1223 et
1245 1196 1462 1229 immutabilitas,
1496 1195 1614 1223 essentia
1648 1194 1695 1222 Dei
1716 1192 1798 1220 sunt?
1816 1191 1852 1218 At
1864 1190 1888 1218 si

264 1243 300 1270 ita
322 1246 379 1274 est,
399 1242 488 1269 multa;
513 1241 558 1269 Dei
582 1243 708 1269 essentia:
725 1246 816 1274 erunt,
851 1250 904 1270 non
929 1249 982 1269 una
997 1250 1007 1269 :
1038 1245 1084 1268 aut
1104 1244 1178 1268 certe
1199 1240 1364 1275 compositus
1392 1248 1425 1267 ex
1452 1239 1494 1267 his
1515 1239 1585 1266 Deus
1607 1243 1669 1266 erit.
1699 1237 1791 1271 Neque
1815 1235 1889 1263 enim

264 1290 321 1317 hac
343 1289 410 1316 citra
437 1289 660 1323 compositionem
685 1296 746 1316 esse
775 1294 895 1323 queunt,
918 1289 941 1316 si
966 1288 1046 1316 modo
1064 1288 1188 1315 eSSentia:
1202 1292 1273 1315 sunt.

301 1337 345 1364 XI.
363 1336 425 1364 Ηιιιο
441 1337 548 1371 quidem
566 1337 636 1364 baud
648 1337 752 1364 dicunt.
768 1337 926 1365 Communia
950 1337 1049 1372 quippe

265 1384 378 1411 aliorum
399 1390 505 1417 quoque
515 1388 588 1410 sunt.
609 1382 686 1416 Quod
710 1388 799 1410 autem
822 1383 905 1410 solius
920 1383 967 1410 Dei
994 1389 1046 1417 est,

1137 1335 1189 1362 lA’.
1209 1335 1301 1362 Ταῦτα
1330 1336 1380 1370 μὲν
1408 1335 1439 1362 οὗ
1469 1343 1551 1370 φασι·
1579 1333 1657 1362 κοινὰ
1689 1333 1744 1369 γὰρ
1769 1333 1817 1360 καὶ
1843 1332 1892 1360 ἂλ-

1100 1382 1153 1409 λων
1171 1381 1236 1418 (86).
1254 1383 1287 1409 Ὃ
1306 1382 1335 1409 δὲ
1358 1381 1440 1418 μόνον
1459 1381 1526 1408 Θεοῦ
1543 1381 1590 1408 καὶ
1610 1381 1686 1413 ῐδιον,
1702 1379 1780 1406 τοῦτο
1799 1378 1888 1406 οὐσία.

267 1430 371 1465 ipsique
390 1430 497 1464 proprie
513 1428 592 1464 531
616 1429 751 1462 convenit,
782 1429 835 1457 hoc
855 1429 905 1464 ipsi
928 1430 1046 1458 essentia

1102 1431 1157 1458 Οὐκ
1165 1430 1198 1457 ἂν
1210 1430 1258 1466 μὲν
1270 1429 1476 1464 σνγχωρήσαιεν
1485 1425 1552 1454 εἶναι
1565 1427 1644 1462 μόνου
1656 1426 1724 1453 Θεοῦ
1736 1426 1766 1452 τδ
1773 1426 1889 1460 ἀγέννη-

264 1480 316 1503 est.
334 1475 416 1509 Atqui
442 1475 525 1502 solius
550 1475 597 1502 Dei
619 1474 766 1509 ingenitum
794 1481 864 1508 esse,
881 1475 991 1503 minime
1010 1475 1046 1502 illi

1102 1486 1155 1510 τον,
1169 1477 1193 1503 οἱ
1208 1484 1254 1503 και
1264 1482 1314 1511 την
1328 1473 1392 1510 ὕλην
1404 1473 1459 1509 (87)
1473 1474 1520 1500 καὶ
1531 1473 1580 1508 τὴν
1592 1472 1661 1499 ἰδέαν
1673 1471 1889 1505 συνεισάγοντες,

265 1521 460 1554 concesserint,
487 1520 532 1555 qui
549 1521 688 1548 materiam
703 1528 810 1555 quoque
837 1525 864 1548 et
878 1520 1004 1552 formam,
1019 1524 1048 1548 ut

1102 1523 1137 1554 ὡς
1149 1522 1293 1557 ἁγέννητα.
1305 1521 1342 1548 Τὸ
1351 1521 1404 1556 γὰρ
1422 1520 1580 1555 Μανιχαίων
1591 1523 1755 1556 πορρωτέρω
1768 1517 1890 1553 ῥίψωμεν

265 1566 410 1601 ingenitas,
423 1554 598 1592 induserunt.
612 1554 821 1592 Manicliazorum
836 1565 907 1593 enim
926 1567 1050 1593 tenebras

1103 1554 1200 1600 σκότος
1213 1554 1280 1604 (δὲ).
1297 1554 1368 1602 Πλὴν
1383 1554 1453 1593 iam
1471 1554 1553 1601 μόνου
1570 1554 1650 1592 osos;
1665 1565 1697 1591 Tt
1711 1565 1739 1591 δὲ
1754 1565 1768 1591 ὁ
1786 1563 1889 1598 Ἀὂάμ;

266 1612 371 1646 longius
383 1611 471 1638 adhuc
497 1611 680 1646 projiciamus.
697 1610 750 1638 Sed
767 1612 802 1638 sit
824 1618 890 1639 sane
906 1611 990 1639 solius
1005 1612 1050 1639 Dei

1102 1614 1133 1640 οὐ
1149 1614 1228 1649 μόνος
1244 1613 1359 1648 πλάσμα
1372 1612 1455 1645 Θεοῦ;
1470 1612 1526 1638 Καὶ
1538 1611 1619 1644 πάνυ,
1636 1611 1742 1646 φήσεις.
1765 1608 1827 1644 *Δρ*
1844 1607 1890 1636 οὖν

267 1658 425 1693 ingenitum.
451 1657 519 1690 Quid
533 1657 639 1684 Adam?
654 1656 751 1684 Nonne
765 1657 839 1684 solus
853 1665 868 1684 a
883 1658 938 1685 Deo
949 1657 1052 1685 eliictus

266 1704 328 1731 est?
351 1703 478 1736 Maxime,
510 1703 625 1737 inquies.
644 1702 740 1730 Utrum
762 1711 827 1737 ergo
851 1703 925 1731 solus
946 1711 1053 1738 quoque

267 1750 369 1778 homo?
393 1749 511 1776 Minime.
537 1748 650 1782 Quare?
679 1749 747 1781 Quia
772 1749 872 1777 etiictio
899 1750 1053 1778 humanitas

267 1804 320 1823 non
335 1800 386 1822 est.
402 1795 468 1822 Nam
483 1795 506 1821 is
518 1801 636 1828 quoque,
661 1794 707 1829 qui
727 1795 886 1830 progenitus
900 1799 953 1827 est,
974 1795 1053 1822 homo

267 1847 320 1869 est.
347 1842 446 1869 Eodem
464 1841 542 1868 modo
565 1847 615 1868 nec
632 1840 779 1875 ingenitum
801 1841 887 1868 solum
904 1842 974 1869 Deus
1001 1846 1052 1873 est,

267 1888 317 1915 etsi
344 1886 427 1914 solius
445 1886 543 1914 Patris.
564 1886 660 1913 Verum
683 1885 795 1914 admitte
824 1887 904 1914 etiam
932 1888 1052 1922 eumqui

268 1934 374 1968 genitus
388 1937 439 1966 est,
456 1932 539 1960 Deum
556 1938 624 1960 esse.
655 1931 692 1958 Ex
708 1932 762 1960 Deo
775 1930 874 1967 quippe
887 1937 939 1966 est,
960 1941 1055 1966 quam-

268 1981 335 2008 libet
349 1985 375 2007 tu
387 1979 505 2014 ingenito
516 1979 615 2006 faveas.
631 1979 671 2006 Ad
682 1978 738 2006 haec
752 1979 886 2014 quoatodo
902 1980 948 2007 Dei
962 1987 1054 2007 essen-

269 2026 334 2052 tiam
361 2025 440 2056 dicis,
462 2031 514 2051 non
531 2023 601 2058 ejus,
629 2023 699 2058 quod
729 2028 781 2056 est,
805 2024 976 2058 positionem,
1006 2027 1053 2053 sed

268 2072 337 2106 ejus,
353 2071 423 2106 quod
437 2078 490 2097 non
505 2074 546 2097 est
557 2069 772 2097 detractionem?
790 2069 845 2097 Vox
853 2070 925 2098 enim
939 2071 1054 2106 ingeniti

269 2118 414 2152 signiﬁcat,
425 2124 486 2144 eum
501 2116 609 2151 quidem
621 2116 805 2150 generationis
830 2122 969 2152 expertem
982 2126 1054 2152 esse,

270 2171 323 2190 non
341 2167 432 2189 autem
451 2161 571 2188 declarat
580 2161 707 2196 quidnam
719 2166 814 2188 natura
829 2169 878 2189 sua
894 2162 929 2190 sit
943 2163 970 2190 id
983 2165 1055 2197 quod

270 2211 444 2245 generatione
457 2215 547 2238 caret.
564 2210 690 2243 Quanam
715 2216 779 2244 ergo
795 2214 836 2237 est
851 2209 899 2237 Dei
919 2210 1054 2238 essentia?

270 2256 335 2284 Tua:
357 2261 399 2284 est
422 2256 563 2284 dementiae
581 2256 632 2283 boe
654 2255 755 2288 dicere,
779 2256 823 2290 qui
854 2256 1053 2290 generationem

270 2311 377 2338 quoque
401 2303 485 2338 ipsam
510 2303 588 2329 anxie
617 2301 794 2337 perscrutaris
826 2311 834 2328 :
860 2301 937 2328 nobis
963 2307 1054 2329 autem

307 2405 363 2441 (80)
382 2404 484 2432 Καινά.
505 2403 574 2430 Tres
589 2402 675 2435 Colb.,
701 2401 783 2429 Coisl.
799 2401 811 2428 1
831 2406 858 2428 et
877 2401 927 2429 0r.
941 2401 965 2434 1,
981 2401 1053 2433 κενέ,

275 2451 284 2468 Ι
299 2449 376 2468 vane.
388 2449 397 2465 I

307 2476 362 2511 (81)
384 2475 430 2511 Ob?
445 2471 683 2511 ταυτὸν-λέγεις.
701 2470 764 2499 Hzcc
779 2471 876 2498 desunt
892 2471 918 2498 in
935 2471 1057 2506 pluribus

272 2507 359 2546 nega;
370 2514 397 2537 et
413 2509 500 2546 tlolb..
511 2516 546 2546 ac
559 2508 585 2534 in
596 2508 646 2546 Or.
660 2507 686 2534 1.

309 2541 364 2582 ῦέῖ)
383 2545 464 2582 Mign
486 2544 541 2578 rin
564 2543 656 2582 φύιῖις
678 2541 858 2582 γεννήτορας
883 2541 932 2582 καὶ
952 2542 1058 2577 γεννή-

271 2577 374 2616 μαὶοξ.
390 2589 399 2606 ι
415 2579 475 2606 llzec
488 2577 586 2613 quippe
599 2577 734 2616 gignentis
749 2583 776 2604 et
790 2577 871 2616 prolis
889 2581 989 2616 natura
1002 2583 1053 2609 est,

271 2612 302 2642 i'l
318 2612 388 2644 idem
404 2622 452 2649 per
467 2612 589 2649 naturam
610 2619 671 2639 cum
693 2613 817 2649 gignente
829 2613 863 2639 sit
876 2621 903 2649 ει
919 2612 989 2645 quod
1010 2620 1056 2638 na-

272 2657 333 2677 tura
353 2647 473 2680 scilicet,
499 2648 602 2675 ratione
628 2647 821 2682 generationis.
847 2647 954 2681 utrique
979 2655 1054 2674 com-

273 2686 363 2713 munis
377 2685 422 2712 sit.
442 2683 522 2711 Deest
541 2683 702 2718 γεννήτρρος
718 2683 744 2708 in
765 2683 850 2709 tribus
867 2682 963 2717 lteggq
977 2683 1056 2716 quiu-

273 2729 325 2756 que
338 2719 454 2756 Coiihet
469 2718 517 2756 ΘΓ.
532 2719 556 2749 1,
573 2726 621 2744 nec
631 2717 873 2756 pilliusagnoscit.

311 2755 367 2791 (85)
388 2753 426 2791 Tt}
447 2753 600 2791 γέννημα.
631 2752 712 2780 Deest
737 2751 770 2779 in’
791 2753 896 2780 duobus
924 2751 1009 2788 Ἆρες.
1031 2756 1058 2779 et

274 2788 392 2827 quinque
406 2788 483 2817 Colb.

311 2825 367 2858 (84)
387 2823 459 2858 Γάρ.
477 2824 554 2850 Deest
569 2823 594 2850 in
610 2823 712 2849 duobus
726 2821 809 2858 liegg.
824 2827 852 2849 et
864 2821 910 2849 0r.
926 2822 950 2849 1.

310 2860 366 2895 18⁵5)
388 2857 509 2896 Taeter.
521 2859 630 2896 _Comb_..
644 2857 678 2896 το
688 2857 777 2896 αὐτόν.
916 2891 922 2896 .
1018 2891 1032 2896 Α,

310 2891 366 2928 (86)
386 2894 478 2923 Κοινὰ
496 2894 550 2927 γὰρ
571 2893 617 2920 καὶ
641 2893 751 2920 ἄλλων.
771 2902 780 2918 ι
795 2891 855 2920 llaec
880 2891 976 2926 quippe
1001 2891 1060 2920 aliis

1101 1660 1148 1687 καὶ
1172 1659 1252 1694 μόνος
1281 1659 1439 1694 ἄνθρωπος;
1463 1657 1606 1693 Οὐδαμῶς.
1631 1657 1663 1683 Τί
1686 1657 1717 1692 δή
1733 1656 1890 1688 ποτε;”οτι

1103 1706 1141 1742 μὴ
1153 1705 1329 1741 ἀνθρωπότης
1344 1705 1400 1740 (89)
1416 1705 1432 1740 ή
1448 1703 1546 1735 πλάσις
1558 1711 1564 1717 ·
1582 1702 1692 1737 καὶγὰρ
1707 1702 1738 1728 τὸ
1751 1701 1889 1736 γεννηθὲν,

1101 1751 1253 1788 ἄνθρωπος.
1269 1750 1363 1782 Οὕτως
1379 1750 1439 1777 οὐδὲ
1458 1749 1489 1776 τὸ
1506 1749 1651 1784 ἀγέννητον
1672 1748 1751 1783 μόνον
1766 1747 1842 1778 Θεὸς,
1865 1747 1891 1773 ει

1103 1798 1150 1824 καὶ
1165 1797 1246 1832 μόνου
1258 1796 1376 1832 Πατρός.
1401 1795 1481 1822 Ἀλλὰ
1491 1794 1564 1828 δέξαι
1579 1794 1625 1820 καὶ
1638 1794 1668 1820 τὸ
1682 1792 1810 1828 γεννητὸν
1822 1790 1891 1818 εἶναι

1103 1843 1186 1870 Θεὸν·
1203 1844 1236 1870 ἐκ
1259 1843 1329 1869 Θεοῦ
1351 1842 1417 1878 γὰρ,
1442 1842 1467 1868 εἰ
1485 1841 1533 1868 καὶ
1553 1840 1613 1867 λίαν
1638 1837 1664 1866 εἷ
1687 1837 1890 1873 φιλαγέννητος.

1105 1891 1231 1921 Ἔπειτα,
1251 1889 1310 1921 πῶς
1326 1888 1420 1915 οὐσίαν
1437 1887 1505 1914 Θεοῦ
1524 1887 1624 1921 λέγεις,
1641 1886 1672 1912 οὐ
1696 1885 1744 1919 τὴν
1756 1883 1804 1910 τοῦ
1816 1883 1892 1915 ὄντος

1104 1936 1187 1968 θέσιν,
1207 1935 1276 1962 ἀλλὰ
1285 1935 1335 1971 τὴν
1350 1934 1397 1961 τοῦ
1417 1935 1454 1970 μὴ
1464 1934 1539 1965 ὄντος
1552 1932 1692 1968 ἀναίρεσιν
1705 1941 1713 1964 ς
1731 1931 1768 1957 Τὸ
1779 1929 1839 1964 γὰρ
1854 1928 1892 1964 μὴ

1106 1981 1237 2017 ὑπάρχειν
1253 1979 1328 2015 αὐτῷ
1341 1979 1478 2014 γέννησιν,
1504 1979 1519 2006 ὁ
1539 1977 1618 2012 λόγος
1635 1975 1720 2012 δηλοῖ,
1734 1975 1782 2010 οὺχ
1802 1974 1816 2001 ὃ
1842 1974 1892 2008 τὴν

1105 2027 1186 2061 φύσιν
1212 2026 1271 2053 ἐστὶ
1291 2025 1466 2062 παρίστησιν,
1488 2024 1546 2051 οὐδ’
1569 2023 1584 2050 ὃ
1603 2022 1719 2058 ὑπάρχει
1733 2021 1788 2055 (90)
1809 2019 1839 2046 τὸ
1854 2019 1891 2054 μὴ

1104 2073 1165 2108 ἔχον
1180 2072 1316 2107 γέννησιν.
1333 2072 1380 2104 Τίς
1390 2069 1436 2098 οὖν
1452 2070 1530 2097 οὐσία
1541 2069 1624 2101 Θεοῦ;
1639 2068 1694 2103 Τῆς
1708 2067 1756 2102 σῆς
1766 2065 1893 2098 ἀπονοίας

1105 2119 1184 2146 τοῦτο
1202 2118 1305 2153 λέγειν,
1322 2118 1351 2150 ὃς
1370 2118 1606 2153 πολυπραγμονεῖς
1621 2115 1670 2142 καὶ
1686 2114 1735 2148 τὴν
1752 2113 1891 2148 γέννησινσ

1106 2166 1171 2201 ἡμῖν
1191 2165 1219 2192 δὲ
1236 2165 1316 2201 μέγα,
1338 2164 1390 2192 κᾶν
1402 2164 1459 2200 (91)
1471 2163 1563 2190 εἴποτε
1579 2162 1626 2189 καὶ
1648 2162 1688 2193 εἰς
1709 2160 1765 2196 (72)
1780 2159 1891 2194 ὕστερον

1071 2232 1092 2258 Β
1105 2211 1185 2238 τοῦτο
1196 2211 1338 2247 μάθοιμεν,
1353 2211 1476 2242 λυθέντος
1489 2211 1555 2246 ἡμῖν
1565 2208 1610 2258 τοῦ
1628 2207 1710 2242 ζόφου
1722 2206 1768 2234 καὶ
1780 2206 1830 2258 τῆξ
1845 2213 1893 2255 rra-

1107 2256 1232 2292 χύτητος,
1257 2257 1294 2290 ὡς
1311 2258 1328 2292 ἡ
1348 2256 1394 2284 τοῦ
1412 2256 1467 2292 (95)
1482 2253 1614 2290 ἀψευδοῦς
1629 2254 1783 2288 ὑπόσχεσις.
1808 2250 1894 2277 Τοῦτο

1109 2303 1159 2338 μὲν
1172 2302 1218 2331 οὖν
1239 2303 1285 2330 καὶ
1299 2302 1421 2335 νοείσθω,
1439 2303 1487 2329 καὶ
1502 2300 1652 2333 ὲλπιζέσθω
1672 2300 1728 2331 τοῖς
1743 2297 1790 2325 ἐπὶ
1806 2297 1893 2332 τούτῳ

1108 2404 1189 2430 etiam
1210 2403 1362 2430 communia
1386 2407 1484 2435 sunt,»
1505 2403 1642 2435 nimirum,
1661 2401 1774 2436 angelis,
1794 2400 1893 2434 quibus

1111 2439 1274 2465 conveniunt
1289 2445 1396 2473 quoque
1413 2438 1610 2470 immortalitas,
1627 2436 1778 2465 innocentia
1796 2441 1823 2463 et
1843 2436 1893 2462 im-

1108 2473 1283 2500 mutabilius.

1141 2508 1197 2543 (87)
1211 2510 1243 2534 οι
1256 2508 1305 2535 καὶ
1320 2507 1378 2541 τὴν
1389 2508 1477 2541 ὕλην.
1494 2508 1629 2535 Platonem
1643 2507 1740 2541 carpit.

1140 2543 1199 2578 (88)
1219 2543 1367 2578 Ῥίψωμεν
1397 2544 1514 2576 σκότος.
1543 2543 1589 2570 Οι·.
1609 2543 1634 2575 1,
1661 2542 1776 2570 secunda
1791 2549 1892 2578 manu,

1106 2577 1229 2614 ῥιψομεν,
1247 2577 1397 2610 Μςιιιίςιιωὶ,
1410 2579 1487 2613 juxta
1500 2578 1598 2610 Eliam,
1627 2588 1636 2604 ε
1652 2579 1775 2605 tenebras
1790 2577 1894 2611 ingeni-

1107 2620 1145 2640 tas
1155 2622 1164 2639 ι
1182 2615 1373 2647 agitnscebanl.

1142 2646 1258 2684 (89)”Mi)
1274 2649 1476 2682 ἀνθρωπότης,
1504 2653 1557 2675 etc.
1591 2657 1600 2674 ι
1615 2647 1772 2674 llnmanitas
1799 2646 1826 2673 in
1842 2646 1894 2674 hoc

1107 2685 1157 2712 sila
1173 2691 1225 2710 non
1236 2689 1288 2714 est,
1306 2690 1335 2709 ut
1352 2686 1411 2716 quis
1424 2685 1528 2710 ellictus
1541 2685 1585 2711 sit.
1600 2693 1609 2709 ι

1142 2718 1197 2753 (90)
1212 2718 1280 2745 οὺδ⁸
1290 2718 1305 2745 ὂ
1315 2718 1451 2754 ὑπάρχει.
1464 2718 1509 2746 Sic
1524 2719 1577 2746 duo
1593 2719 1689 2754 Ἆρες..
1705 2716 1787 2744 Coisl.
1804 2715 1830 2750 1,
1843 2716 1891 2743 0r.

1109 2753 1134 2785 1,
1148 2759 1202 2781 etc.
1221 2754 1298 2781 Deest
1308 2754 1323 2780 ὅ
1334 2755 1414 2780 ιιιιοιι.

1143 2789 1199 2823 (91)
1210 2788 1282 2815 Κάν.
1299 2789 1321 2816 Α
1332 2789 1492 2816 Coutbelisio
1506 2789 1636 2823 rejicitur.

1143 2825 1199 2858 (92)
1212 2823 1266 2850 Καὶ
1280 2825 1332 2856 θὶς.
1350 2823 1428 2850 Deest
1439 2825 1479 2856 εἰς
1495 2825 1520 2851 in
1537 2824 1601 2858 Reg.
1615 2831 1642 2851 a.

1145 2856 1199 2894 (95)
1225 2859 1270 2891 Ὠς
1287 2859 1302 2892 ἡ
1318 2858 1380 2886 τοῦ,
1393 2859 1474 2887 Coisl.
1493 2859 1517 2893 1,
1530 2856 1682 2899 ὼςξφητὶν,
1697 2859 1715 2893 ἡ
1727 2856 1786 2884 τοῦ.
