2049 3131
132 179 167 207 89
646 180 777 208 ORATIO
795 181 894 209 XXIX.
913 197 935 202 -

986 181 1188 210 ‘iiEOLOGlCA
1207 181 1249 208 111.
1731 182 1767 211 9,)

133 236 353 272 καθαιρομένοις.
374 237 468 273 Ἡμεῖς
487 237 516 264 δὲ
533 238 660 265 τοσοῦτον
680 239 768 266 εἰπεῖν
783 239 926 276 οαῤῥήσιιμ

986 240 1084 269 tbunde
1098 248 1223 275 magnum
1235 245 1317 275 atque
1330 240 1448 275 amplum
1460 240 1550 273 fuerit,
1561 240 1583 268 si
1593 241 1618 267 in
1632 244 1767 276 posterum

134 292 184 319 μεν
203 282 271 318 (9i),
296 283 337 310 ὅτι
354 283 378 310 εἰ
400 284 447 310 καὶ
466 284 536 319 μέγα
550 284 589 319 τῷ
605 285 703 321 Ila-.91,
720 285 751 312 τὸ
771 285 927 321 μηδαμόθεν

131 329 288 366 ὡρμῆσθαι,
306 330 356 356 οὐκ
375 329 484 356 ἔλαττον
497 330 536 366 τῷ
549 331 616 366 Υίῴ,
630 331 660 358 τὸ
676 332 709 359 ἐκ
727 332 850 359 τοιούτου
871 333 928 359 Πα-

131 375 206 411 τρός.
223 376 280 411 Τῆς
295 384 324 402 τε
342 374 396 411 γὰρ
410 375 456 402 τοῦ
471 376 591 403 ἀναιτίου
607 376 686 413 δόξης
704 377 812 412 μετέχοι
830 377 874 410 ἂν,
887 378 928 404 ὅτι

133 423 165 447 ὲκ
189 420 234 447 τοῦ
262 421 396 453 ἀναιτίου,
426 421 474 448 καὶ
498 422 630 458 πρόσεστι
656 422 686 449 τὸ
708 423 759 458 τῆς
774 424 929 459 γεννήσεως

134 468 251 502 πρᾶγμα
271 466 408 500 τοσοῦτον,
435 468 483 495 καὶ
510 468 581 496 οὕτω
614 469 761 506 σεϐάσμιον
789 469 846 506 (95)
871 471 928 502 τοῖς

136 513 173 548 μὴ
203 513 291 548 πάντη
322 514 505 548 χαμαιπετέσι
532 515 588 550 (96)
611 515 658 542 καὶ
676 515 778 547 ὑλικοῖς
796 515 846 552 τὴν
871 516 929 543 διά-

135 567 219 585 νοιαν.

977 294 1084 322 quoque
1101 287 1247 319 discamus,
1275 287 1362 314 soluta
1387 287 1513 314 videlicet
1537 287 1588 313 hac
1613 286 1727 321 caligine
1742 290 1770 313 et

977 334 1102 362 crassitie
1118 334 1152 366 ",
1169 338 1198 361 ut
1215 333 1350 368 pollicitus
1366 336 1408 360 est
1423 333 1456 367 is,
1470 332 1515 367 qui
1529 340 1581 360 non
1597 331 1768 359 mentitur“.

978 379 1048 414 Ergo
1064 379 1115 406 hoc
1134 380 1168 406 ab
1186 379 1240 411 liis,
1258 378 1304 414 qui
1319 379 1351 406 ad
1363 386 1423 406 eam
1443 385 1499 406 rem
1516 385 1576 405 sese
1595 382 1769 413 perpurgant,

978 425 1125 461 cogitetur,
1149 432 1181 452 ac
1195 429 1333 460 speretur.
1350 424 1403 452 Nos
1419 430 1508 452 autem
1523 424 1574 451 hoc
1589 424 1720 450 duntaxat
1730 422 1772 449 di-

980 478 1043 498 cere
1060 478 1113 498 non
1129 470 1323 504 dubitabimus,
1337 470 1359 498 si
1376 478 1502 505 magnum
1524 469 1597 496 Patri
1614 473 1656 496 est
1667 476 1681 495 a
1699 468 1772 495 nullo

980 516 1132 551 profectum
1160 523 1232 550 esse,
1263 523 1316 544 non
1343 517 1432 543 minus
1451 515 1553 542 illustre
1569 514 1638 542 Filio
1653 521 1722 545 esse,
1739 521 1772 541 ex

980 562 1027 589 tali
1041 562 1121 590 Patre
1134 563 1277 598 prodiisse.
1303 562 1370 589 Nam
1387 567 1566 596 praeterquam
1587 559 1658 596 quod
1680 560 1773 594 gloria:

135 605 217 636 illius,
234 606 280 640 qui
297 613 406 634 causam
422 614 436 633 a
459 606 531 634 nullo
544 608 634 639 habet,
650 608 784 644 particeps
795 613 847 641 est,
863 608 926 644 quia
938 615 970 635 ex
991 615 1024 636 eo
1041 612 1092 641 est,
1110 608 1215 636 accedit
1228 608 1309 636 etiam
1325 607 1508 642 generationis
1518 607 1612 638 decus,
1626 613 1669 633 res
1685 610 1771 639 tanta,

137 656 246 685 tamque
272 653 435 684 veneranda,
459 652 492 680 iis
514 653 619 688 utique,
643 654 688 689 qui
704 662 756 681 non
767 654 880 682 omnino
901 654 975 682 ltumi
1010 654 1144 689 provoluti
1170 658 1244 687 sunt,
1274 661 1421 689 crassoque
1444 654 1533 680 animo
1561 652 1676 688 praediti.

171 740 222 768 lB'.
246 741 316 769 Ἀλλ’
337 743 362 769 εί
381 742 489 775 ταυτὸν,
510 743 588 778 φασὶ,
609 743 623 769 ὁ
637 744 702 776 Υἱὸς
719 744 758 780 τῷ
774 744 861 780 Πατρὶ
873 745 928 780 (97)

134 788 197 814 κατ’
211 788 315 821 οὐσίαν,
335 788 482 824 ἀγέννητὸς
494 789 522 816 δὲ
541 789 555 816 ὁ
573 790 678 827 Πατὴρ,
698 790 774 816 ἔσται
790 790 870 816 τοῦτο
884 789 931 817 καὶ

134 835 149 860 ὁ
161 834 235 866 Υἱός.
249 834 358 866 Καλῶς,
376 834 454 870 εἴπερ
469 835 546 862 οὐσία
563 836 631 862 Θεοῦ
644 836 674 862 τὸ
688 836 846 870 ἀγέννητον,
866 836 899 862 ἵν’

1021 744 1077 772 Xll.
1089 743 1142 772 Sed
1158 743 1180 771 si
1195 743 1288 776 Filius,
1303 743 1438 778 inquiunt,
1454 747 1575 770 essentne
1585 742 1688 770 ratione
1702 741 1773 770 idem

984 799 1046 819 cum
1074 790 1155 817 Patre
1181 795 1234 822 est,
1251 789 1383 824 proiecto,
1401 796 1463 816 cum
1482 788 1617 824 ingenitus
1635 789 1671 815 sit
1682 788 1774 822 Pater,

985 837 1121 873 ingenitus
1149 844 1256 871 quoque
1286 835 1371 863 Filius
1388 836 1452 863 erit.
1480 835 1574 867 Recte,
1589 835 1611 862 si
1625 835 1774 871 ingenitum

133 889 177 912 τις
194 880 273 916 καινὴ
293 880 375 916 μίξις,
391 882 654 917 γεννητοαγέννητον
669 881 737 918 (98).
765 883 797 909 Εἰ
818 882 848 908 δὲ
864 882 930 917 περὶ

986 883 1101 911 essentia
1120 882 1166 910 Dei
1184 885 1269 915 esset,
1286 886 1316 908 ut
1332 882 1371 909 sic
1382 889 1450 909 nova
1466 881 1588 916 quaedam
1603 881 1693 908 mistio
1702 885 1775 909 esset

134 926 229 953 οὐσίαν
255 927 272 962 ἡ
294 926 420 962 διαφορὰ,
443 927 469 953 τί
483 927 573 959 τοῦτο,
593 928 630 959 ὼς
653 928 772 963 ἰσχυρὸν,
787 928 892 962 λέγεις;
909 928 926 963 ἢ

135 973 183 999 καὶ
200 973 232 999 σὺ
248 973 339 1008 πατὴρ
353 973 401 999 τοῦ
415 973 528 1009 πατρὸς,
545 974 590 1000 ἴνα
609 974 703 1010 μηδε.ὶ
718 974 799 1010 λείπῃ
821 973 868 1001 τοῦ
881 974 928 1001 σοῦ

136 1018 249 1054 πατρὸς,
267 1019 362 1055 ἐπειδὴ
377 1019 475 1045 ταυτὸν
487 1018 513 1045 εἴ
524 1020 583 1046 κατ’
598 1019 707 1053 οὐσίανς
721 1020 757 1046 Ἢ
775 1020 862 1055 δῆλον,
876 1020 927 1052 ὅτι,

135 1064 186 1099 τῆς
203 1064 332 1100 ἰδιότητος
345 1064 401 1100 (99)
419 1065 548 1100 ἀκινήτου
562 1065 706 1101 μενούσης,
721 1065 873 1102 ζητήσομεν
884 1066 930 1092 οὐ·

137 1110 198 1137 σίαν
211 1110 289 1142 θεοῦ,
302 1111 362 1146 1ήτις
376 1110 442 1137 ποτέ
460 1111 542 1144 ἐστιν,
559 1111 638 1146 εἴπερ
646 1111 800 1148 ζητήσομεν
809 1121 816 1145 ;
826 1113 888 1139 ’Ότι
901 1112 930 1139 δὲ

136 1156 167 1181 οὐ
196 1155 294 1182 ταυτὸν
314 1156 460 1190 ἀγέννητον
483 1156 531 1182 καὶ
547 1155 623 1189 Θεὸς,
644 1154 696 1184 ὦδε
716 1157 750 1185 ἂν
773 1157 885 1190 μάθοις·
898 1158 929 1185 Ei

137 1201 235 1228 ταυτὸν
253 1199 298 1237 ἦν,
319 1201 371 1228 ἔδει
395 1202 514 1235 πάντως,
532 1203 626 1238 ἐπειδὴ
641 1203 722 1230 τινῶν
745 1204 809 1235 Θεὸς
825 1205 839 1231 ό
853 1204 929 1236 Θεὸς,

138 1246 218 1272 τινῶν
235 1243 304 1273 εἶναι
315 1247 399 1273 καὶτὸ
410 1247 566 1283 ἀγέννητον·
578 1248 594 1283 ἦ
605 1248 667 1274 ἐπεὶ
682 1248 796 1284 μηδενὸς
810 1248 840 1274 τὸ
852 1248 931 1283 ἀγέν-

138 1299 227 1327 νητον,
237 1292 304 1328 μηδὲ
314 1293 359 1320 τὸν
372 1293 438 1319 Θεὸν
450 1291 518 1319 εἶναι
529 1294 609 1320 τινῶν
623 1301 630 1309 ³
646 1294 680 1321 τὰ
697 1294 750 1330 γὰρ
767 1294 853 1329 πάντη
864 1303 930 1321 ταυ-

139 1337 182 1370 τὰ,
192 1338 239 1364 καὶ
249 1338 349 1373 ὁμοίως
357 1338 513 1374 ἐκφέρεται.
523 1339 603 1366 Ἀλλὰ
617 1339 669 1375 μὴν
678 1339 708 1365 οὐ
721 1339 801 1366 τινῶν
812 1340 841 1366 τὸ
850 1339 930 1374 ἀγέν-

139 1392 229 1418 νητον,
238 1383 317 1410 τίνων
328 1384 382 1420 γάρ
392 1393 399 1417 ;
409 1385 456 1411 καὶ
466 1385 547 1411 τινῶν
555 1385 621 1417 Θεὸς
635 1385 649 1411 ὁ
662 1385 737 1417 Θεὸς,
749 1385 857 1412 πάντων
867 1385 929 1421 γάρ.

140 1431 202 1462 [Ιῶς
215 1428 261 1458 οὖν
276 1430 310 1457 ἂν
325 1431 367 1466 εἴη
384 1431 481 1458 ταυτὸν
496 1432 561 1463 Θεὸς
574 1432 620 1458 καὶ
632 1431 793 1468 ἀγέννηνονς
811 1432 866 1459 Καὶ
881 1432 933 1459 πά-

140 1476 191 1510 λιν,
212 1477 305 1514 ἐπειδὴ
318 1477 349 1504 τὸ
360 1478 516 1513 ἀγέννητον,
538 1479 584 1504 καὶ
599 1478 629 1504 τὸ
642 1478 769 1514 γεννητὸν
784 1479 933 1506 ἀντίκειται

140 1522 273 1558 ἀλληλοις,
297 1523 335 1555 ὡς
356 1523 411 1556 ἕξις
432 1524 478 1550 καὶ
495 1523 632 1559 στέρησις,
649 1524 756 1559 ἀνάγκη
775 1525 822 1551 καὶ
838 1524 933 1556 οὐσίας

141 1569 297 1619 εἰσαχθῆναι
306 1570 542 1606 (1)ἀντικειμένας
556 1570 694 1607 ἀλλήλαις,
704 1571 771 1605 ὅπερ
780 1571 810 1598 οὐ
818 1571 931 1598 δέδοται.
948 1591 970 1619 C

141 1615 187 1646 Ἢ,
200 1614 292 1650 ἐπειδὴ
301 1615 381 1641 πάλιν
393 1616 420 1641 αἱ
431 1615 501 1648 ἕξεις
515 1615 567 1642 τῶν
578 1617 731 1652 στερήσεων
739 1616 878 1651 πρότεραι,
888 1617 935 1644 καὶ

142 1663 312 1698 ἀναιρετικαὶ
337 1663 392 1690 τῶν
403 1663 486 1696 ’ἐξεων
503 1663 532 1690 αἱ
550 1665 703 1699 στερήσεις,
719 1663 756 1699 μὴ
773 1664 852 1699 μόνον
870 1672 938 1699 πρε-

143 1708 275 1744 σϐυτέραν
288 1707 358 1735 εἶναι
375 1709 424 1744 τῆς
441 1709 486 1736 τοῦ
505 1709 611 1745 Πατρὸς
623 1710 718 1741 οὐσίας
733 1712 781 1745 τὴν
796 1709 843 1736 τοῦ
860 1709 936 1743 Υἱοῦ,

144 1754 210 1781 ἀλλὰ
230 1755 278 1781 καὶ
295 1755 407 1791 ἀναιρου
411 1755 495 1791 μένην
506 1755 558 1781 ὑπὸ
569 1755 616 1781 τοῦ
626 1755 741 1791 Πατρὸς,
753 1755 813 1781 ὅσον
824 1755 870 1781 ἐπὶ
878 1756 938 1787 ταῖς

144 1801 204 1832 σαῖς
216 1801 371 1828 ὑποθέσεσι.

982 928 1251 964 genito-ingenitum.
1274 927 1341 954 Cum
1364 931 1453 954 autem
1477 926 1530 953 hoc
1544 927 1687 954 discrimen
1702 926 1775 954 circa

981 975 1128 1003 essentiam
1151 974 1351 1005 consideretur,
1368 974 1432 1009 quid
1452 978 1478 1001 ιιι
1496 974 1547 1000 hoc
1568 973 1645 1007 quasi
1667 972 1774 999 iirmutn

983 1021 1110 1056 quiddam
1128 1020 1258 1055 profers?
1282 1020 1324 1047 An
1340 1025 1367 1047 tu
1393 1027 1500 1054 quoque
1523 1019 1609 1054 patris
1634 1023 1710 1054 pater
1734 1025 1774 1052 es,

985 1071 1013 1094 ut
1043 1067 1116 1094 nulla
1143 1074 1173 1094 re
1199 1074 1213 1093 a
1230 1070 1306 1101 patre
1326 1071 1372 1093 tuo
1386 1065 1533 1099 supereris,
1558 1063 1774 1099 quandoquidem

983 1113 1101 1140 essentia
1117 1113 1188 1139 idem
1209 1120 1271 1140 eum
1288 1119 1320 1139 eo
1338 1111 1388 1138 es?
1411 1110 1504 1138 Nonne
1529 1109 1700 1145 perspicuum
1721 1114 1774 1143 est,

984 1159 1150 1193 proprietate
1165 1157 1217 1184 lixa
1230 1162 1257 1185 et
1279 1157 1368 1184 stabili
1391 1161 1574 1192 permanente,
1602 1155 1774 1189 quterendum

986 1204 1066 1231 nobis
1091 1211 1151 1231 esse
1176 1211 1236 1238 qute
1263 1204 1298 1231 sit
1316 1203 1361 1231 Dei
1377 1203 1506 1234 essentia,
1523 1201 1545 1228 si
1567 1205 1657 1228 tamen
1674 1207 1704 1227 ca
1722 1199 1776 1228 ullo

985 1250 1065 1276 modo
1077 1250 1221 1284 quzerenda
1230 1250 1291 1277 est?
1306 1249 1382 1282 Quod
1396 1253 1485 1276 autem
1497 1247 1645 1282 ingenitum
1663 1251 1690 1274 et
1705 1247 1776 1278 Deus

986 1294 1058 1322 idem
1078 1302 1131 1322 non
1156 1295 1222 1326 sint,
1247 1294 1308 1322 binc
1324 1294 1381 1321 fere
1407 1293 1548 1328 intelliges.
1572 1292 1600 1319 Si
1614 1291 1686 1318 enitn
1704 1291 1776 1318 idem

983 1346 1087 1375 essent,
1120 1348 1232 1376 prorsus
1261 1340 1341 1376 532
1370 1344 1517 1375 oporteret,
1543 1339 1670 1374 quoniam
1706 1339 1776 1365 Deus

984 1389 1165 1424 quorumdam
1182 1389 1254 1416 Deus
1279 1392 1330 1420 est,
1357 1387 1534 1422 quorumdatn
1549 1393 1657 1421 quoque
1670 1385 1778 1420 ingeni-

986 1440 1042 1463 tum
1058 1442 1119 1463 esse
1142 1443 1150 1462 ς
1170 1440 1216 1462 aut
1230 1438 1336 1466 contra,
1362 1434 1488 1468 quoniam
1515 1433 1663 1468 ingenitum
1677 1432 1777 1459 nullius

986 1487 1038 1514 est,
1048 1489 1098 1509 nec
1115 1481 1197 1509 Deum
1211 1488 1319 1516 quoque
1333 1479 1511 1515 quorumdam
1538 1487 1610 1507 esse.
1632 1479 1697 1505 Nam
1716 1485 1777 1513 qua:

986 1529 1098 1556 omnino
1108 1528 1204 1555 eadem
1220 1532 1292 1560 sunt,
1319 1527 1445 1554 sitniliter
1459 1526 1540 1553 etiam
1565 1525 1722 1552 ell'eruntur.
1743 1524 1778 1550 At

987 1573 1136 1608 ingenitum
1166 1577 1219 1600 non
1244 1573 1423 1608 quorumdam
1449 1576 1491 1599 est
1514 1572 1638 1606 (quorum
1659 1569 1776 1604 mimi),

988 1621 1059 1647 Deus
1072 1627 1136 1646 vero
1153 1619 1332 1657 quorumdam
1352 1619 1422 1646 Deus
1449 1623 1501 1650 est,
1519 1618 1639 1645 omnium
1668 1616 1778 1650 quippe.

987 1667 1046 1699 Quo
1061 1674 1126 1702 ergo
1140 1667 1219 1693 modo
1237 1665 1307 1693 idem
1323 1669 1405 1692 erunt
1426 1665 1497 1692 Deus
1510 1668 1537 1692 et
1551 1662 1720 1698 tngeuitum?
1739 1662 1779 1689 Ac

986 1718 1091 1743 rursus,
1106 1711 1235 1745 quoniam
1251 1710 1401 1745 ingenitum
1422 1714 1449 1736 et
1465 1709 1584 1745 genitum
1602 1708 1676 1735 inter
1688 1715 1716 1734 se
1730 1715 1779 1742 op-

986 1760 1132 1789 ponuntur,
1147 1759 1176 1782 ut
1190 1755 1299 1782 habitus
1313 1760 1340 1782 et
1354 1755 1479 1789 privatio,
1496 1753 1660 1781 substantias
1672 1756 1780 1786 quoque

987 1801 1058 1828 inter
1071 1808 1100 1829 se
1116 1801 1254 1836 oppositas
1269 1801 1359 1828 induci
1391 1806 1503 1828 necesse
1527 1803 1578 1832 est,
1605 1798 1676 1833 quod
1701 1805 1780 1825 nemo

145 1848 320 1874 concesserit.
339 1848 390 1875 Aut
413 1855 528 1881 .rursus,
551 1847 679 1882 quoniam
711 1847 821 1875 habitus
849 1846 1043 1882 privationibus
1075 1847 1179 1882 priores
1201 1852 1274 1880 sunt,
1289 1854 1321 1874 ac
1337 1846 1501 1881 privationes
1520 1845 1629 1873 habitus
1647 1844 1720 1879 ipsos
1732 1851 1781 1871 ex-

146 1893 296 1927 stinguunt,
317 1901 369 1919 non
395 1892 480 1920 solum
494 1891 630 1924 antiquior
643 1892 696 1918 erit
718 1891 779 1919 Filii
803 1892 931 1926 essentia,
951 1899 1032 1925 quam
1060 1892 1149 1921 Patris

147 1941 226 1968 Patre
238 1939 436 1973 exstinguetur,
455 1946 486 1965 ac
501 1939 533 1964 de
547 1938 635 1965 medio
650 1937 768 1965 tolletur.

183 1986 232 2013 lF'.
255 1984 304 2016 Τίς
322 1984 363 2011 ἔτι
378 1984 456 2019 λόγος
470 1985 562 2016 αὐτοῖς
577 1984 631 2011 τῶν
642 1983 789 2018 ἁφύκτων;
809 1984 887 2020 Τάχα
907 1984 941 2012 ἂν

148 2032 192 2059 ἐπ’
209 2032 297 2058 ἐκεῖνο
308 2030 491 2065 καταφύγοιεν
502 2030 666 2062 τελευταῖον,
680 2029 718 2061 ὡς
733 2029 764 2056 Ei
782 2029 832 2065 μὲν
843 2031 874 2057 οὐ
892 2030 941 2056 πέ-

149 2085 251 2104 παυται
269 2075 316 2102 τοῦ
336 2076 432 2110 γεννᾷν
450 2075 464 2101 ὁ
483 2075 559 2107 Θεὸς,
579 2074 677 2109 ἀτελὴς
698 2075 714 2109 ἡ
732 2074 868 2110 γέννησις.
886 2074 942 2101 Καὶ

150 2123 214 2149 πότε
229 2122 380 2154 παύσεταις
394 2122 425 2148 Ei
437 2121 465 2147 δὲ
478 2121 625 2152 πέπαυται,
642 2121 750 2152 πάντως
766 2120 814 2147 καὶ
829 2119 939 2156 ἤρξατο.

151 2169 234 2196 Πάλιν
250 2168 276 2194 οἱ
295 2168 447 2203 σωματικοί
466 2167 501 2193 τὰ
529 2166 673 2202 σωματικά
696 2166 744 2201 (‘2).
768 2165 839 2200 Ἐγὼ
864 2165 903 2198 δὲ,
917 2166 942 2192 ει

152 2215 201 2250 μὲν
211 2214 295 2241 ἀΐδιον
309 2213 383 2249 αὒτῷ
398 2213 430 2241 τὸ
441 2212 587 2248 γεννᾶσθαι
602 2213 618 2247 ἢ
638 2212 687 2248 μὴ,
704 2211 781 2239 οὓπω
791 2211 872 2246 λέγω,
890 2212 943 2244 ἓως

151 2261 183 2287 ἂν
199 2261 241 2292 τὸ,
259 2260 319 2294 Πρὸ
333 2259 453 2286 πάντων
464 2258 589 2292 ,Βουνῶν
603 2257 697 2293 γεννᾷ
710 2266 759 2293 με,
784 2257 945 2294 ἀκριϐέστε-

153 2314 198 2342 ρον
218 2305 255 2341 (5)
272 2305 474 2340 ὲπισκὲψωμαι.
491 2305 547 2340 Οὐχ
562 2304 618 2339 ὀρῶ
628 2303 667 2334 δὲ.
679 2304 721 2335 τίς
743 2305 760 2339 ἡ
774 2303 881 2338 ἀνάγκη
897 2303 944 2334 τοῦ

152 2353 240 2386 ὶΰγου.
262 2352 293 2379 El
314 2352 369 2387 γὰρ
389 2349 490 2387 ἦρκται
511 2350 571 2377 κατ’
590 2349 689 2381 αὐτοὺς
712 2349 742 2375 τὸ
763 2350 944 2385 παυσόμενον,

1166 1913 1174 1925 ,
1203 1893 1249 1920 sed
1274 1893 1358 1920 etiam
1372 1892 1468 1926 ,juxta
1484 1891 1647 1926 bypotheses
1675 1895 1746 1923 tuas,
1764 1898 1779 1917 a

1026 1983 1097 2011 Xlii.
1123 1983 1192 2017 Quid
1224 1982 1312 2010 adhuc
1342 1985 1466 2017 superest
1500 1988 1533 2008 ex
1562 1979 1782 2008 ineluctabilibus

992 2030 1121 2063 ipsorum,
1146 2032 1176 2055 ut
1190 2031 1296 2062 putant.
1311 2026 1497 2061 argumentis?
1513 2026 1642 2053 Fortasse
1663 2026 1697 2052 ad
1716 2025 1781 2052 illud

992 2078 1156 2109 postremum
1173 2073 1329 2108 confugient
1342 2082 1348 2099 :
1363 2072 1391 2100 Si
1405 2071 1477 2100 Deus
1496 2072 1619 2108 gignendi
1633 2072 1712 2100 linem
1726 2081 1780 2101 non

992 2119 1066 2153 fecit,
1087 2120 1244 2155 imperfecta
1271 2124 1312 2148 est.
1337 2121 1485 2156 generatio.
1509 2121 1541 2148 Et
1565 2121 1672 2156 quando
1700 2121 1780 2148 linem

992 2165 1114 2194 facturus
1128 2166 1191 2193 est?
1218 2166 1247 2193 Si
1269 2171 1359 2194 autem
1387 2166 1498 2202 gignere
1517 2166 1644 2199 cessavit,
1670 2167 1782 2193 omnino

993 2219 1100 2246 quoque
1120 2212 1211 2246 cmpit.
1229 2212 1275 2240 Sic
1286 2220 1379 2240 rursus
1405 2213 1492 2240 crassi
1523 2217 1550 2240 et
1564 2212 1686 2247 corporis
1701 2215 1782 2240 rebus

994 2257 1065 2285 aiIixi
1085 2258 1211 2286 homines
1237 2266 1382 2293 corporeas
1410 2259 1629 2287 ratiocinationes
1655 2258 1784 2286 ati'erunt.

993 2303 1050 2339 Ego
1065 2310 1129 2331 vero
1145 2304 1184 2332 sic
1213 2305 1364 2339 respondeo
1382 2314 1390 2332 :
1411 2303 1645 2338 Sempiternumne
1661 2304 1697 2330 sit
1713 2303 1785 2330 Filio

995 2350 1082 2382 nasci,
1099 2357 1197 2381 necne,
1213 2350 1330 2377 nondum
1349 2349 1419 2380 dico.
1438 2350 1614 2384 quoaduSque
1630 2349 1694 2376 illud
1706 2348 1782 2376 Scri~

153 2401 202 2426 οὺχ
216 2397 319 2434 ἦρκται
329 2399 438 2430 πάντως
452 2397 483 2424 τὸ
497 2397 536 2433 μὴ
545 2396 726 2431 παυσόμενον.
736 2395 769 2422 Τί
779 2396 868 2422 τοίνυν
879 2395 935 2422 ἀπο

995 2399 1080 2428 plura:
1099 2403 1105 2422 :
1121 2394 1188 2422 Ante
1209 2403 1298 2422 omnes
1325 2395 1403 2422 colles
1418 2395 1499 2430 gignit
1515 2403 1556 2422 me
1568 2395 1602 2428 ‘5,
1630 2394 1784 2422 accuratius

154 2445 301 2480 φανοῦνται
316 2444 381 2479 περὶ
392 2444 491 2479 ψυχῆς,
509 2443 526 2479 ἢ
540 2443 589 2478 τῆς
604 2441 754 2477 ἁγγελικῆς
771 2442 894 2477 (pessum;
911 2442 942 2468 Ei

155 2491 203 2526 μὲν
215 2488 326 2525 ἦρκται,
340 2490 387 2516 καὶ
401 2488 549 2516 παύσεται·
569 2490 593 2515 εἰ
605 2488 634 2515 δὲ
648 2488 678 2514 οὐ
690 2487 835 2519 παύσεται,
853 2487 942 2523 δῆλον,

154 2538 194 2563 ὅτι
216 2536 275 2563 κατ’
287 2536 384 2568 αὐτοὺς
400 2535 460 2562 οὐδὲ
471 2533 582 2571 ἦρκται.
600 2533 680 2561 Ἀλλὰ
699 2533 753 2569 μὴν
767 2534 814 2560 καὶ
831 2531 944 2569 ἦρκται,

194 2604 235 2632 ¹¹Ι
250 2605 329 2634 Joan.
348 2614 389 2639 ut,
404 2605 431 2632 2.
471 2605 494 2621 η
508 2604 561 2632 Tit.
573 2612 594 2638 ι,
612 2604 640 2631 2.
675 2604 698 2620 ³⁸
714 2603 793 2631 Prov.
810 2610 869 2636 vttt,
882 2603 928 2630 ‘25.

192 2684 249 2717 (94)
262 2682 473 2718 Θαρῤήσωμεν.
489 2682 546 2710 Duo
570 2682 667 2718 itegg.,
679 2682 753 2711 0r.i
783 2686 809 2710 et
832 2681 938 2714 Comb.,

159 2718 332 2756 θαρρήσομεν

195 2753 251 2789 (95)
265 2753 440 2787 Σεϐἀσμιον.
459 2753 526 2788 Reg.
543 2761 569 2785 a,
585 2753 693 2789 σεμνόν.

194 2787 250 2825 (96)
267 2788 472 2825 Χᾳμιιπετέσι.
488 2787 576 2825 Coisl.
590 2787 797 2825 1.’χαμερπέσι.

196 2822 252 2858 (97⁷)
266 2822 421 2858 ΤῷΠατρι.
435 2825 514 2851 Deest
526 2824 552 2851 in
570 2822 709 2857 iiegfbin.

197 2859 253 2895 (98)
276 2859 585 2895 I‘evrqtoarérruzor.
612 2860 670 2887 Btil.
703 2859 736 2887 ad
766 2866 864 2894 tnarg.,
886 2858 947 2892 γέν-

162 2904 231 2927 ut:
242 2895 380 2930 γέννητον.

998 2442 1164 2476 expendere.
1181 2441 1247 2468 illud
1263 2446 1353 2469 autem
1375 2450 1428 2469 non
1450 2441 1538 2474 video,
1561 2448 1641 2476 quant
1659 2446 1785 2468 necessa-

998 2488 1067 2514 riutn
1085 2488 1121 2514 sit
1141 2488 1192 2515 hoc
1206 2495 1300 2515 eorttm
1327 2492 1529 2523 argumentum.
1544 2487 1573 2514 Si
1592 2487 1675 2520 enim,
1690 2491 1720 2513 ut
1734 2485 1783 2521 ipsi

999 2534 1085 2566 aiunt,
1101 2534 1246 2569 aliquando
1263 2535 1289 2562 id
1319 2535 1412 2570 coepit,
1425 2535 1496 2570 quod
1522 2535 1602 2562 linem
1628 2533 1784 2562 habiturum

1031 2680 1088 2752 (99)
1111 2681 1275 2714 ἰδιότητος.
1295 2681 1369 2713 Pan,
1383 2679 1543 2715 ἀῖδιότητος.
1570 2714 1582 2719 _

1046 2716 1071 2751 1)
1092 2716 1286 2750 Εἱσαχθῆναι.
1299 2717 1406 2748 Comi)..
1423 2715 1582 2752 ἀντεισαχθη

1046 2716 1071 2751 1)
1092 2716 1286 2750 Εἱσαχθῆναι.
1299 2717 1406 2748 Cutnl).,
1423 2715 1631 2751 ἀντεισαχθῆνα.

1033 2750 1072 2786 (2)
1089 2753 1120 2778 Οὶ
1140 2752 1300 2787 σωματικοὶ
1322 2753 1358 2778 τὰ
1370 2750 1532 2787 σωματικά.
1559 2750 1705 2785 (υυῑνυιέἰ
1722 2757 1784 2776 (ξομ

997 2795 1320 2859 ῐ1οὲἐῖἰζκριΰέο-τιτρον.
1346 2822 1412 2858 Reg.
1435 2823 1490 2857 bm,
1518 2827 1632 2858 quatuor
1656 2820 1731 2849 Colit.
1755 2822 1784 2848 et

998 2858 1045 2887 0r.
1067 2858 1092 2893 1,
1116 2859 1247 2894 ἀκριϐῶς.
