2049 3131
265 146 294 174 9t
870 147 898 174 s.
921 147 1085 176 GREGORII
1105 149 1276 179 TIIEOLOGI
1852 147 1885 175 92

262 209 315 233 est,
335 200 455 237 profecto
475 201 498 227 id
515 209 565 228 non
579 203 670 237 ccepit,
691 202 761 236 quod
779 202 856 230 ﬁnem
874 211 925 230 non
943 209 986 231 est
1002 205 1051 231 ha—

1117 207 1150 232 ταὶ
1177 207 1205 233 οὺ
1234 215 1375 233 παύσεται.
1398 208 1453 232 υυκ
1471 207 1524 242 ἄρα
1540 203 1640 242 ἦρκται
1661 205 1720 232 κατ’
1745 205 1839 235 αὐτοὺς
1858 205 1887 230 τὸ

264 247 394 274 biturum.
417 247 486 280 Quid
505 255 570 281 ergo
590 248 622 274 de
641 248 731 275 anima
753 248 795 275 vel
815 249 848 276 de
864 250 983 283 angelica
1005 258 1052 277 na-

264 298 324 319 tura
341 293 571 327 pronuntiabunt?
600 293 628 321 Si
652 295 813 330 principium
845 295 947 329 habuit,
972 297 1051 324 ﬁnem

263 345 372 372 quoque
386 337 494 364 habebit
518 346 525 364 :
542 338 564 365 si
579 343 668 366 atttem
695 339 746 367 line
760 341 874 373 carebit,
907 342 1052 369 secundum

264 391 311 409 eos
327 384 416 418 utique
432 384 563 418 principio
580 392 687 419 quoque
709 385 778 413 hanc
797 386 921 413 caruisse
936 392 1051 414 constat.

265 429 346 464 Atqui
362 434 388 456 et
405 430 564 464 principium
583 430 687 462 habuit,
713 439 762 459 nec
777 439 894 467 unquam
909 440 969 460 esse
981 433 1054 460 desi-

266 479 321 503 net.
350 474 458 502 Falsum
484 480 526 502 est
538 477 625 510 itaque
639 477 709 511 quod
722 477 809 508 aiunt,
829 478 865 509 id.
879 479 949 512 quod
975 478 1053 505 tinent

267 521 422 548 habiturum
438 526 493 554 est,
511 522 674 557 principium
688 531 794 558 quoqtte
810 524 945 552 habuisse.
965 525 1056 551 Enim-

268 574 332 593 vero
347 567 468 593 doctrinm
483 571 572 594 nostra
588 568 645 594 haec
662 573 704 595 est
726 579 731 595 :
752 568 785 596 Ut
797 569 870 603 equi,
882 574 909 596 et
925 570 1010 603 bovis,
1029 575 1057 596 et

269 611 396 644 hominis,
425 620 456 638 ac
472 612 588 647 denique
604 613 815 648 uniuscujusque
841 621 932 641 earum
955 622 1054 647 rerum,

268 665 327 691 qua:
350 657 400 684 sub
415 658 484 684 idem
497 665 581 692 genus
597 659 705 691 cadunt,
731 660 824 685 eadem
852 663 894 686 est
915 659 1056 692 deﬁnitio;

269 711 302 730 ac
320 704 448 738 quidquid
475 704 640 731 deﬁnitionis
667 704 779 738 hujusce
792 705 926 738 particeps
941 710 993 736 est,
1008 705 1058 732 hoc

269 751 352 776 etiam
383 750 490 784 proprie
506 751 624 782 dicitur;
652 751 782 785 quidquid
809 755 897 777 autern
924 751 1059 785 particeps

270 804 323 822 nott
339 801 389 828 est,
425 797 474 824 hoc
490 798 531 824 vel
555 805 608 824 non
627 797 736 828 dicitur,
763 797 802 823 vel
817 802 892 824 certe
913 797 1059 831 improprie

271 841 370 868 dicitur
393 851 399 868 :
414 842 507 869 eodem
523 843 601 868 modo
617 850 696 868 unatn
711 849 818 876 quoque
837 842 882 868 Dci
904 842 1059 874 essentiam,

1104 249 1283 284 παυσόμενον.
1305 251 1334 276 ’0
1349 250 1396 285 μὲν
1409 247 1454 276 οὖν
1469 249 1600 285 ἡμέτερος
1613 249 1704 283 λόγος·
1722 249 1827 283 Ὥσπερ
1845 250 1886 274 ῖπ-

1104 305 1165 326 που,
1183 297 1228 322 καὶ
1249 296 1318 331 βοὸς,
1342 297 1388 322 καὶ
1404 295 1559 331 ἀνθρώπου,
1573 295 1619 321 καὶ
1635 295 1748 322 ἑκάστου
1764 294 1818 320 τῶν
1836 294 1888 320 ὑπὸ

1102 342 1132 367 τὸ
1143 342 1208 368 αὐτὸ
1220 340 1299 373 εἶδος,
1312 340 1351 373 εἷς
1364 342 1441 376 λόγος
1457 341 1493 377 (4)
1508 341 1580 368 ἐστίν
1588 350 1594 356 ·
1605 342 1651 368 καὶ
1660 341 1674 368 ὃ
1688 341 1736 375 μὲν
1746 341 1779 368 ἂν
1789 341 1889 378 μετέχῃ

1102 387 1148 413 τοῦ
1160 387 1249 421 λόγου,
1267 387 1344 414 τοῦτο
1359 387 1405 414 καὶ
1422 388 1523 424 κυρίως
1534 387 1660 422 λέγεσθαι
1672 387 1724 423 (5)·
1743 387 1756 413 ὃ
1771 387 1792 413 δ’
1806 386 1837 413 ἂν
1852 387 1888 422 μὴ

1106 433 1216 470 μετέχῃ,
1236 434 1315 460 τοῦτο
1328 434 1344 469 ἦ
1360 434 1395 470 μὴ
1412 433 1573 468 λ.έγεσοαι,ἥ
1588 433 1624 469 μὴ
1636 433 1735 468 κυρίως
1745 433 1887 467 λέγεσθαι·

1104 479 1174 505 οὕτω
1182 479 1209 506 δὲ
1224 480 1270 506 καὶ
1280 479 1346 506 Θεοῦ
1361 479 1424 514 μίαν
1432 480 1523 506 οὐσίαν
1534 477 1602 506 εἶναι
1615 481 1662 506 καὶ
1673 479 1815 513 φύσιν,καὶ
1825 479 1891 515 κλῆ-

1106 533 1158 555 σιν,
1169 524 1218 551 κᾶν
1227 524 1358 555 ἐπινοίαις
1369 525 1424 550 τισὶ
1436 525 1637 560 διαιρουμέναις
1651 525 1836 560 συνδιαιρῆται
1845 524 1890 550 καὶ

1105 569 1137 596 τὰ
1154 570 1286 604 ὀνόματα·
1304 571 1350 597 καὶ
1362 570 1376 596 ὃ
1392 571 1441 605 μὲν
1455 570 1487 597 ἂν
1505 571 1606 606 κυρίως
1618 570 1740 606 λέγηται,
1755 570 1833 596 τοῦτο
1846 569 1892 596 καὶ

1106 613 1175 641 εἶναι
1191 616 1271 642 Θεόν-
1286 616 1300 641 ὃ
1317 616 1339 641 δ’
1354 615 1386 642 ἂν
1439 616 1508 642 κατὰ
1528 616 1618 651 φύσιν,
1635 615 1713 642 τοῦτο
1725 616 1771 642 καὶ
1786 615 1891 650 ἀληθῶς

1107 660 1298 694 ὀνομάζεσθαι·
1316 662 1396 697 εἴπερ
1413 662 1449 697 μὴ
1461 663 1489 688 ὲν
1504 661 1642 697 ὀνόμασιν,
1657 662 1712 688 ἀλλ’
1725 662 1753 687 ὲν
1765 662 1892 696 πράγμα-

1109 705 1150 730 σίν
1173 706 1246 731 ἐστιν
1265 707 1330 740 ἡμῖν
1351 706 1366 740 ἡ
1384 706 1506 741 ἁλήϐεια.
1526 707 1557 732 Οἱ
1573 706 1610 738 δὲ,
1629 706 1722 742 ὥσπερ
1732 706 1889 738 δεδοικότες,

1111 750 1147 785 μὴ
1161 751 1248 778 πάντα
1267 752 1352 778 κινεῖν
1371 751 1440 778 κατὰ
1458 752 1508 787 τῆς
1519 752 1658 787 ἀληθείας,
1672 752 1738 778 Θεὸν
1760 751 1810 787 μὲν
1826 749 1892 778 εἶναι

1108 796 1153 822 τὸν
1166 796 1229 823 Υίὺν
1246 797 1431 831 ὁμολογοῦσιν,
1438 798 1500 824 ὅταν
1507 798 1639 832 βιασθῶσι
1651 798 1689 834 τῷ
1695 799 1765 834 λόγῳ
1779 799 1825 825 καὶ
1835 800 1894 830 ταῖς

1112 843 1274 877 μαρτυρίαις
1357 843 1500 879 ὁμώνυμον
1516 843 1544 870 δὲ
1558 845 1604 870 καὶ
1618 845 1701 880 μόνης
1719 844 1895 871 κοινωνοῦντα

272 891 299 913 et
317 892 450 919 naturam,
463 893 490 914 et
504 887 712 922 appellationem
730 895 800 920 esse,
823 888 926 914 tametsi
947 895 994 921 per
1009 895 1056 914 eo-

1117 887 1158 922 τῆς
1171 887 1302 923 κλήσεως.

273 934 418 968 gitationes
447 936 577 970 quasdam
602 935 754 967 distinctas,
779 935 887 961 nomina
911 942 1020 968 quoque
1032 935 1111 962 sitnul
1125 935 1342 969 distinguantur:
1357 941 1384 963 et
1403 936 1475 972 qttod
1508 938 1616 972 quidem
1647 938 1756 971 proprie
1786 937 1896 970 dicitur,

273 982 299 1008 id
311 981 391 1008 etiam
405 981 487 1011 Deum
501 989 581 1012 eSse;
600 985 628 1008 et
642 988 736 1008 rursus
748 980 819 1015 quod
855 986 949 1007 natura
967 988 1014 1007 sua
1050 981 1095 1013 sit,
1116 981 1167 1008 hoc
1190 989 1296 1016 quoque
1317 983 1423 1017 proprie
1453 982 1602 1017 nuncupari

1626 991 1633 1009 τ
1653 983 1785 1017 siquidem
1818 982 1896 1018 533

275 1035 327 1055 non
344 1027 370 1053 in
387 1028 464 1054 nudis
480 1027 644 1059 nominibus,
660 1027 706 1054 sed
732 1027 757 1053 in
774 1027 854 1053 rebus
869 1027 946 1053 nobis
960 1027 1062 1053 vcrilas
1079 1027 1131 1053 sita
1146 1033 1197 1054 est.
1213 1028 1247 1053 At
1271 1028 1312 1054 isti
1347 1028 1458 1062 perinde
1481 1036 1512 1054 ac
1545 1029 1745 1062 pertimescant,
1773 1037 1806 1056 ne
1834 1029 1898 1063 quid

275 1074 404 1100 adversus
433 1074 574 1100 veritatem
606 1074 744 1100 immotum
775 1073 936 1106 relinquant.

974 1073 1056 1099 Deum
1077 1072 1184 1107 quidem
1198 1073 1293 1100 Filium
1310 1081 1369 1100 esse
1387 1074 1516 1106 fatentur,
1549 1081 1609 1101 cum
1640 1074 1788 1109 Scriptum
1804 1082 1836 1101 ac
1852 1083 1898 1102 au-

275 1120 429 1146 ctoritatum
447 1119 606 1146 testimoniis
632 1119 836 1154 opprimantur;
860 1119 908 1146 sed
928 1119 1066 1153 :equivoce
1086 1118 1169 1146 Detttn
1189 1120 1253 1152 dici,
1276 1128 1307 1147 ac
1321 1121 1437 1148 nominis
1462 1121 1545 1148 solius
1577 1121 1735 1156 participem
1749 1129 1809 1149 esse
1828 1130 1898 1150 cort-

276 1165 397 1192 tendunt.

312 1214 381 1241 XIV.
401 1213 468 1241 Cum
481 1219 571 1241 autem
586 1214 655 1241 hanc
673 1214 740 1248 ipsis
753 1214 933 1248 objectionem
949 1214 1061 1247 subjici-

276 1267 358 1286 ntus:
390 1259 459 1292 Quid
485 1261 568 1294 ergo?
597 1268 650 1287 non
682 1261 792 1294 proprie
819 1259 890 1287 Deus
909 1265 949 1287 est
964 1261 1060 1292 Filius,

278 1305 504 1339 quetnadtnodutn
521 1306 546 1332 id
561 1306 631 1340 quod
648 1306 748 1340 pictum
764 1311 814 1338 est,
830 1311 931 1333 nonest
945 1306 1063 1332 animal?

279 1352 418 1384 Quomodo
438 1358 502 1386 ergo
520 1352 598 1382 Deus,
615 1352 636 1378 si
655 1352 725 1378 Deus
738 1351 846 1385 proprie
859 1359 910 1378 non
924 1352 981 1378 est?
1011 1351 1064 1378 Re-

278 1398 430 1433 spondent:
445 1398 513 1434 Quid
535 1398 669 1432 prohibet,
693 1400 847 1433 quominus,
859 1404 886 1426 et
900 1399 956 1426 haec
978 1399 1063 1434 azqui-

280 1432 346 1470 voca
364 1443 430 1475 sint,
446 1432 472 1470 ἐι
490 1443 597 1477 proprie
617 1432 762 1476 utrumque
783 1443 908 1470 dicatur?
925 1444 962 1470 Ac
976 1432 1063 1474 nobis,

279 1495 306 1517 et
322 1494 486 1521 terrestrem,
515 1495 541 1516 et
562 1489 692 1516 marinum
725 1497 816 1516 catum
836 1489 984 1523 proferant,
1005 1489 1062 1524 qui,

281 1544 340 1562 ctttn
357 1535 406 1563 sub
429 1535 523 1562 eodem
551 1535 660 1562 nomine
683 1535 816 1562 diversam
842 1534 1066 1569 significationem

282 1581 412 1613 habeant,
428 1581 538 1616 proprie
552 1586 640 1608 tamen
659 1581 794 1607 dicuntur.
808 1579 867 1616 (Est
885 1581 957 1608 enim
974 1581 1067 1614 liuius—

283 1627 357 1654 ntodi
368 1634 475 1661 quoque
489 1627 594 1661 species
610 1626 732 1660 qua-dam
749 1626 819 1653 inter
833 1626 988 1660 :equivoca;
1005 1632 1031 1653 et
1044 1627 1065 1654 si

281 1674 346 1708 quid
359 1673 441 1706 aliud,
454 1673 525 1708 qttod
537 1673 631 1700 eadem
643 1673 825 1708 appellatione
842 1678 942 1707 utatur,
957 1675 1068 1709 ejusque

282 1726 408 1754 pera'que
423 1719 559 1752 particeps
571 1719 618 1750 sit,
635 1726 696 1745 cum
713 1719 820 1746 interim
840 1725 942 1747 natura:
964 1721 1069 1748 ratione

284 1764 438 1799 dissideat.)
454 1764 501 1796 At,
520 1765 561 1791 vir
583 1764 696 1798 optimc,
718 1772 778 1791 cum
805 1765 859 1792 illic
875 1767 942 1793 duas
958 1772 1068 1793 naturas

283 1811 334 1838 sub
358 1810 453 1838 eadem
474 1810 653 1845 appellatione
675 1811 803 1843 collocas,
837 1817 959 1838 neutram
985 1812 1069 1839 altera

283 1857 503 1892 prmstantioretn
531 1857 702 1889 introducis;
727 1864 778 1884 nec
801 1857 913 1884 alterum
939 1858 1068 1892 prioretn,

284 1904 400 1930 alteram
429 1903 630 1937 posteriorem;
656 1910 706 1930 nec
736 1903 852 1937 denique
872 1904 984 1931 alteram
1010 1912 1070 1939 quae

284 1949 383 1983 magis,
399 1948 510 1975 alteram
525 1955 585 1983 quae
601 1949 690 1975 minus
708 1948 745 1975 sit
757 1948 783 1975 id
803 1949 873 1983 quod
889 1956 948 1976 esse
961 1949 1070 1976 dicitur.

284 1995 379 2030 Neque
393 1996 465 2023 enim
482 1995 628 2030 quidquam
646 1995 820 2029 conjunctum
841 2000 892 2028 est,
915 1995 987 2029 qttod
1003 1996 1073 2022 hanc

286 2041 352 2076 ipsis
367 2041 556 2068 necessitatem
571 2040 676 2067 atl‘erat.
692 2040 749 2067 Non
772 2041 845 2068 enim
861 2041 904 2068 hic
919 2041 994 2068 canis
1013 2048 1072 2067 ma-

286 2087 326 2122 gis
343 2089 420 2114 canis
447 2092 499 2119 est,
525 2095 606 2121 quam
618 2087 663 2114 ille
689 2087 777 2119 canis,
805 2087 856 2113 hoc
870 2091 921 2118 est,
953 2087 1073 2113 marinus

287 2135 373 2169 magis
387 2142 467 2168 qttatn
485 2134 631 2166 terrestris,
649 2134 690 2160 vel
704 2139 811 2166 contra,
831 2133 970 2160 terrestris
987 2133 1073 2167 magis

288 2187 368 2214 quam
386 2180 527 2212 marinus;
547 2188 596 2207 cur
622 2180 706 2211 enim,
731 2184 777 2206 aut
801 2187 853 2213 qua
884 2179 1006 2205 ratione?
1021 2179 1073 2205 Sed

288 2227 315 2254 in
334 2226 425 2258 rebus,
448 2227 563 2254 diversis
583 2226 690 2260 quidem
706 2225 769 2257 illis,
787 2232 880 2251 verum
896 2224 953 2257 pari
972 2224 1074 2250 hancre

289 2272 421 2307 praditis,
442 2272 594 2299 communis
613 2276 654 2299 est
669 2271 825 2305 appellatio.
855 2270 903 2297 llic
916 2277 992 2301 vero,
1011 2277 1072 2296 cum

289 2318 344 2346 Deo
358 2318 560 2345 venerationem
572 2317 715 2352 adjungas,
736 2323 853 2350 eumque
866 2323 948 2349 supra
966 2322 1074 2341 omnem

289 2364 436 2391 essentiam
454 2368 481 2390 et
495 2368 618 2390 naturam
634 2370 693 2389 esse
714 2362 788 2389 dicas
821 2361 903 2396 (quod
921 2360 966 2387 Dei
991 2359 1075 2386 solius

290 2415 341 2444 cst,
359 2415 386 2437 el
417 2410 488 2438 velut
512 2409 664 2437 divinitatis
690 2407 819 2442 natura),
837 2415 868 2434 ac
891 2407 987 2433 deinde
1001 2405 1074 2432 Patri

290 2457 397 2491 quidem
425 2457 476 2484 hoc
496 2456 611 2487 tribuas,
629 2455 727 2483 Filiutn
757 2459 846 2481 autem
867 2454 974 2488 prives,
995 2456 1076 2486 atque

291 2504 431 2538 Subjicias,
458 2504 646 2537 secandasque
667 2502 706 2529 illi
735 2501 846 2528 honoris
868 2505 896 2527 et
911 2499 1078 2526 adoratiouis

292 2556 384 2585 partes
399 2550 534 2586 assignes,
549 2550 674 2585 quamvis
697 2549 842 2576 verborum
858 2547 969 2582 syllabis
987 2554 1077 2581 acqua-

338 2611 366 2643 4)
386 2611 490 2645 Λόγος.
506 2611 573 2638 Tres
588 2609 675 2641 ϐαιὴ..
690 2609 766 2643 ὄρος,
798 2617 807 2633 ι
818 2607 948 2645 deﬁnitio.
964 2606 1078 2645 inﬂecte

293 2643 416 2681 quidem;
431 2642 512 2680 atque
523 2647 566 2673 hic
581 2645 659 2672 etiam
673 2642 752 2678 λόγος
765 2644 886 2670 eamdem
901 2642 1078 2676 signiﬁcatio-

293 2689 353 2710 nem
369 2682 467 2708 ltabere
484 2682 571 2708 debet.

330 2717 367 2751 (ὃ)
382 2717 537 2750 Λέγε-σθαι.
551 2716 612 2742 Bas.
628 2715 683 2747 etl.,
697 2715 814 2749 λέγεται.

331 2747 369 2786 (ϋ)
382 2747 464 2786 Λόγῳ
477 2751 526 2777 καὶ
540 2751 602 2786 ταῖς
626 2747 809 2786 μαρτυρίαις.
829 2748 896 2786 «λΕκ.
906 2747 1040 2781 Scriptura
1054 2750 1082 2773 et

296 2783 512 2814 auctoritatibus.
531 2796 540 2812 ι
579 2783 708 2811 Ρυιιιιηιιε
736 2785 779 2811 hic
809 2793 818 2808 ‹
838 2783 1004 2816 Scripturant
1038 2788 1081 2806 sa-

297 2829 371 2848 cram
391 2830 400 2846 ι
418 2828 464 2856 per
477 2828 568 2848 vocem
583 2819 655 2854 λόγῳ
668 2819 829 2856 signiﬁcari;
846 2825 902 2856 n0n_
918 2823 1005 2842 autem
1018 2822 1082 2856 «Ira-

302 2851 424 2888 tionetn,'
433 2866 441 2882 ι
460 2862 488 2884 ιιι
497 2855 576 2883 vertit
590 2851 660 2887 ιςιιιζ,
673 2851 730 2889 quin
743 2854 861 2889 profecto
871 2852 904 2880 ad
912 2851 1082 2880 asserendaut

1151 1213 1198 1240 Μ’.
1220 1214 1304 1240 ’Ὅταν
1317 1214 1345 1240 δὲ
1361 1214 1593 1250 ἀνθυποφέρωμεν
1613 1214 1714 1246 αὐτοῖς,
1731 1214 1762 1240 Τί
1779 1211 1844 1245 οὗνς
1870 1211 1900 1240 οὐ

1115 1259 1216 1294 κυρίως
1232 1259 1270 1294 (7)
1282 1259 1348 1290 Θεὸς
1361 1259 1376 1285 ὁ
1390 1259 1464 1290 Υίὺς,
1478 1258 1570 1295 ὥσπερ
1582 1260 1642 1286 οὐδὲ
1656 1260 1724 1291 ζῶον
1737 1258 1766 1284 τὸ
1780 1266 1902 1293 γεγραμ-

1118 1307 1214 1342 μένον;
1236 1306 1294 1337 πῶς
1314 1305 1360 1332 οὖν
1375 1306 1450 1339 Θεὸς,
1467 1308 1490 1333 εί
1511 1307 1548 1342 μὴ
1571 1306 1673 1343 κυρίως
1691 1305 1770 1337 Θεόςς
1789 1305 1822 1330 Τί
1849 1303 1902 1338 γὰρ

1117 1351 1226 1382 κωλύει,
1249 1351 1325 1385 φασὶ,
1343 1352 1389 1378 καὶ
1405 1351 1537 1387 ὁμώνυμα
1549 1351 1635 1378 ταῦτα
1649 1348 1728 1382 εἶναι,
1743 1351 1789 1376 καὶ¹
1802 1349 1903 1384 κυρίως

1117 1398 1260 1432 ἀμφότερα
1278 1397 1418 1432 λέγεσθαι;
1435 1398 1488 1423 Καὶ
1507 1397 1696 1432 προσοίσουσιν
1716 1397 1780 1431 ἡμῖν
1797 1395 1842 1421 τὸν
1855 1394 1904 1421 κύ-

1118 1452 1160 1474 να,
1176 1443 1221 1469 τὸν
1238 1445 1374 1478 χερσαῖον,
1387 1443 1433 1469 καὶ
1449 1443 1496 1469 τὸν
1508 1442 1659 1474 θαλάττιον,
1677 1441 1808 1477 ὁμώνυμα
1819 1449 1847 1467 τε
1865 1440 1905 1466 6v-

1119 1496 1163 1517 τα,
1181 1487 1228 1513 καὶ
1242 1488 1344 1523 κυρίως
1358 1487 1395 1522 (8)
1413 1487 1546 1522 λεγόμενα
1560 1487 1627 1522 (ἔστι
1642 1487 1696 1522 γάρ
1714 1495 1740 1512 τι
1755 1486 1801 1512 καὶ
1820 1484 1905 1511 τοιοῦ-

1081 1527 1102 1556 C
1119 1541 1163 1559 τον
1175 1531 1243 1564 εἶδος
1254 1533 1283 1558 ὲν
1293 1534 1348 1564 τοῖς
1359 1533 1527 1568 ὀμωνύμοις·
1542 1534 1590 1559 καὶ
1607 1533 1661 1560 εἴτε
1678 1542 1703 1558 τι
1718 1532 1780 1559 ἄλλο
1791 1533 1823 1567 τῇ
1836 1531 1905 1566 αὐτῇ

1120 1580 1288 1615 προσχρῆται
1303 1579 1340 1614 (9)
1356 1579 1535 1615 προσηγορίᾳ,
1553 1579 1599 1605 καὶ
1625 1579 1730 1614 μετέχει
1744 1578 1846 1613 ταύτης
1859 1578 1907 1603 ἑπ-

1122 1627 1191 1660 ίσης,
1202 1628 1233 1661 τῇ
1248 1626 1326 1660 φύσει
1338 1625 1498 1660 διεστηκός).
1518 1624 1585 1652 Ἀλλ’
1600 1626 1658 1651 ἐκεῖ
1669 1624 1727 1660 μὲν,
1741 1621 1763 1651 ὦ
1777 1624 1907 1659 βέλτιστε,

1120 1670 1166 1697 δύο
1185 1670 1279 1704 φύσεις
1289 1670 1374 1701 τιθεὶς
1388 1669 1442 1696 ὑπὸ
1457 1670 1505 1704 τὴν
1518 1669 1606 1705 ,αὐτὴν
1623 1669 1819 1705 προσηγορίαν,
1833 1667 1908 1694 οὐδὲν

1122 1717 1225 1752 ἀμείνω
1240 1717 1287 1752 τὴν
1300 1717 1395 1751 ἑτέραν
1409 1715 1459 1750 τῆς
1473 1715 1568 1751 ἑτέρας
1581 1716 1710 1750 εἰσάγεις,
1725 1715 1783 1741 οὐδὲ
1797 1714 1846 1750 τὴν
1862 1715 1909 1749 μὲν

1123 1763 1263 1800 πρότερον,
1281 1763 1330 1797 τὴν
1345 1762 1372 1788 δὲ
1389 1761 1512 1797 ὕστερον.
1528 1762 1587 1788 οὐδὲ
1599 1761 1648 1797 τὴν
1667 1761 1715 1796 μὲν
1733 1761 1843 1796 μᾶλλον,
1861 1759 1909 1795 τὴν

1123 1811 1150 1836 δὲ
1161 1808 1241 1846 ἦττον
1253 1807 1334 1836 οὖσαν
1349 1808 1420 1835 τοῦθ’
1434 1809 1502 1844 ὅπερ
1516 1808 1635 1842 λέγεται.
1653 1807 1720 1834 Οὐδὲ
1734 1807 1788 1842 γάρ
1805 1815 1831 1832 τι
1846 1814 1910 1832 συν-

1123 1856 1248 1888 έζευκται
1260 1855 1291 1881 τὸ
1303 1855 1403 1891 ταύτην
1417 1855 1535 1891 παρέχον
1551 1854 1645 1885 αὑταῖς
1658 1853 1707 1889 τὴν
1724 1853 1856 1888 ἀνάγκην.
1873 1851 1909 1878 05

1123 1902 1178 1938 γὰρ
1189 1903 1202 1928 ό
1215 1902 1264 1938 μὲν
1279 1901 1377 1936 μᾶλλον
1394 1902 1478 1934 κύων,
1491 1902 1505 1927 ὁ
1519 1901 1547 1927 δὲ
1558 1898 1639 1935 ἦττον
1652 1898 1700 1925 τοῦ
1712 1898 1804 1934 ἑτέρου
1821 1896 1909 1928 κυνὸς,

1124 1946 1179 1974 οἷον
1195 1949 1208 1974 ὁ
1220 1948 1360 1979 Οαλάττιος
1377 1947 1424 1974 τοῦ
1434 1947 1572 1982 χερσαίου,
1590 1945 1606 1980 ἢ
1624 1947 1638 1972 ὁ
1653 1946 1778 1980 χερσαῖος
1795 1942 1911 1978 ἔμπαλιν

1124 1994 1172 2020 τοῦ
1188 1994 1347 2020 θαλαττίου·
1367 1993 1411 2020 διὰ
1423 1994 1448 2019 τί
1468 1993 1532 2029 γὰρ,
1546 1993 1562 2027 ἦ
1581 1992 1650 2019 κατὰ
1660 1991 1719 2017 τίνα
1733 1991 1824 2024 λόγον;
1844 1988 1910 2015 Ἀλλ’

1125 2041 1155 2066 ὲν
1175 2040 1317 2075 ὁμοτίμοις
1344 2040 1487 2075 πράγμασι
1507 2039 1553 2065 καὶ
1571 2037 1719 2072 διαφόροις,
1742 2036 1758 2071 ἡ
1787 2034 1912 2061 κοινωνία

1126 2086 1175 2120 τῆς
1192 2086 1324 2121 κλήσεως.
1349 2085 1480 2112 Ἐνταῦοα
1498 2084 1525 2111 δὲ
1543 2084 1581 2120 τῷ
1599 2083 1659 2118 Θεῷ
1677 2083 1867 2118 παραζευγνὺς
1883 2081 1913 2107 τὸ

1128 2132 1286 2167 σεϐάσμιον,
1298 2131 1344 2157 καὶ
1355 2131 1385 2157 τὸ
1398 2131 1467 2166 ὑπὲρ
1479 2131 1569 2157 πᾶσαν
1580 2129 1673 2156 οὐσίαν
1685 2127 1753 2156 εἶναι
1766 2129 1811 2154 καὶ¹
1823 2128 1913 2161 φύσιν,

1127 2178 1140 2204 ὃ
1156 2178 1235 2213 μόνου
1255 2177 1322 2203 Θεοῦ
1338 2177 1383 2203 καὶ
1397 2177 1477 2203 οἱονεὶ
1492 2176 1572 2210 φύσις
1585 2175 1720 2210 θεότητος,
1736 2172 1795 2201 εἶτα
1807 2174 1845 2209 τῷ
1860 2174 1914 2200 Παη

1127 2224 1171 2258 τρὶ
1183 2224 1231 2258 μὲν
1246 2223 1324 2249 τοῦτο
1335 2223 1434 2254 διδοὺς,
1448 2222 1492 2249 τὸν
1507 2222 1570 2249 Υἰὸν
1581 2222 1608 2248 δὲ
1619 2221 1776 2255 ἀποστερῶν
1790 2220 1837 2246 καὶ
1847 2219 1915 2245 ὑπο-

1126 2269 1222 2301 τιθεὶς,
1235 2270 1280 2295 καὶ
1292 2269 1325 2295 τὰ
1338 2268 1451 2303 δεύτερα
1463 2267 1553 2303 νέμων
1564 2266 1638 2301 αὐτῷ
1649 2266 1698 2300 τῆς
1713 2266 1794 2300 τιμῆς
1809 2264 1856 2290 καὶ
1867 2263 1916 2298 τῆς

1128 2314 1350 2349 προσκυνήσεως,
1367 2313 1417 2339 κᾶν
1432 2314 1491 2344 ταῖς
1506 2312 1649 2343 συλλαϐαῖς
1661 2310 1759 2346 χαρίζῃ
1770 2310 1799 2336 τὸ
1813 2310 1915 2344 ὅμοιον,

1127 2360 1166 2395 τῷ
1179 2359 1321 2394 πράγματι
1336 2359 1384 2394 τὴν
1399 2359 1513 2393 θεότητα
1525 2357 1709 2393 περικόπεις,
1724 2356 1771 2382 καὶ
1787 2354 1901 2390 μεταϐαί
1911 2370 1918 2374 -

1129 2414 1184 2438 νεις
1199 2405 1360 2440 κακούργως
1373 2404 1426 2431 ἀπὸ
1442 2404 1490 2438 τῆς
1503 2403 1532 2429 τὺ
1546 2403 1602 2429 ἴσον
1617 2402 1732 2437 ἐχούσης
1746 2400 1917 2436 ὁμωνυμίας,

1129 2451 1175 2478 ἐπὶ
1190 2451 1237 2486 τὴν
1254 2449 1288 2476 τὰ
1306 2449 1343 2485 μὴ
1359 2449 1404 2476 ἴσα
1417 2448 1588 2475 συνδέουσαν.
1607 2447 1686 2473 Ὥστε
1698 2448 1712 2473 ὁ
1726 2444 1848 2481 γραπτός
1865 2453 1917 2476 σοι,

1131 2500 1179 2525 καὶ
1195 2498 1209 2523 ὁ
1229 2497 1282 2529 ζῶν
1296 2496 1437 2530 ἅνθρωπος
1453 2495 1563 2530 μᾶλλον,
1583 2494 1600 2529 ἢ
1616 2495 1640 2520 οἱ
1655 2492 1702 2519 τοῦ
1721 2491 1919 2526 ὒποδείγματος

1132 2544 1212 2576 κύνες
1226 2544 1259 2579 τῇ
1274 2543 1380 2577 θεότητι
1398 2541 1602 2578 πλησιάζουσιν.
1620 2541 1655 2567 Ἢ
1670 2539 1715 2571 δὺς
1732 2539 1787 2574 (10)
1800 2537 1920 2573 apem-

1134 2603 1212 2630 Verhi
1233 2603 1399 2629 divinitatem
1415 2608 1468 2628 non
1486 2605 1527 2627 est
1546 2599 1652 2626 idonea.

1169 2638 1208 2673 ('1)
1235 2638 1265 2664 Τί
1283 2635 1417 2668 οὖν;οὐ.
1443 2636 1488 2663 Sic
1504 2635 1571 2669 Reg.
1592 2634 1619 2665 ι),
1635 2632 1740 2664 Comb.,
1752 2636 1804 2658 etc.
1818 2629 1846 2657 ln
1861 2630 1918 2661 ed.,

1150 2671 1195 2694 δ’ηῆ

1131 2674 1320 2743 τίῗὲἴ¹¹ῗλντα,
1341 2706 1390 2733 καὶ
1407 2705 1524 2743 κιιρὶως.
1548 2704 1594 2731 Sic
1613 2703 1660 2731 0r.
1680 2702 1707 2734 1,
1729 2701 1827 2736 aliique
1841 2700 1922 2728 codd.

1135 2741 1234 2774 1ηόιί..
1249 2743 1283 2769 τὰ
1291 2742 1355 2769 ὄντα
1372 2741 1484 2776 κυρίως.

1172 2778 1209 2812 (9)
1220 2773 1419 2810 Προσχρῆταιζ
1433 2775 1538 2812 Camb,
1551 2773 1764 2812 προσκέχρηται.

1174 2804 1228 2848 ίιὺ)
1241 2804 1363 2848 ’Ἣνόἓίςξ
1381 2816 1434 2837 etc.
1453 2820 1463 2836 ι
1486 2804 1537 2837 Vel
1550 2804 1770 2848 largire'iitrique
1792 2804 1920 2848 :equaletn

1139 2844 1241 2877 natura:
1266 2847 1433 2883 dignitatem,
1453 2854 1463 2872 ι
1488 2851 1541 2873 etc.
1559 2844 1669 2878 Nempe,
1688 2850 1722 2870 ex
1741 2844 1923 2875 suppostttone
