2049 3131
142 184 177 211 93
596 180 599 184 ’
653 183 784 212 ORATIO
805 184 902 212 XXIX.
921 201 955 206 —
976 185 1193 215 THEOLOGICA
1213 187 1256 215 Ill.
1731 189 1767 217 9i-

143 252 210 279 ροες,
226 243 319 277 ὥσπερ
330 251 378 278 την
392 243 533 269 κοινωνίαν
543 243 592 278 τῆς
605 243 737 279 κλήσεως,
753 243 824 270 οὕτω
844 243 871 270 δὲ
887 245 926 271 κο.⁴

986 245 1088 272 litatem
1106 245 1156 280 ipsi
1169 245 1304 280 largiaris,
1325 252 1354 272 re
1368 245 1423 280 ipsa
1441 248 1531 272 tamen
1554 245 1723 273 divinitatem
1739 247 1764 274 ci

141 293 190 325 τὴν
207 289 352 324 ὁμοτιμίαν
376 288 430 314 τῶν
454 289 560 322 φύτεων
581 289 648 323 (ft),
668 290 692 315 εἰ
719 290 765 316 καὶ
788 290 931 326 διαφόρους

140 335 242 367 ταύτας
257 336 390 369 εἰσάγεις·
409 335 456 361 καὶ
476 334 659 366 καταλέλυκάς
681 344 727 361 σου
749 336 811 366 τοὺς
836 336 929 367 κύνας,

140 380 187 412 οὓς
205 380 314 416 ἐξεῦρες
330 380 401 407 κατὰ
415 381 464 416 τῆς
477 381 644 416 ἀνισότητος.
661 382 693 408 Τί
705 382 759 417 γὰρ
772 381 866 416 ὄφελος
881 383 930 418 τῆς

140 428 310 462 ὁμωνυμίας,
328 427 392 453 εἰτὸ
412 427 530 462 ἰσότιμον
547 427 583 462 μὴ
599 428 685 463 ἔχοιεν
696 428 751 463 (1⁸2)
761 429 784 454 οἰ
794 428 868 464 παρὰ
881 428 928 454 σοῦ

140 473 334 508 διαιρούμενοι.
356 474 393 499 Οὐ
421 473 475 507 γὰρ
493 474 525 499 ἵν’
544 474 599 509 (15)
621 475 727 509 ἰσότιμα
750 473 849 509 δείξῃς,
873 474 929 500 ἀλλ’

142 518 185 544 ἵνα
202 519 356 554 ἀνισότιμα,
376 520 443 554 πρὸς
459 520 508 556 τὴν
519 521 689 556 ὁμωνυμίαν,
706 521 753 547 καὶ
770 521 831 553 τοὺς
846 521 930 552 κύνας

140 565 303 599 κατέφυγες.
319 566 379 597 Πῶς
394 565 427 593 ἄν
437 575 478 598 τις
498 567 637 602 ἐλεγχθείη
657 567 766 601 μᾶλλον,
782 567 829 593 καὶ
841 567 930 602 ἑαυτῷ

141 611 305 646 μαχόμενος,
321 612 368 638 καὶ
385 612 505 648 οεότητι;

987 297 1121 325 amputas,
1134 299 1165 318 ac
1180 291 1341 318 veteratorie
1351 291 1384 318 ab
1399 291 1449 318 hoc
1464 291 1644 326 homonylniae
1655 299 1766 327 genere,

984 337 1056 370 quod
1082 337 1264 371 aequalitatem
1295 335 1497 370 complectitur,
1525 337 1559 362 ad
1584 343 1668 371 genus
1699 337 1764 364 illud

985 382 1096 414 transis,
1112 383 1185 417 quod
1215 390 1258 409 res
1285 382 1402 416 aequales
1430 382 1541 408 minime
1563 383 1709 410 connectit.
1727 383 1766 410 Ae

982 428 1106 462 proinde,
1134 432 1163 455 ut
1190 428 1303 462 quidem
1320 429 1503 463 argumentari
1523 427 1653 461 instituis,
1678 429 1767 463 pictus

983 474 1028 501 ille
1039 482 1071 500 ac
1087 474 1163 500 vivus
1180 474 1272 505 homo,
1297 474 1330 500 ad
1353 473 1524 500 divinitatem
1551 473 1766 501 adumbrandam

983 521 1094 554 propius
1111 521 1256 552 accedunt,
1275 528 1355 555 quam
1371 527 1463 552 canes,
1476 527 1544 554 quos
1557 520 1765 554 exemplicausa

983 565 1160 600 proposuisti.
1179 566 1285 600 Alioqui
1304 566 1423 600 utrique,
1449 570 1478 592 nt
1494 573 1592 593 nomen
1611 572 1766 598 commune,

983 611 1023 639 sic
1040 612 1121 639 etiam
1137 619 1228 646 parem
1243 616 1346 638 munra:
1368 611 1525 646 dignitatem
1544 612 1641 643 tribue,
1659 611 1766 638 etiamsi

142 658 265 684 diversas
280 665 325 684 eas
344 657 467 689 inducis;
483 663 565 692 atque
584 658 620 684 ila
635 666 714 686 canes
727 659 786 686 illos
801 663 860 685 tuos
875 656 1018 689 deleveris,
1034 663 1101 690 quos
1130 656 1163 683 ad
1182 656 1348 690 probandam
1383 655 1470 683 Patris
1489 663 1522 683 ac
1555 656 1615 683 Filii
1645 657 1767 690 inaequa-

141 703 247 730 litatem
264 703 344 738 534,
361 704 533 738 excogitasti.
561 703 625 738 Quis
647 705 720 732 enim
750 703 928 739 homonymia:
946 703 1060 733 fructus,
1072 702 1095 729 si
1113 702 1243 736 dignitate
1259 709 1337 736 pares
1367 701 1430 733 sint,
1446 701 1519 735 quia
1537 705 1562 728 te
1586 701 1760 729 dividuntur?

141 750 194 777 Nec
210 750 293 782 enini,
308 757 336 777 ut
362 758 408 778 cos
433 752 534 778 honore
554 752 682 786 aequales,
695 752 742 779 sed
758 756 787 778 ut
801 752 923 785 dispares
942 749 1112 780 ostenderes,
1139 749 1172 775 ad
1195 747 1394 783 homonymiam
1420 747 1505 779 illam,
1523 752 1550 774 et
1583 754 1665 775 canes
1696 754 1763 776 con-

141 796 246 829 fugisti.
279 795 401 828 Quonam
430 797 508 824 modo
541 798 672 832 quispiam
700 797 784 831 magis
803 795 926 823 convinci
948 799 1040 830 queat,
1057 799 1081 822 et
1094 802 1185 821 secum
1206 795 1273 829 ipse,
1291 798 1393 821 etcum
1405 794 1545 821 divinitate
1559 795 1696 829 pugnare?

177 842 226 868 ιε’.
254 841 316 868 Ἐὰν
330 842 357 868 δὲ
375 842 507 876 λεγόντων
521 843 608 878 ἡμῶν,
626 845 666 871 ὅτι
681 844 719 879 τῷ
735 843 812 878 αἰτίῳ
830 843 926 878 μείζων

1019 842 1076 869 XV.
1095 841 1154 869 Jam
1174 842 1197 868 si
1217 841 1368 869 dicentibus
1386 841 1474 874 nobis,
1500 841 1621 875 Patrem,
1635 848 1766 878 quantum

138 887 153 912 ὁ
175 886 270 922 Πατὴρ
281 887 329 913 τοῦ
345 886 420 918 Υἱοῦ,
438 888 634 923 προσλαϐόντες
646 888 705 924 τὴν,
719 889 755 914 Τὸ
771 888 800 915 δὲ
815 888 871 921 (M)
886 887 928 915 αἴ-

138 939 197 957 τιον
215 932 305 965 φύσει,
323 932 470 967 πρότασιν·
496 932 600 966 ἔπειτα,
619 934 654 959 Τὸ
673 933 766 969 μεῖζον
782 934 814 968 τῇ
837 932 929 967 φύσει.

140 978 305 1012 συνάγωσιν·
330 979 379 1005 οὐκ
396 977 454 1005 οἶδε
474 980 586 1014 πότερον
600 980 712 1011 ἑαυτοὺς
734 978 929 1014 παραλογίζον-

138 1032 195 1056 ται,
209 1024 224 1058 ἤ
238 1024 301 1055 τοὺς
316 1024 382 1059 πρὸς
397 1023 444 1056 οὓς
456 1025 470 1050 ὁ
481 1024 568 1058 λόγος.
583 1025 620 1051 0'3
631 1025 685 1060 γὰρ
694 1024 786 1056 ἁπλῶς
800 1024 865 1059 (15),
879 1025 928 1051 ὅσα

139 1070 210 1096 κατὰ
220 1078 291 1101 τινος
303 1069 422 1103 λέγεται,
437 1070 524 1097 ταῦτα
537 1070 582 1096 καὶ
598 1071 669 1097 κατὰ
688 1071 733 1097 τοῦ
748 1071 928 1105 ὑποκειμένου

137 1115 224 1150 τούτῳ
242 1115 406 1150 ῥηθήσεται·
421 1115 488 1141 ἀλλὰ
509 1115 586 1150 δῆλον
609 1116 678 1142 κατὰ
691 1116 770 1148 τίνος,
790 1116 835 1143 καὶ
857 1117 927 1142 τίνα.

144 1160 221 1186 Ἐπεὶ
233 1160 258 1185 τί
273 1159 371 1186 κωλύει
387 1160 458 1194 κάμὲ
472 1159 574 1194 ταύτην
588 1159 718 1194 πρότασιν
735 1159 927 1194 ποιησάμενον,

137 1207 199 1241 τὴν,
225 1207 264 1232 ὅτι
286 1206 314 1232 ’0
331 1206 426 1241 Πατὴρ
440 1205 540 1240 μείζων
551 1207 584 1241 τῇ
600 1206 690 1240 φύσει,
706 1205 799 1231 ἔπειτα
811 1205 929 1240 προσλα-

137 1253 220 1279 ϐόντα
239 1252 278 1282 τὸ,
306 1252 386 1278 Φύσει
405 1253 432 1279 δὲ
448 1253 478 1278 οὺ
499 1252 607 1283 πάντως
626 1252 725 1288 μείζων
746 1251 806 1278 οὐδὲ
819 1252 926 1286 Πατήρ·

136 1298 263 1325 ἐντεῦθεν
281 1300 456 1332 συναγαγεῖν
475 1298 511 1324 Τὸ
542 1297 633 1333 μεῖζον
648 1298 679 1324 οὐ
697 1298 804 1329 πάντως
821 1297 926 1332 μεῖζον·

135 1343 166 1378 ἦ,
183 1344 212 1370 '0
227 1343 322 1378 Πατὴρ
337 1344 367 1370 οὐ
386 1343 493 1374 πάντως
508 1343 612 1378 Πατήρ.
628 1343 660 1369 Εἰ
675 1343 764 1378 βούλει
778 1342 806 1368 δὲ
825 1342 925 1374 οὕτως·

143 1388 172 1414 '0
201 1389 276 1420 Θεὸς,
293 1388 385 1414 οὐσία·
411 1387 442 1414 Ἡ
459 1388 537 1414 οὐσία
567 1388 605 1420 δὲ,
621 1389 651 1415 οὺ
678 1389 785 1420 πάντως
803 1388 883 1419 Θεός·
899 1387 929 1414 τὸ

138 1433 202 1468 ἑξῆς
215 1434 294 1465 αὐτὸς
309 1435 445 1468 συνάγαγε
459 1434 530 1468 (ιϋ)’
553 1435 583 1461 Ὶ)
597 1434 662 1466 Θεὸς
681 1435 711 1460 οὑ
730 1435 837 1465 πάντως
851 1433 927 1465 Θεὸς.

143 1480 213 1506 Ἀλλ’
227 1478 311 1515 οἶμαι,
327 1481 402 1516 παρά
415 1481 444 1507 τὸ
458 1480 495 1516 πῆ
510 1481 564 1516 (17)
581 1481 626 1507 καὶ
640 1480 732 1512 ἁπλῶς
749 1481 762 1507 ὁ
780 1480 927 1516 παραλογια

984 888 1018 915 ad
1031 895 1154 920 causam,
1168 887 1236 914 Filio
1251 888 1382 923 majorem
1396 895 1466 920 esse,
1485 887 1535 922 ipsi
1557 888 1627 915 hanc
1644 889 1766 923 proposi-

980 933 1079 960 tionem
1095 938 1234 960 assumant
1246 941 1252 959 :
1266 933 1301 960 At
1312 941 1392 960 causa
1412 939 1506 960 natura
1521 941 1527 966 ;
1541 938 1687 968 posteaque
1700 941 1767 962 con-

979 979 1132 1007 clusionem
1150 980 1220 1006 hanc
1250 980 1434 1006 subuectant:
1457 979 1527 1014 Ergo
1549 980 1634 1013 major
1651 985 1765 1013 natura;

981 1026 1053 1052 haud
1068 1025 1137 1056 scio,
1157 1025 1296 1058 seipsosne
1324 1026 1423 1059 potius,
1450 1034 1483 1052 an
1512 1033 1570 1056 eos,
1595 1033 1654 1052 cum
1669 1026 1768 1060 quibus

979 1071 1130 1106 disputant,
1143 1071 1266 1106 captiosa
1294 1071 1345 1098 hac
1361 1072 1598 1106 argumentatione
1611 1071 1766 1099 circumve-

981 1118 1066 1144 niant.
1085 1117 1176 1151 Neque
1192 1118 1264 1144 enim
1290 1117 1461 1152 simpliciter,
1487 1125 1653 1152 qnazcunqne
1670 1118 1702 1144 de
1716 1118 1767 1144 ali-

979 1170 1032 1196 quo
1045 1163 1180 1194 dicuntur,
1200 1163 1282 1190 etiam
1294 1163 1326 1190 de
1339 1170 1382 1195 eo,
1399 1163 1471 1195 quod
1486 1163 1534 1196 ipsi
1549 1162 1701 1197 subjectum
1713 1167 1766 1196 est,

980 1209 1107 1235 dicuntur
1120 1217 1127 1241 ;
1144 1208 1195 1235 sed
1220 1208 1391 1242 perspicuum
1414 1213 1455 1234 est
1473 1209 1506 1235 de
1520 1216 1584 1242 quo,
1599 1213 1626 1234 et
1641 1215 1766 1243 quaenam

979 1253 1114 1281 dicantur.
1145 1253 1251 1288 Alioqui
1277 1254 1342 1288 quid
1371 1254 1507 1288 prohibet,
1536 1254 1682 1288 quominus
1709 1254 1768 1288 ipse

979 1307 1087 1334 quoque
1105 1299 1184 1327 allata
1210 1300 1261 1327 hac
1283 1299 1468 1334 propositione
1489 1309 1494 1326 :
1519 1299 1599 1326 Pater
1613 1299 1699 1333 major
1720 1307 1767 1326 na-

980 1349 1040 1372 tura
1054 1351 1114 1378 est;
1131 1353 1163 1373 ac
1188 1345 1285 1373 deinde
1311 1350 1449 1380 assumpta
1476 1345 1558 1372 altera
1575 1353 1582 1372 :
1601 1345 1701 1373 Natura
1719 1353 1768 1373 au-

980 1397 1033 1419 tem
1047 1399 1099 1418 non
1114 1391 1224 1418 omnino
1239 1390 1335 1425 major.
1351 1399 1437 1426 neque
1451 1391 1549 1424 Pater;
1565 1391 1602 1418 ita
1630 1396 1766 1426 postremo

979 1438 1156 1466 concludam:
1173 1437 1258 1472 Majns
1288 1437 1371 1472 igitur
1393 1445 1446 1465 non
1458 1438 1567 1464 omnino
1591 1438 1697 1472 majus;
1712 1436 1765 1469 vel,

979 1482 1061 1510 Pater
1072 1490 1124 1510 non
1148 1483 1260 1510 omnino
1283 1481 1374 1509 Pater.
1399 1481 1453 1509 Aut
1486 1482 1509 1509 si
1533 1481 1628 1514 mavis,
1643 1482 1675 1508 ad
1695 1482 1768 1508 hunc

138 1527 206 1562 σμὸς
218 1525 305 1558 οὗτος,
318 1527 355 1560 ὡς
370 1529 426 1559 τοῖς
439 1529 501 1564 περὶ
515 1527 601 1554 ταῦτα
615 1527 783 1562 τεχνολογεῖν
801 1526 924 1561 σύνηθες.

979 1529 1089 1555 modum
1118 1535 1218 1563 agam:
1243 1527 1313 1555 Deus
1336 1531 1377 1554 est
1403 1527 1540 1554 essentia:
1565 1527 1688 1555 Essentia
1711 1535 1764 1554 non

142 1573 237 1608 Ἧμῶν
255 1572 309 1608 γὰρ
325 1573 358 1599 τὸ
373 1572 474 1608 μεῖζον
486 1574 518 1608 τῇ
530 1573 576 1599 τοῦ
591 1573 677 1600 αἰτίου
694 1573 773 1606 φύσει
793 1572 926 1604 διδόντων,

136 1619 215 1646 αὐτοὶ
225 1619 255 1645 τὸ
266 1620 298 1654 τῇ
317 1618 395 1653 φύσει
414 1618 505 1654 μεῖζον
516 1619 677 1653 ἐπάγουσιν*
693 1619 787 1654 ὥσπερ
800 1619 833 1645 ἂν
844 1618 927 1653 (18)εἰ

136 1664 184 1690 καὶ
213 1664 346 1698 λεγόντων
364 1663 452 1699 ἡμῶν,
470 1665 538 1690 ὃτιό
552 1664 624 1690 δεῖνα
650 1664 745 1700 νεκρὸς
774 1664 925 1699 ἄνθρωπος,

136 1711 231 1742 ἁπλῶς
242 1711 345 1746 ἐπῆγον
354 1711 431 1737 αὐτοὶ
446 1710 492 1737 τόν
507 1710 659 1746 ἄνθρωπον.

980 1574 1091 1601 omnino
1107 1578 1149 1600 est
1175 1573 1261 1606 Dens;
1290 1573 1360 1607 quod
1386 1572 1504 1607 scquitut
1536 1573 1593 1607 ipse
1613 1572 1762 1600 conclude:

982 1621 1052 1656 Ergo
1069 1620 1140 1647 Dens
1158 1627 1211 1647 non
1227 1620 1338 1647 omnino
1358 1620 1437 1647 Deus.
1459 1619 1570 1651 Verum,
1587 1619 1614 1646 ni
1632 1619 1719 1653 fallor,
1729 1620 1764 1647 ab

979 1671 1023 1695 eo,
1040 1663 1112 1698 quod
1128 1664 1276 1691 secundum
1294 1663 1428 1690 rationem
1447 1664 1590 1698 quamdam
1605 1664 1715 1693 dicitur.
1730 1664 1764 1691 ad

980 1710 1006 1736 id
1021 1709 1092 1744 quod
1104 1709 1262 1744 simpliciter
1269 1709 1379 1742 dicitur,
1391 1710 1510 1744 captiose
1522 1710 1693 1744 progreditur
1706 1710 1765 1737 haec

135 1756 348 1790 argumentatio,
364 1755 434 1790 quod
450 1754 517 1782 artis
541 1754 620 1788 hujus
637 1753 767 1781 studiosis
787 1754 917 1781 usitatum
938 1758 978 1780 est
991 1758 1018 1781 et
1037 1753 1181 1781 familiare.
1197 1753 1265 1780 Nam
1296 1761 1359 1781 cum
1389 1761 1439 1781 nos
1457 1754 1527 1781 hanc
1541 1761 1644 1786 vocem,
1660 1754 1758 1790 majus,

135 1810 226 1830 eausa:
252 1806 355 1829 natura!
380 1802 539 1833 tribuamus,
577 1800 698 1829 inferunt
726 1801 786 1835 ipsi,
807 1807 918 1828 causam
939 1805 1034 1826 natura
1051 1800 1179 1834 majorem
1207 1807 1276 1827 esse.
1296 1799 1373 1833 Quod
1395 1800 1508 1834 perinde
1523 1805 1575 1834 est,
1604 1807 1637 1827 ac
1669 1801 1692 1828 si
1713 1801 1756 1828 di-

138 1849 264 1876 cenlibus
277 1849 354 1875 nobis
367 1857 374 1875 :
391 1848 441 1875 llic
456 1853 577 1875 mortuus
589 1847 686 1881 homo;
700 1848 833 1875 inferrent
851 1849 900 1882 ipsi
913 1855 920 1874 :
941 1848 1011 1882 Ergo
1027 1848 1117 1874 homo.

173 1895 231 1928 ις’.
260 1895 360 1921 Ἐκεῖνο
372 1895 400 1921 δὲ
413 1895 469 1926 πῶς
482 1894 716 1930 παραδράμωμεν,
730 1895 836 1926 οὐδενὸς
849 1893 929 1930 ἦττον

136 1941 191 1968 τῶν
206 1940 357 1976 εἰρημένων
371 1941 401 1967 ὃν
418 1940 601 1974 ἀξιάγαστονς
622 1941 650 1967 Ὀ
661 1941 767 1976 Πατὴρ,
784 1940 930 1975 φησινφὺ-

138 1987 209 2020 σίας,
229 1987 246 2022 ἢ
265 1987 404 2022 ἐνεργείας
418 1987 517 2022 ὄνομα·
531 1987 568 2018 ὡς
584 1987 779 2022 ἀμφοτέρωθεν
797 1988 869 2022 ἡμᾶς
884 1987 930 2022 δή-

137 2042 240 2066 σοντες,
258 2035 289 2060 Ei
303 2034 353 2067 μὲν
365 2033 458 2065 οὐσίαις
467 2035 599 2069 φήσομεν,
612 2033 832 2069 συνθησομένους
840 2034 930 2068 ἑτερου

135 2081 226 2108 οὐξι-ιον
238 2078 306 2107 εἶναι
321 2081 366 2107 τὸν
378 2080 456 2106 Υἰόν·
471 2081 563 2115 ἐπειδὴ
575 2081 622 2115 μία
633 2080 767 2116 μὲνούσία
778 2080 857 2111 Θεοῦ,
867 2080 929 2106 ταύ-

134 2136 186 2162 την
203 2127 241 2159 δὲ,
257 2126 295 2158 ὡς
308 2124 389 2158 οὗτοι,
400 2126 617 2161 προκατείληφεν
628 2127 641 2152 ὁ
657 2127 765 2160 Πατήρ·
783 2126 807 2152 εἰ
821 2125 848 2152 δὲ
858 2127 928 2160 svsp—

135 2174 224 2208 γείας,
232 2173 336 2208 ποίημα
346 2172 439 2206 σαφῶς
449 2172 675 2207 ὁμολογήσοντας,
684 2171 740 2198 ἀλλ’
752 2172 782 2198 οὐ
793 2171 926 2206 γέννημα.-

135 2217 166 2247 οὖ
181 2220 236 2255 γὰρ
249 2220 263 2245 ὁ
278 2219 408 2255 ἐνεργῶν,
421 2220 478 2245 ἐκεῖ
490 2219 600 2250 πάντως
616 2219 663 2244 καὶ
675 2218 706 2244 τὸ
722 2218 926 2254 ὲνεργούμενον.

135 2266 191 2293 Κιὶ
198 2264 256 2296 πῶς
264 2263 302 2299 τῷ
310 2263 470 2298 πεποιηκότι
480 2263 576 2290 ταυτδν
585 2263 616 2289 τὸ
623 2262 813 2298 πεποιημένον,
824 2261 873 2288 οδω
878 2262 928 2296 μά-

135 2373 376 2404 Eunomianorum,
395 2376 422 2399 et
448 2371 570 2406 exemplo
599 2378 695 2398 canum
730 2371 799 2405 quod
828 2370 924 2398 afl‘ere—

135 2410 210 2436 bant.

171 2443 227 2477 (ff)
248 2443 382 2470 Φύσεων.
404 2441 477 2474 Ρςιι·.⁷
496 2441 595 2477 aliique
617 2441 737 2469 nonnulli
757 2442 874 2474 codices,
897 2445 925 2468 et

135 2479 197 2506 Bas.
230 2479 341 2513 ει1,,τῆς
358 2477 475 2512 φύσεως.

172 2511 516 2550 (12)Εὶτὸ’1σότιμογνμὴ
531 2513 639 2550 ἔχοιεν.
659 2522 673 2550 Λα
691 2513 804 2540 Delenda
820 2515 872 2550 est,
887 2511 924 2550 in-

136 2547 194 2584 quit
209 2549 312 2580 Biliius,
332 2549 462 2583 particula
475 2583 479 2584 ν
492 2549 613 2584 ncgativa
632 2548 681 2584 μή,
704 2556 763 2582 qnze
782 2547 870 2574 exstat
896 2547 923 2574 in

138 2583 306 2618 l'lervagiano
322 2585 424 2611 codice.
442 2593 450 2609 ι
467 2583 643 2610 Cotubefisius
658 2583 773 2617 primunt
787 2589 922 2616 repugna-

137 2621 184 2652 vit,
196 2622 242 2647 sed
255 2619 352 2646 deinde
363 2619 508 2646 consensil.
530 2618 583 2646 Nos
599 2627 661 2645 vero
679 2618 830 2652 negativatn
853 2618 923 2644 hanc

136 2655 295 2688 particulam
316 2654 427 2681 minime
443 2653 582 2680 delendam
608 2660 762 2680 censemus.
778 2652 922 2687 Gregorius

136 2690 206 2716 enim
224 2690 406 2717 Eunomiauos
419 2689 553 2721 refellens,
567 2689 684 2715 ostendit
703 2688 867 2722 propositum
887 2688 921 2713 ab

136 2726 200 2758 ipsis
213 2725 374 2760 ὁμωνυμίας
389 2725 554 2758 exemplum,
575 2725 608 2751 ad
623 2724 807 2760 aequalitatem
825 2729 921 2756 quam-

134 2762 195 2787 dam
211 2761 301 2795 specie
316 2766 395 2787 tenus
409 2761 435 2786 in
461 2759 583 2793 personis
609 2759 780 2795 servandam,
792 2759 921 2795 _inept_nm

133 2802 212 2827 esse;
227 2793 406 2830 et,quidquid
419 2800 563 2829 nngentur,
578 2802 671 2830 parem
684 2802 736 2820 non
755 2793 923 2830 liabere_ho-

136 2831 210 2858 noris
228 2827 397 2865 dignitatem,
411 2830 436 2856 id
456 2827 526 2863 quod
539 2827 714 2856 ita’dividunt
724 2836 795 2865 :Vucc
808 2827 924 2860 denique

133 2874 166 2892 eo
181 2866 272 2892 animo
285 2873 383 2891 cautim
395 2865 553 2900 »ὁμωνυμίαν
567 2865 600 2891 ab
621 2865 685 2898 ipsis
700 2864 835 2890 inductam
852 2870 922 2900 esse,

134 2907 163 2927 ut
181 2901 238 2929 Dari
258 2901 389 2930 dignitate
412 2897 470 2928 esse
487 2897 615 2931 pascuus
635 2899 819 2932 ostenderent,
835 2897 881 2927 scd
896 2903 926 2926 ut

1018 1892 1089 1920 XVI.
1105 1893 1246 1926 Quomodo
1263 1898 1354 1921 autem
1369 1892 1450 1925 istud,
1466 1893 1536 1926 quod
1556 1898 1629 1920 certe
1643 1901 1695 1921 non
1713 1893 1765 1921 mi-

980 1940 1038 1967 nori
1056 1940 1236 1967 admiratione
1252 1940 1363 1974 dignum
1390 1943 1444 1972 est,
1467 1947 1548 1974 quam
1563 1947 1624 1974 quae
1641 1940 1766 1974 superius

983 1986 1055 2012 dicta
1071 1991 1145 2019 sunt,
1170 1985 1427 2020 praetermittemus?
1447 1984 1526 2012 Pater
1538 2005 1545 2016 ,
1574 1985 1709 2020 inquiunt,
1725 1986 1766 2012 vel

979 2032 1116 2064 essentia),
1149 2032 1191 2058 νει
1217 2031 1334 2059 actionis
1361 2039 1458 2058 nomen
1487 2035 1544 2058 est:
1574 2031 1612 2058 sic
1633 2031 1705 2058 enim
1719 2039 1767 2058 nos

980 2077 1106 2112 utrinque
1124 2078 1160 2103 ita
1187 2077 1318 2104 astrictos
1346 2081 1451 2111 putant,
1470 2082 1497 2104 ut
1523 2077 1594 2103 nulla
1613 2078 1717 2105 ratione
1731 2085 1765 2104 ex

979 2130 1073 2149 eorum
1094 2122 1209 2150 vinculis
1223 2123 1293 2150 elabi
1314 2124 1459 2158 possimus.
1486 2124 1514 2151 Si
1535 2124 1608 2151 enim
1639 2126 1766 2153 essentia:

981 2176 1079 2195 nonn-u
1093 2176 1153 2195 esse
1166 2169 1325 2201 dixerimus,
1338 2170 1528 2202 assentiemur,
1556 2174 1585 2196 ut
1596 2170 1765 2204 existimant,

982 2215 1081 2242 Filium
1102 2215 1237 2242 diversam
1251 2223 1266 2242 a
1286 2215 1366 2243 Patre
1381 2215 1526 2243 essentiam
1542 2216 1660 2244 habere:
1675 2224 1764 2251 quan-

945 2268 966 2295 D
983 2261 1126 2295 doquidem
1156 2269 1208 2288 una
1233 2262 1268 2289 sit
1293 2262 1339 2290 Dei
1363 2262 1492 2294 essentia,
1515 2269 1596 2297 quam
1623 2262 1714 2295 Pater,
1735 2268 1766 2291 ut

979 2372 1097 2406 impares
1116 2373 1273 2406 probarent.

1011 2405 1066 2443 (i5)
1083 2405 1124 2434 Οὐ
1140 2408 1195 2442 γὰρ
1209 2409 1258 2435 ἵν’.
1287 2407 1333 2436 Sic
1346 2408 1429 2436 Coisl.
1453 2407 1466 2434 1
1492 2412 1518 2435 et
1534 2407 1561 2440 5,
1581 2406 1628 2434 0r.
1645 2407 1670 2439 f,
1689 2405 1765 2440 Pan,

974 2446 1026 2469 etc.
1042 2443 1119 2470 Deest
1137 2443 1180 2469 ἵνα
1199 2444 1224 2470 in
1244 2444 1288 2470 ed.

1026 2477 1066 2511 Η)
1081 2477 1126 2504 Δέ.
1147 2479 1226 2505 Deest
1239 2479 1264 2504 in
1281 2477 1425 2505 nonnullis.

1026 2479 1066 2511 ιιι)
1081 2479 1126 2504 Δέ.
1147 2479 1226 2505 Deest
1239 2479 1264 2504 in
1281 2479 1425 2505 nonnullis.

1010 2479 1065 2547 illi)
1096 2514 1136 2540 Οὐ
1167 2513 1222 2547 γὰρ
1249 2512 1362 2545 ἁπλῶς,
1395 2517 1447 2539 etc.
1481 2511 1573 2539 Schol.
1605 2519 1612 2548 ς
1642 2511 1693 2548 0ὑᾷ
1711 2511 1765 2548 γᾴρ

974 2548 1024 2575 ὄςα
1041 2549 1111 2574 κατὰ
1141 2546 1188 2574 τοῦ
1203 2546 1302 2574 ⁷αῐτίου
1329 2548 1448 2582 λέγεται,
1479 2547 1526 2574 καὶ
1549 2546 1620 2573 κατὰ
1646 2546 1694 2572 τοῦ
1712 2546 1764 2581 (pti-

976 2592 1027 2609 σει·
1046 2591 1055 2607 ι
1074 2583 1132 2611 Νοιι
1149 2584 1221 2610 enim
1240 2591 1406 2617 quaecunque
1425 2583 1458 2609 de
1477 2590 1559 2609 causa
1573 2583 1710 2614 dicuntur,
1731 2583 1766 2610 de

975 2626 1007 2645 eo
1018 2619 1098 2645 etiam
1114 2619 1184 2652 quod
1199 2623 1240 2645 est
1255 2622 1350 2647 natura
1365 2618 1500 2644 dicuntur.

1011 2653 1067 2687 (16)
1085 2651 1250 2687 Σύνάγαγε.
1269 2652 1326 2687 Duo
1347 2652 1413 2686 [{cg.
1430 2657 1457 2678 et
1470 2651 1517 2679 Or.
1535 2652 1561 2683 f,
1582 2651 1693 2686 σύναγε.

1011 2689 1066 2723 (17)
1087 2686 1177 2722 Παρὰ
1194 2686 1225 2715 τὸ
1242 2686 1296 2721 πῆ.
1308 2687 1376 2722 Reg.
1393 2696 1419 2720 a,
1434 2688 1608 2724 παρατροπῇ.
1631 2686 1713 2714 Coisl.
1737 2687 1763 2720 ι,

976 2725 1167 2759 παρατροπήν.

1008 2756 1250 2793 ('18)'”Qc':mpcir,
1263 2762 1316 2785 etc.
1333 2757 1378 2785 Sic
1390 2757 1500 2792 expauit
1513 2757 1586 2784 Elias
1603 2766 1610 2783 :
1628 2767 1636 2782 ι
1649 2756 1765 2793 Perinde

972 2790 1227 2821 scilicéttfacicliant
1245 2790 1436 2829 (Eunomiani),
1460 2800 1491 2829 ac
1505 2793 1527 2820 si
1548 2793 1689 2820 dicerent:
1714 2790 1764 2829 llic

973 2830 1015 2856 vel
1033 2829 1074 2856 ille
1093 2829 1173 2856 homo
1198 2827 1319 2856 mortuus
1344 2836 1396 2855 non
1416 2827 1537 2862 respirat
1564 2835 1649 2863 :ergo
1671 2827 1760 2863 quinis

974 2866 1054 2891 homo
1073 2872 1126 2891 non
1150 2865 1273 2898 respirat.
1294 2863 1353 2893 γει.
1369 2863 1496 2900 ASthiops
1522 2863 1598 2891 albus
1616 2862 1658 2891 est
1672 2862 1762 2890 denti-

973 2900 1042 2928 bus:
1057 2907 1120 2934 ergo
1141 2905 1212 2928 totus
1232 2900 1308 2928 albus
1321 2904 1370 2929 est.
1390 2909 1400 2926 ν
