2049 3131
291 148 328 179 99
890 145 920 173 S.
942 144 1105 173 GREGORll
1126 143 1299 172 TllEOLOGl

1861 144 1912 172 100

293 205 400 241 objecta
417 205 467 232 hac
487 204 642 240 dogmatum
663 204 814 232 humilitate
846 209 873 231 et
891 203 1025 237 crassitie,
1058 203 1199 230 sublimior
1233 211 1312 235 esse,
1340 203 1472 238 simulque
1498 210 1558 230 cum
1588 203 1726 230 divinitate
1751 204 1908 235 ascendere,

295 257 347 279 non
373 255 462 278 autem
486 251 566 278 rebus
593 250 619 277 in
639 254 774 284 aspectum
800 249 957 277 cadentibus
988 249 1186 279 inhaerescere;
1210 249 1361 281 condiscas,
1380 249 1433 276 imo
1465 249 1553 283 potius
1587 257 1647 276 cum
1679 249 1910 277 intellectihilibus

294 298 374 324 rebus
388 304 524 333 assurgas,
544 301 623 331 atque
640 296 785 329 intelligas,
804 303 864 330 quae
880 300 982 322 natura:
994 295 1074 327 ratio,
1095 302 1154 328 qua:
1172 295 1239 321 ratio
1258 294 1460 321 lncarnationis.

329 341 400 369 XIX.
418 342 466 368 llic
478 342 562 373 enim,
578 349 657 375 quem
671 349 742 368 nunc
757 341 923 376 asperneris,
940 340 1074 375 quondam
1089 346 1113 373 Α

294 394 365 422 erat,
382 393 410 415 et
421 395 500 422 supra
515 393 540 414 te
552 393 628 414 erat:
641 388 686 421 qui
705 395 777 414 nttnc
799 387 880 414 homo
900 392 953 418 est,
969 394 1078 421 compo-

299 435 407 462 sitionis
421 441 518 468 expers
534 438 603 460 erat.
621 433 698 466 Quod
720 436 789 464 erat,
821 433 971 466 permansit
987 441 993 459 :
1008 432 1078 466 quod

297 489 349 508 non
366 485 435 513 erat,
454 479 610 512 assumpsit.
628 478 656 504 ln
677 478 809 511 principio
825 477 884 504 sine
912 484 992 503 causa
1007 480 1077 503 erat.

295 526 360 560 Qum
371 527 442 553 enim
460 525 506 552 Dei
520 531 600 551 causa
615 523 703 550 aﬂ‘erri
720 523 822 558 queat?
847 523 882 550 At
899 528 991 558 postea
1009 529 1078 556 quo-

295 579 348 607 que
363 576 436 598 certa
452 571 485 598 de
499 578 579 597 causa
598 575 677 597 natus
692 574 743 596 est.
758 569 795 596 Ea
814 574 902 595 autem
917 573 985 600 erat,
1001 573 1029 594 ut
1039 573 1079 598 tu,

295 617 414 645 insolens
438 623 471 643 ae
496 620 630 650 proterve,
659 615 771 642 salutem
796 614 1014 649 consequereris,
1034 614 1078 647 qui

294 664 422 691 deitatem
441 661 542 689 ideirco
568 661 729 693 contemnis,
748 661 809 695 quia
833 660 986 687 crassitiem
1005 664 1077 686 tuam

294 709 422 742 suscepit,
438 715 486 743 per
498 706 685 735 intermediam
701 712 818 734 mentem
834 714 894 734 cum
915 713 998 733 carne
1013 713 1079 732 con-

291 755 497 789 junctus,atque
509 753 620 780 inferior
633 752 678 779 hic
687 752 769 780 homo
783 752 853 779 Deus
869 751 992 784 ell‘ectus,
1006 757 1079 786 post-

294 808 408 835 eaquam
436 807 497 827 eum
523 799 579 826 Deo
604 798 714 832 coaluit,
739 798 975 833 przestantiorique
1002 803 1079 833 parte

295 851 450 881 superante,
468 853 537 872 unus
552 845 637 872 factus
650 849 702 877 est,
725 848 755 871 ut
781 844 837 878 ipse
856 851 964 879 quoque
976 847 1078 871 tantum

295 892 362 920 deus
387 890 495 923 elliciar,
507 896 636 925 quantum
650 890 693 916 ille
708 890 800 917 homo.
813 889 896 916 Natus
906 890 1014 924 quidem
1026 895 1078 922 est,

296 937 343 964 sed
361 937 443 964 etiam
459 937 566 971 genitus
597 941 672 962 erat:
703 943 735 962 ex
759 935 872 962 muliere
894 935 1012 970 quidem,
1032 935 1078 961 sed

296 984 378 1011 etiam
393 983 506 1017 virgine.
524 981 588 1008 lllutl
610 983 766 1012 humanum,
782 981 833 1007 hoc
845 981 973 1007 divinum.
991 981 1078 1007 Patris

298 1035 395 1062 expers
413 1028 467 1058 hic,
485 1027 578 1053 matris
601 1033 697 1060 expers
721 1025 786 1053 illic.
811 1025 961 1059 Utrttmque
981 1026 1076 1052 horum

295 1073 444 1101 divinitatis
456 1078 506 1100 est.
524 1072 645 1099 Materno
658 1072 765 1107 quidem
790 1076 867 1098 utero
885 1076 1007 1106 gestatus
1022 1075 1077 1104 est,

294 1126 388 1146 verum
400 1119 554 1154 apropheta
570 1118 693 1152 cognitus
706 1122 749 1145 est
767 1117 840 1150 '°"",
863 1121 890 1144 et
914 1117 1022 1152 quidem
1050 1117 1076 1143 in

295 1166 371 1189 utero
383 1162 471 1188 adluit:
485 1163 651 1194 exsistente,
669 1167 749 1196 atque
776 1169 866 1188 coram
885 1160 983 1193 Verbo,
1005 1161 1080 1195 cujus

296 1215 378 1234 causa
395 1212 553 1241 procreatus
569 1207 667 1239 fuerat,
682 1207 957 1234 exsultaute.Panuis
972 1207 1079 1241 quidem

296 1253 432 1280 involutus
449 1259 501 1284 est,
521 1257 548 1278 at
577 1253 722 1287 sepultura:
749 1252 847 1280 fascias
871 1253 1007 1279 redivivus
1030 1261 1079 1279 ex-

297 1301 393 1327 cussit.
411 1299 439 1325 ln
456 1299 588 1334 przesepio
601 1299 710 1333 quidem
726 1298 872 1325 reclinatus
889 1303 940 1331 est,
951 1304 1078 1325 ueterum

297 1345 331 1371 ab
347 1344 451 1378 angelis
465 1344 616 1371 celebratus
630 1348 671 1370 est
683 1343 717 1375 “‘,
733 1348 757 1370 et
779 1351 793 1369 ει
809 1343 886 1369 stella
899 1343 1081 1375 indicatus,et

297 1396 312 1416 a
326 1388 410 1424 Magis
426 1390 553 1416 adoratus
565 1389 598 1415 ⁵⁷.
615 1388 668 1415 Cur
685 1393 713 1419 tu
731 1389 763 1413 ad
787 1387 822 1418 id,
841 1388 912 1422 quod
926 1388 1010 1415 oculis
1022 1396 1082 1416 cer-

298 1434 381 1465 nitur,
395 1433 520 1464 oﬂ'endis,
532 1435 593 1460 dum
608 1441 661 1460 non
679 1434 704 1460 id
724 1439 843 1467 spectas,
865 1433 939 1472 quod
952 1433 1042 1460 animo
1054 1438 1082 1460 et

297 1479 474 1514 intelligentia
490 1479 656 1514 percipitur?
674 1479 703 1505 In
728 1477 876 1513 [Egyptum
898 1478 1006 1512 quidem
1023 1481 1082 1513 pul-

297 1530 345 1553 sus
360 1528 418 1551 est:
433 1532 525 1550 verum
539 1524 725 1559 Egyptiorum
734 1531 842 1551 errores
852 1524 877 1550 in
888 1523 977 1558 fugam
989 1525 1079 1552 vertit.

1162 340 1212 368 ιΘι.
1227 337 1311 371 Οὗτος
1325 340 1379 374 γὰρ
1393 341 1407 366 ὁ
1427 340 1474 365 νῦν
1491 349 1529 366 σοι
1548 339 1808 374 καταφρονούμενος,
1824 337 1858 374 ἦν
1871 339 1914 366 ὅτε

1130 386 1177 412 καὶ
1194 386 1264 420 ὑπὲρ
1278 386 1307 412 σὲ
1323 383 1373 421 ἦν’
1389 386 1404 411 ὁ
1418 385 1465 412 νῦν
1485 386 1637 420 ἄνθρωπος,
1654 386 1700 412 καὶ
1714 385 1857 416 ἁσύνϐετος
1870 383 1913 420 ἦν.

1133 432 1165 458 Ὂ
1180 432 1228 466 μὲν
1241 430 1283 467 ἦν,
1299 432 1432 466 διέμεινεν
1443 441 1449 448 ·
1464 433 1478 458 ὂ
1502 432 1530 459 δὲ
1542 433 1591 458 οὐκ
1609 431 1653 467 ἦν,
1669 432 1845 467 προσέλαϐεν.
1871 433 1915 459 Ἐν

1129 478 1198 512 ἀρχῇ
1217 475 1249 512 ἦν
1274 478 1401 509 ἀναιτίως
1418 478 1492 512 (55)’
1516 478 1558 509 τίς
1580 478 1633 513 γὰρ
1659 478 1733 504 αἰτία
1750 478 1832 510 Θεοῦ;
1848 478 1916 504 ἀλλά

1130 523 1175 550 καὶ
1190 523 1301 558 ὕστερον
1312 524 1407 557 γέγονε
1419 524 1452 550 δι’
1467 524 1566 551 αἰτίαν.
1587 525 1616 550 'll
1639 525 1666 550 δὲ
1682 522 1727 560 ἦν,
1743 524 1773 550 τὸ
1784 524 1812 550 σὲ
1828 525 1915 560 σωοῆ-

1129 578 1172 596 ναι
1187 569 1231 594 τον
1248 569 1387 604 ὑϐριστὴν,
1404 569 1433 602 ὃς
1447 570 1490 596 διὰ
1504 569 1582 596 τοῦτο
1602 572 1775 606 περιφρονεῐς
1790 570 1913 609 Oed-rum,

1129 616 1169 641 ὅτι
1191 615 1240 650 τὴν
1258 615 1306 651 σὴν
1322 615 1465 651 παχύτητα
1491 616 1658 648 κατεδέξατο,
1677 617 1720 643 διὰ
1751 616 1832 651 μέσου
1856 617 1915 649 vei);

1128 660 1261 695 ὁμιλήσας
1279 661 1370 696 σαρκὶ,
1389 662 1436 687 καὶ
1463 661 1606 697 γενόμενος
1629 661 1770 697 ἄνθρωπος
1795 663 1808 688 ὁ
1840 663 1915 689 κάτω

1130 706 1197 740 (56),
1213 707 1288 739 Θεὸς,
1306 707 1398 742 ἐπειδὴ
1427 707 1612 743 συνέπινε-ἀρά.οη
1643 708 1712 744 Θεῷ,
1743 709 1791 735 καὶ
1805 710 1915 743 γέγονεν

1129 750 1168 784 εἷς
1183 753 1250 788 (57),
1262 753 1308 779 τοῦ
1326 754 1479 789 κρείττονος
1505 755 1708 790 ἐκνικήσαντος,
1737 756 1780 782 ἵνα
1793 756 1914 790 γένωμαι

1130 798 1184 832 (58)
1198 798 1323 826 τοσοῦτον
1352 800 1426 831 Θεὸς.
1445 801 1505 827 ὅσον
1536 801 1637 833 ἐκεῖνος
1656 802 1805 837 ἅνθρωπος.
1826 803 1915 836 Ἐγεν-

1129 843 1196 878 νήθη
1211 844 1269 878 μὲν,
1299 844 1366 872 ἀλλὰ
1389 846 1435 872 καὶ
1461 847 1639 882 ἑγεγέννητο·
1664 847 1696 874 ὲκ
1713 849 1839 882 γυναικὸς
1855 849 1913 884 μὲν,

1129 887 1196 914 ἀλλὰ
1211 889 1256 915 καὶ
1275 890 1420 925 παρθένου.
1438 891 1522 917 Τοῦτο
1540 891 1716 927 ἀνθρώπινον,
1736 894 1823 920 ἐκεῖνο
1834 894 1913 920 θεῖον.

1136 933 1262 968 Ἀπάτωρ
1279 934 1412 967 ἐντεῦθεν,
1429 935 1496 962 ἀλλὰ
1512 937 1558 962 καὶ
1574 937 1689 972 ἀμήτωρ
1702 937 1814 964 ἐκεῖθεν.
1838 938 1916 965 ’Ὀλον

1129 978 1208 1004 τοῦτο
1236 979 1371 1015 θεότητος.
1409 982 1592 1017 Ἐχυοφορήθη
1624 984 1681 1018 μὲν,
1707 983 1762 1010 ἀλλ’
1795 984 1916 1020 ἐγνώσθη

1131 1025 1266 1060 προφήτῃ,
1285 1026 1331 1052 καὶ
1342 1026 1416 1061 αὐτῲ
1433 1027 1651 1063 χυοφορουμένῳ,
1664 1029 1709 1055 καὶ
1721 1029 1917 1064 προσκιρτῶντι

1130 1069 1177 1095 τοῦ
1192 1070 1288 1103 Λόγου,
1315 1071 1348 1097 δι’
1377 1071 1405 1097 ὃν
1421 1072 1539 1105 ἐγένετο.
1558 1073 1769 1108 Ἑσπαργανώθη
1785 1074 1845 1109 μὲν,
1860 1074 1916 1101 ἀλλ’

1130 1115 1389 1150 ἀποσπαργανοῦται
1416 1117 1451 1143 τὰ
1473 1118 1521 1152 τῆς
1546 1119 1636 1154 ταφῆς
1664 1119 1849 1155 ἀνιστάμενος.
1874 1121 1917 1147 Ἐν

1130 1161 1216 1198 φάτνῃ
1231 1162 1280 1196 μὲν
1296 1163 1432 1199 ἁνεκλίθη,
1449 1164 1504 1190 ἀλλ’
1520 1165 1565 1191 ὑπ’
1579 1166 1702 1200 ἀγγέλων
1717 1167 1856 1202 ἐδοξάσθη,
1872 1168 1917 1193 καὶ

1130 1207 1181 1233 ὑπὸ
1195 1207 1308 1243 ἀστέρος
1319 1209 1451 1245 ἐμηνύθη,
1466 1211 1512 1237 καὶ
1528 1211 1580 1237 ὑπὸ
1593 1212 1695 1246 Μάγων
1716 1213 1915 1248 προσεκυνήθη.

1130 1252 1192 1284 Πῶς
1209 1254 1241 1279 σὺ
1254 1255 1431 1289 προσπταίεις
1454 1256 1492 1291 τῷ
1517 1256 1683 1293 βλεπομένῳ,
1716 1258 1753 1294 μὴ
1770 1259 1876 1286 σκοπῶν
1887 1261 1917 1286 τὸ

1129 1298 1290 1333 νοούμενονς
1316 1300 1501 1336 Ἐφυγαδεύθη
1527 1303 1575 1337 μὲν
1608 1305 1648 1335 εἰς
1674 1305 1821 1339 Αἴγυπτον,
1850 1307 1918 1333 ἀλλὰ

1129 1343 1296 1376 ἐφυγάδευσε
1311 1344 1346 1370 τὰ
1357 1346 1521 1378 Αἰγυπτίων.
1537 1347 1593 1374 Οὐκ
1606 1346 1677 1383 εἶχεν
1691 1347 1769 1381 εἶδος,
1786 1351 1845 1377 οὐδὲ
1857 1352 1918 1378 κάλ-

1129 1389 1173 1420 λος
1186 1390 1260 1425 παρὰ
1283 1391 1433 1423 Ἰουδαίοις·
1449 1392 1516 1418 ἀλλὰ
1531 1393 1568 1428 τῷ
1593 1394 1674 1421 Δαϐὶδ
1688 1395 1787 1431 ὡραῖος
1805 1395 1839 1432 ἦν
1854 1398 1918 1424 κά).-

1130 1434 1171 1461 λει
1202 1435 1276 1472 παρὰ
1292 1436 1356 1468 τοὺς
1371 1438 1446 1469 υἱοὺς
1477 1439 1530 1465 τῶν
1548 1439 1709 1476 ἀνθρώπων,
1737 1443 1794 1469 ἀλλ’
1808 1444 1853 1470 ἐπὶ
1870 1445 1917 1470 τοῦ

1129 1481 1208 1517 ὅρους
1221 1482 1381 1518 ἀστράπτει,
1409 1484 1455 1510 καὶ
1469 1486 1544 1520 ἡλίου
1558 1487 1781 1525 φωτοειδέστερος
1803 1490 1917 1525 γίνεται,

1130 1527 1159 1553 τὸ
1174 1527 1270 1562 μέλλον
1288 1530 1484 1564 μυσταγωγῶν.

297 1567 356 1596 Νοιι
369 1574 428 1597 erat
444 1569 480 1596 illi
495 1570 600 1604 species
616 1577 705 1604 neque
721 1571 803 1597 decor
813 1569 836 1585 ⁸⁸
862 1571 933 1604 apud
967 1569 1096 1598 Judaeos:
1116 1573 1162 1599 sed
1180 1575 1250 1607 apud
1285 1575 1423 1608 Davidem,
1450 1577 1586 1610 speciosus
1604 1583 1662 1605 erat
1680 1579 1764 1608 forma
1791 1590 1845 1616 prae
1859 1583 1920 1610 filiis

298 1617 437 1644 hominum
455 1617 489 1650 δ’,
504 1623 585 1652 atque
599 1618 680 1645 etiam
710 1618 737 1645 in
749 1623 850 1651 monte,
869 1617 983 1653 fulguris
1004 1619 1100 1653 instar,
1121 1620 1202 1655 lucet,
1224 1630 1255 1650 ac
1269 1624 1326 1650 sole
1350 1624 1449 1652 clarior
1466 1626 1580 1653 elhcitnr
1594 1625 1637 1659 θ’,
1653 1626 1772 1654 futurum
1797 1629 1920 1656 videlicet

298 1663 468 1698 splendorem
485 1664 659 1691 adumbratis.

333 1708 415 1744 538
428 1709 486 1736 XX.
501 1709 657 1744 Baptizatus
667 1710 691 1725 ⁵⁸
707 1710 815 1744 quidem
832 1715 872 1738 est
885 1716 914 1738 ut
931 1712 1010 1738 homo
1021 1720 1027 1738 :
1038 1712 1081 1739 sed

1170 1713 1209 1740 K'.
1232 1713 1397 1749 Ἐϐαπτίσθη
1420 1716 1468 1750 μὲν
1488 1716 1525 1747 ὡς
1539 1716 1689 1752 ἄνθρωπος,
1707 1718 1763 1744 ἀλλ’
1785 1719 1920 1755 ἁμαρτίας

298 1761 410 1788 peccata
426 1754 534 1781 sustulit
553 1759 582 1781 ut
600 1755 686 1786 Deus;
716 1763 768 1781 non
790 1757 861 1790 quod
879 1756 1084 1784 lustrationibus

300 1801 444 1835 indigeret,
461 1802 507 1828 sed
526 1807 555 1827 ιιι
584 1801 663 1834 aquis
687 1801 754 1835 ipsis
770 1801 942 1828 sanctitatem
964 1801 1082 1828 aﬂ'erret.

300 1846 430 1874 Tentatus
448 1851 489 1874 est
518 1851 545 1873 ut
567 1847 647 1873 homo
667 1856 673 1873 :
694 1851 722 1873 at
743 1847 884 1874 victoriam
905 1847 1019 1882 adeptus
1042 1853 1084 1875 est

300 1897 331 1920 ut
347 1893 433 1925 Deus;
449 1900 543 1919 verum
560 1892 698 1919 cortlidere
717 1900 765 1919 nos
779 1893 866 1926 jubet,
885 1897 914 1919 ut
938 1893 984 1927 qui
1005 1901 1083 1920 mun-

301 1939 364 1966 dum
379 1938 484 1966 vicerit.
505 1939 586 1966 Fame
601 1939 712 1966 allectus
726 1939 796 1966 est“
816 1948 823 1966 ι
839 1939 885 1965 sed
902 1939 986 1965 multa
999 1939 1083 1965 homi-

301 1992 366 2012 num
381 1984 465 2011 millia
491 1985 558 2011 aluit
571 1985 605 2018 υ,
630 1985 740 2019 ipseque
761 1985 838 2018 panis
862 1989 903 2012 est
916 1984 1038 2011 viviﬁcus
1052 1991 1082 2011 ac

301 2029 421 2057 caelestis
431 2029 466 2056 ".
485 2029 535 2056 Siti
553 2029 687 2056 laboravit
700 2029 733 2062 ⁸⁸,
754 2029 801 2056 sed
818 2029 946 2056 clamavit
961 2038 967 2056 :
985 2028 1014 2056 Si
1026 2029 1083 2063 quis

301 2075 367 2108 sitit,
381 2076 467 2102 veniat
481 2076 515 2102 ad
529 2083 578 2108 me,
587 2080 611 2102 et
625 2075 725 2102 bibat"
739 2085 746 2102 :
759 2079 841 2109 atque
854 2075 935 2102 etiam
948 2074 1082 2101 facturum

302 2128 333 2148 se
350 2122 486 2155 pollicitus
499 2126 551 2153 est,
564 2127 593 2148 ut
604 2122 650 2156 qui
665 2122 717 2149 ﬁde
728 2121 831 2156 praediti
851 2126 925 2153 sunt,
941 2120 1024 2148 fontis
1039 2121 1081 2147 in-

302 2171 370 2199 star,
380 2167 538 2194 scaturiant.
558 2166 698 2202 Fatigatus
725 2172 765 2194 est
788 2166 812 2182 ³⁵
829 2175 836 2194 :
851 2166 898 2194 sed
916 2173 1022 2198 eorum,
1038 2166 1083 2200 qui

302 2212 458 2248 fatigantur,
472 2218 553 2248 atque
565 2214 670 2241 onerati
685 2219 757 2245 sunt,
767 2218 809 2240 est
827 2213 933 2248 requies
941 2212 1084 2240 “.Somuo

343 2298 472 2327 Im“Luc.
485 2308 505 2333 ι,
521 2300 565 2327 Η.
602 2300 625 2316 ⁸⁸
639 2299 705 2327 Luc.
722 2308 752 2331 ll,
769 2300 784 2326 7
800 2308 859 2334 sqq.

303 2343 370 2367 xv",
384 2335 411 2362 2.
464 2335 487 2351 ⁵⁸
505 2335 597 2362 Matth.
614 2343 655 2367 ιιι,
674 2336 715 2362 l6.

767 2336 790 2351 “
813 2335 907 2362 Matth.
921 2344 957 2367 tv,
972 2336 997 2368 1,
1020 2337 1046 2362 2.

302 2371 325 2387 ⁸⁵
338 2371 417 2399 Joan.
429 2377 476 2403 vn,
491 2370 534 2398 57.
574 2370 681 2397 “Joau.
691 2378 728 2402 tv,
740 2370 766 2397 6.

805 2370 827 2386 ⁸⁷
852 2370 946 2397 Μυιιιι.
977 2379 1016 2405 xi,
1043 2371 1087 2399 28.

899 2301 920 2316 ⁸⁷
929 2300 1024 2327 Matth.
1039 2309 1068 2334 ιι,
1087 2302 1105 2328 2
1123 2310 1182 2337 sqq.
1235 2303 1257 2319 "‘
1273 2304 1324 2331 lsa.
1342 2312 1361 2330 l.‘

901 2344 957 2366 .iv.
972 2336 997 2366 Ι,
1020 2337 1046 2362 2.
1096 2338 1118 2353 ⁵³
1131 2338 1226 2366 Matth.
1251 2347 1305 2366 xw.
1329 2339 1361 2366 21

1138 1759 1232 1786 ἔλυσεν
1245 1760 1283 1792 ὡς
1296 1761 1360 1792 Θεός
1371 1769 1378 1776 '
1390 1762 1420 1787 οὐ
1435 1762 1591 1798 καθαρσίων
1618 1764 1698 1796 αὐτὸς
1712 1764 1848 1800 δεόμενος,
1864 1766 1920 1793 ἀλλ’

1139 1806 1172 1832 ἵν’
1186 1807 1286 1843 ἁγιάσῃ
1303 1806 1337 1833 τὰ
1355 1807 1448 1835 ὕδατα.
1468 1809 1679 1844 Ἐπειράσθηώς
1693 1810 1843 1845 ἄνθρωπος,
1863 1812 1920 1838 ἀλλ’

1138 1851 1263 1887 ἐνίκησεν
1281 1852 1319 1884 ὡς
1333 1853 1413 1884 Θεὸς·
1435 1853 1504 1880 ἀλλὰ
1530 1854 1640 1890 θαρρεῖν
1661 1855 1855 1888 διακελεύεται,
1883 1858 1921 1889 ὡς

1137 1898 1238 1932 κόσμον
1253 1899 1410 1934 νενικηκώς.
1433 1899 1590 1935 Ἐπείνησεν
1614 1902 1679 1937 (59),
1693 1903 1749 1929 ἀλλ’
1765 1903 1862 1940 ἔθρεψε
1881 1915 1921 1940 χι-

1137 1941 1240 1973 λιάδας,
1261 1942 1317 1968 ἀλλ’
1333 1943 1414 1978 ἄρτος
1430 1944 1488 1970 ἐστὶ
1503 1944 1615 1976 ζωτικὸς
1637 1947 1682 1972 καὶ
1695 1948 1828 1982 οὐράνιος.
1851 1950 1918 1976 Ἐδί›

1135 1986 1231 2021 ψηπεν,
1261 1987 1317 2013 ἀλλ’
1348 1989 1477 2024 ἐϐόησεν·
1512 1990 1579 2017 Ἐάν
1606 2000 1651 2024 τις
1679 1992 1761 2027 διψᾷ,
1790 1994 1921 2028 ἐρχέσθω

1136 2032 1211 2066 πρός
1223 2041 1270 2066 με,
1289 2034 1337 2060 καὶ
1359 2036 1481 2061 πινέτω·
1499 2036 1567 2062 ἀλλὰ
1585 2037 1630 2063 καὶ
1645 2039 1778 2074 πηγάζειν
1789 2040 1922 2075 ὑπέσχετο

1136 2078 1198 2108 τοὺς
1212 2078 1397 2110 πιστεύοντας.
1425 2081 1594 2113 Ἐκοπίασεν,
1619 2083 1687 2110 ἀλλὰ
1703 2084 1756 2110 τῶν
1766 2085 1922 2112 κοπιώντων

1136 2122 1183 2149 καὶ
1196 2125 1417 2159 πεφορτισμένων
1429 2127 1501 2152 ἐστὶν
1513 2127 1674 2160 ἀνάπαυσις.
1701 2129 1849 2166 Ἐὃαρύνθη
1865 2132 1920 2166 (40)

1139 2169 1188 2203 μὲν
1201 2169 1286 2205 ὕπνῳ,
1302 2170 1359 2197 ἀλλ’
1373 2171 1418 2197 ἐπὶ
1435 2172 1569 2206 πελάγους
1594 2174 1760 2209 κουφίζεται,
1787 2176 1845 2202 ἀλλ’
1861 2177 1921 2202 ἐπι-

1137 2215 1204 2249 τιμᾷ
1220 2214 1379 2250 πνεύμασιν,
1416 2216 1483 2243 ἀλλὰ
1497 2217 1598 2252 Πέτρον
1623 2219 1744 2253 κουφίζει
1760 2219 1921 2256 βαπτιζόμε-

1235 2303 1257 2319 ⁸⁵¹
1273 2304 1324 2331 lsa.
1342 2312 1407 2336 un,
1426 2305 1453 2331 2.
1506 2305 1527 2321 ⁴⁰
1543 2305 1613 2332 Psal.
1628 2314 1699 2337 xuv,
1716 2308 1742 2334 5.
1780 2308 1814 2323 δ⁹⁹
1827 2308 1921 2336 Matth.

1415 2339 1556 2373 “Joannr,
1575 2341 1620 2369 ltl.
1667 2342 1690 2362 6"
1712 2342 1789 2370 Joan.
1802 2351 1858 2378 χιι,
1875 2345 1921 2374 9-8.

303 2449 349 2476 hic
364 2448 527 2482 signiﬁcare,
541 2448 610 2482 quod
631 2453 722 2481 postea
746 2448 872 2484 Cyrillus.
893 2455 954 2484 cum
972 2458 981 2473 ‹
999 2457 1079 2475 unam
1096 2451 1118 2478 D
1133 2457 1254 2484 personae
1277 2450 1328 2478 sibi
1356 2450 1503 2483 conjunxit.
1519 2450 1563 2478 Sic
1578 2452 1649 2478 enim
1665 2452 1814 2481 locutiones
1828 2454 1895 2482 istas
1916 2465 1922 2482 :

304 2484 351 2510 Dei
368 2484 440 2510 verbi
453 2489 574 2509 naturam
593 2483 758 2509 incantatam
777 2492 786 2508 ›
815 2483 891 2509 dixit.
909 2483 959 2509 Per
978 2493 986 2508 ι
1004 2489 1080 2511 natu-

305 2525 364 2553 tan}
379 2527 388 2543 I
404 2518 474 2544 enim
490 2518 613 2551 intelligit
623 2519 721 2552 id,quo
732 2523 772 2545 est
786 2518 943 2551 simpliciter
956 2525 982 2545 et
992 2527 1082 2553 mqua-

304 2553 337 2589 lirs
352 2552 424 2589 Patri
435 2562 441 2586 ;
452 2560 509 2589 iper
522 2562 531 2578 t
547 2553 773 2589 dispensationem
789 2562 798 2578 ι
813 2559 886 2586 vero,
903 2561 1011 2581 carnem
1027 2552 1081 2589 Qua

304 2587 399 2615 similis
417 2588 491 2614 nobis
507 2589 585 2614 homo
600 2588 713 2614 exstitit.

340 2622 395 2658 (55)
412 2622 563 2654 Ἀναιτίως.
584 2622 654 2654 Pan,
672 2623 798 2654 ἀναίτιος.
818 2633 827 2648 ι
844 2623 907 2651 Siue
922 2632 1012 2656 causa,
1024 2631 1084 2658 pro-

305 2661 365 2692 pter
378 2664 457 2690 quam
473 2663 554 2684 esset.
571 2668 579 2682 ι

341 2691 397 2726 (56)
413 2692 582 2726 Ἀνθρωπος
597 2693 613 2718 ὁ
627 2691 716 2721 κάτω.
738 2699 790 2720 etc.
819 2703 827 2718 ι
847 2693 930 2720 llmno
959 2699 1083 2720 terrenus

306 2726 393 2754 factus
410 2731 451 2754 est.
467 2727 552 2753 Dens:
573 2736 581 2752 ι
597 2735 647 2753 non
658 2728 728 2761 quod
748 2729 837 2759 homo,
858 2730 883 2754 in
900 2730 1006 2763 propria
1023 2736 1084 2762 per-

307 2769 371 2797 sona
389 2763 443 2797 jatn
461 2763 621 2793 subsistens,
634 2762 800 2789 divinitatem
821 2764 855 2790 sit
868 2768 1039 2794 consecutus,
1056 2767 1084 2788 ut

308 2805 322 2823 a
339 2796 461 2824 Nestorio
486 2803 577 2832 postea
599 2797 697 2823 dictum
725 2803 781 2831 est;
806 2798 852 2824 sed
881 2799 942 2832 quia
968 2798 1084 2824 Verbum

308 2832 452 2861 humanam
465 2837 588 2859 naturam
607 2833 759 2866 assumpsit,
783 2840 894 2867 eamque
909 2834 935 2860 in
956 2834 1084 2860 unitatem

1138 2494 1147 2510 ι
1167 2485 1252 2512 Homo
1267 2485 1338 2512 Deus
1353 2486 1494 2521 effectus:
1516 2486 1600 2513 llomu
1626 2495 1790 2521 assumptus.
1813 2498 1822 2514 ι
1841 2491 1926 2516 inte-r-

1135 2520 1411 2559 pretzlnturtheplogi.
1429 2521 1492 2559 Vide
1507 2521 1609 2559 ESLllllp
1626 2521 1672 2548 lib.
1689 2520 1730 2552 Ill,
1747 2524 1809 2550 dist.
1828 2532 1853 2553 ν,
1868 2525 1881 2559 §
1896 2525 1924 2551 ι.

1170 2555 1226 2590 (37)
1238 2555 1290 2581 Kal
1308 2553 1430 2590 γέγοᾶπεν
1446 2553 1499 2588 εἷς.
1514 2565 1523 2581 ι
1542 2556 1574 2582 Ει
1589 2556 1675 2583 factus
1689 2562 1730 2584 est
1753 2566 1838 2591 unus;
1861 2553 1881 2585 ιυ
1900 2561 1925 2587 id

1135 2595 1186 2620 est,
1207 2600 1216 2615 ‹
1228 2598 1296 2616 unus
1311 2591 1499 2617 Deus-Immo.)

1171 2625 1461 2663 (5$)_"Irft_rét‘wyut.
1484 2626 1547 2660 licg.
1565 2625 1658 2661 (ἔγω-η
1680 2626 1834 2663 γενώμεθα,
1855 2638 1866 2654 ‹
1897 2633 1927 2655 ut

1137 2667 1184 2686 nos
1202 2661 1237 2686 dii
1253 2660 1408 2686 t-lliciatnur.
1431 2669 1440 2685 ι

1172 2695 1226 2729 (59)
1260 2695 1446 2735 ἰζῑζιῖίιησεᾺ
1475 2694 1503 2721 In
1532 2694 1628 2723 Matth.
1658 2704 1699 2728 tv,
1728 2697 1763 2728 2,

1138 2737 1193 2759 σΞν,
1209 2738 1218 2754 t
1239 2735 1343 2756 csurttt.
1363 2739 1372 2755 ι

1163 2764 1228 2825 ἡ(³4ῃῆ0)
1245 2765 1416 2799 Ἐϐαρύνθη.
1425 2765 1492 2793 Tres
1504 2765 1587 2801 Regg.
1600 2770 1627 2794 et
1640 2771 1756 2801 quatuor
1764 2766 1852 2800 Colb.,
1868 2767 1926 2794 £5.1-

1800 2697 1927 2724 Ἐπείνα-
