2049 3131
126 138 170 166 NH

632 134 761 163 ORATIO
781 135 876 163 XXIX.
898 151 931 156 —
952 135 1172 164 THEOLOGICA
1194 136 1227 163 Ill

1700 135 1750 162 109

125 205 176 223 vov.
196 195 291 221 Δίδωσι
320 194 406 226 τέλος,
421 193 478 221 ἀλλ’
495 193 524 227 ἐξ
547 194 648 229 ἰχθύος,
677 195 744 222 ἀλλὰ
773 195 913 230 βασιλεύει

976 197 1112 230 lepressus
1125 201 1165 223 est
1181 197 1224 223 ηε
1241 203 1289 223 sea
1301 203 1328 223 tn
1344 195 1412 222 mari
1426 195 1492 222 levis
1515 194 1624 226 .ncedit,
1642 202 1674 222 ac
1689 202 1753 222 ven-

126 241 175 268 τῶν
187 241 384 268 ἀπαιτούντων.
402 240 575 275 Σαμαρείτης
596 240 690 267 ἀκούει
708 242 755 267 καὶ
769 240 914 276 δαιμονῶν,

127 287 192 323 πλὴν
216 287 296 319 σώζει
311 287 358 312 τὸν
372 286 427 312 ἀπὸ
449 285 624 321 Ἰερουσαλὴμ
645 286 855 318 καταϐαίνοντα,
870 287 916 313 καὶ

127 333 234 368 λῃσταῖς
261 332 453 367 περιπεσόντα,
481 331 549 366 πλὴν
573 331 626 358 ὑπὸ
641 332 777 367 δαιμόνων
789 333 917 367 ἐπιγινώ-

128 387 228 409 σκεται,
245 379 293 404 καὶ
320 377 466 404 ἀπελαύνει
491 378 632 413 δαίμονας,
651 379 697 404 καὶ
710 378 846 412 λεγεῶνας
861 378 917 414 (εΗ)

128 425 285 460 πνευμάτων
299 424 413 459 βυθίζει,
441 423 488 450 καὶ
503 423 540 456 ὡς
554 424 697 459 ἀστραπὴν
717 425 768 460 ὁρᾷ
781 424 915 450 πίπτοντα

127 471 168 498 τὸν
182 471 302 506 ἀρχηγὸν
314 471 368 497 τῶν
384 470 529 505 δαιμόνων.
544 469 700 502 Λιθάξεται,
722 470 779 496 ἀλλ’
793 471 841 505 οὐχ
857 470 913 496 ἀλί-

129 527 228 546 σκεται.
243 517 439 554 Προσεύχεται,
455 518 514 544 ἀλλ’
532 517 662 544 ἐπακούει
675 527 681 532 -
700 518 830 552 δακρύει,
850 517 918 543 ἀλλὰ

129 564 206 591 παύει
223 563 356 599 δάκρυον·
381 564 471 598 ἐρωτᾷ
489 562 542 589 ποῦ
561 562 681 589 τέθειται
708 563 845 598 Λάζαρος,
870 562 917 589 ἄν-

129 611 234 647 θρωπος
245 610 299 646 γὰρ
314 607 363 645 ἦν·
379 609 436 635 ἀλλ’
454 609 554 644 ἐγείρει
570 608 705 644 Λάζαρον,
722 608 787 640 Θεὸς
804 608 858 642 γὰρ
873 605 916 643 ἦν.

129 653 259 680 Πωλεῖται
289 653 336 680 κα)⁸
357 652 419 679 λίαν
443 652 560 684 εὐώνως,
582 653 730 688 τριάκοντα
758 652 813 688 γὰρ
834 653 919 687 ἀργυ-

130 700 209 736 ρίωνο
233 699 291 726 ἀλλ’
315 699 475 734 ὲξαγοράξει
494 699 596 734 κόσμον
623 699 690 733 (42),
720 699 767 725 καὶ
798 698 920 734 μεγάλης

129 745 220 780 τιμῆς,
249 743 295 771 τοῦ
326 744 389 771 ἰδίου
416 743 470 780 γὰρ
497 744 622 778 αἵματος.
646 743 690 774 Ὠς
718 743 854 778 πρόϐατον
873 743 920 769 ἐπὶ

131 792 234 826 σφαγὴν
248 790 353 824 ἄγεται,
378 790 447 817 ἀλλὰ
472 790 611 825 ποιμαίνει
627 789 671 815 τὸν
692 789 808 825 Ἰσραὴλ,
829 788 877 815 νῦν
892 789 920 815 δὲ

129 837 174 864 καὶ
186 837 276 864 πᾶσαν
291 836 339 872 τὴν
362 836 534 871 οἰκουμένην.
559 836 603 867 Ὠς
615 835 700 870 ἀμνὸς
713 835 830 869 ἄφωνος,
853 835 921 862 ἀλλὰ

969 245 1009 268 tos
1026 241 1156 276 increpat,
1167 239 1346 275 fetrumque,
1359 247 1420 267 cum
1437 240 1492 273 jam
1504 240 1754 273 mergeretur,sub-

972 287 1043 314 levat
1072 287 1106 313 ".
1128 286 1251 321 Vectigal
1283 287 1396 320 pendit,
1416 286 1463 313 sed
1488 292 1519 312 ex
1540 286 1615 320 pisce
1652 286 1686 317 “,
1707 285 1755 312 sed

967 332 1130 367 exigentium
1146 331 1203 359 Rex
1215 336 1265 359 est.
1283 332 1471 359 Samaritanus
1482 336 1595 358 vocatur
1612 336 1640 358 et
1656 331 1758 358 (immo-

973 380 1066 406 niacus
1079 378 1099 394 ⁶¹
1116 388 1122 405 :
1143 383 1171 405 at
1194 378 1230 412 ei,
1243 379 1287 413 qui
1314 379 1347 405 ab
1366 378 1517 405 Jerusalem
1549 377 1718 404 descendens
1733 376 1756 391 "

968 423 994 450 in
1009 423 1126 450 latrones
1142 423 1284 455 inciderat,
1301 423 1414 450 salutem
1432 422 1519 455 all'ert,
1531 426 1613 456 atque
1629 430 1642 448 a
1657 422 1757 448 diemo-

970 468 1050 495 nibus
1076 469 1233 503 agnoscitur
1248 468 1279 500 ‘3,
1311 472 1337 495 et
1356 468 1493 495 daemones
1517 467 1605 502 fugat,
1627 471 1654 494 et
1677 466 1758 501 spiri-

969 514 1175 550 tuumlegioues
1191 515 1217 541 in
1231 522 1307 541 mare
1323 515 1475 548 praecipites
1483 514 1539 548 agit
1552 513 1585 545 ⁸⁸,
1595 513 1759 548 principem-

970 567 1023 595 que
1041 561 1203 592 dtemonum.
1218 561 1294 594 quasi
1310 560 1561 595 fulgur,cadenlem
1575 559 1648 586 videt
1660 559 1691 586 ⁷³.
1705 559 1758 585 La-

971 605 1078 640 pidibus
1092 606 1202 640 petitur,
1216 606 1262 632 sed
1279 613 1331 632 non
1347 605 1477 640 arripitur
1490 605 1524 631 6°.
1540 604 1615 637 Orat,
1630 604 1677 631 sed
1691 604 1760 630 alios

971 658 1082 679 orantes
1099 652 1221 678 exaudit.
1235 651 1424 686 Collacrymat,
1445 652 1490 677 sed
1517 651 1651 685 lacrymas
1663 650 1757 683 sedat;

970 697 1068 731 qumrit
1085 697 1130 723 ubi
1144 697 1251 731 positus
1262 697 1296 723 sit
1309 696 1430 723 Lazarus
1448 697 1481 729 ⁸⁷,
1500 697 1579 723 homo
1591 696 1663 723 enim
1682 701 1757 728 erat;

972 744 1017 769 sed
1027 742 1159 769 Lazarum
1174 750 1189 769 a
1208 748 1295 770 morte
1319 743 1351 769 ad
1367 744 1448 769 vitam
1473 744 1584 776 excitat,
1597 743 1667 770 Deus
1686 742 1760 769 enim

972 793 1041 815 erat.
1056 788 1198 821 Venditur,
1222 793 1249 816 et
1280 789 1388 823 quidem
1409 788 1453 815 vili
1474 789 1572 822 pretio,
1598 796 1695 823 nempe
1713 788 1759 815 tri-

975 834 1048 868 ginta
1064 835 1202 869 argenteis
1216 834 1255 860 “:
1273 835 1320 861 sed
1333 834 1442 862 interim
1458 834 1586 861 mundum
1602 835 1688 868 pretio
1704 842 1762 860 ma-

129 882 212 916 Λόγος
236 882 305 912 ἐστὶ,
322 883 397 917 φωνῇ
413 881 467 916 (45)
486 881 599 915 βοῶντος
617 881 645 906 ἐν
661 881 694 916 τῇ
709 881 804 916 ἐρήμῳ
819 888 922 914 καταγ-

976 881 1070 914 gno",
1088 881 1139 907 hoc
1160 885 1202 908 est
1225 888 1322 908 cruore
1342 889 1403 914 suo,
1435 881 1560 908 redemit.
1591 880 1627 908 Ut
1650 881 1708 908 ovis
1726 881 1761 908 ad

129 928 299 963 γελλόμενος.
306 929 347 954 Ms
352 927 527 963 μαλάκισται,
536 927 583 953 καὶ
597 935 695 963 τετραυ
700 927 839 962 μὰτισται,
855 926 924 952 ἀλλὰ

129 974 275 1010 θεραπεύει
293 975 382 1001 πᾶσαν
404 975 491 1006 νόσον,
515 974 562 1000 καὶ
586 974 676 1000 πᾶσαν
695 973 840 1008 μαλακίαν.
863 972 924 999 Ἐπὶ

129 1020 158 1047 τὺ
182 1019 260 1052 ξύλον
284 1020 427 1054 ἀνάγεται,
452 1020 677 1055 προσπήγνυται·
701 1018 768 1046 ἀλλὰ
791 1019 828 1054 τῷ
854 1018 924 1053 ξύλῳ

129 1066 177 1101 τῆς
205 1066 280 1101 ζωῆς
302 1065 528 1100 ἀποκαθίστησιν,
553 1065 621 1092 ἀλλὰ
649 1063 729 1096 σώζει
752 1065 800 1091 καὶ
823 1064 924 1100 λῃστὴν

130 1109 375 1146 συσταυρούμενον,
406 1109 474 1136 ἀλλὰ
496 1109 614 1141 σκοτίζει
641 1110 695 1135 πᾶν
711 1109 741 1135 τὸ
765 1108 923 1144 ὁρώμενον·

83 1161 104 1185 ‘,
129 1156 189 1189 ὅξος
201 1157 352 1188 ποτίζεται,
370 1156 450 1192 χολὴν
467 1156 667 1194 βρωμαςίζεται
679 1164 686 1171 ·
703 1155 745 1186 τίς
759 1164 765 1187 ;
778 1156 792 1181 ὁ
809 1155 839 1181 τὸ
852 1154 924 1189 ὕδωρ

130 1205 169 1236 εἰς
189 1202 261 1231 οἶνον
281 1203 449 1239 μεταϐαλὼν,
471 1203 545 1238 ὁτῆς
557 1203 658 1237 πικρᾶς
670 1201 789 1236 γεύσεως
809 1201 925 1228 καταλυ-

130 1251 187 1286 τὴς,
204 1251 218 1277 ὁ
236 1250 406 1285 γλυκασμὺς,
437 1249 484 1275 καὶ
502 1249 561 1280 ὅλος
583 1248 726 1283 ἐπιθυμία.
754 1247 925 1282 Παραδίδωσι

130 1297 178 1332 τὴν
200 1297 302 1332 ψυχὴν,
318 1295 376 1323 ἀλλ’
400 1295 524 1328 ἐξουσίαν
543 1294 599 1330 ἔχει
620 1295 701 1321 πάλιν
716 1294 808 1320 λαϐεῖν
826 1294 921 1329 αὐτὴν,

130 1342 196 1369 ἀλλὰ
214 1342 418 1376 καταπέτασμα
435 1341 567 1376 ῥήγνυται
586 1339 629 1375 (τὰ
646 1340 700 1375 γὰρ
720 1339 776 1366 ἂνω
793 1338 924 1374 παραδεί-

130 1389 247 1424 κνυται),
279 1387 346 1415 ἀλλὰ
363 1387 463 1421 πέτραι
482 1386 630 1422 σχίζονται,
655 1386 722 1413 ἀλλὰ
745 1386 837 1421 νεκροὶ
855 1386 926 1420 ἐγεί-

131 1442 223 1470 ρονται
245 1434 314 1469 (44).
343 1433 533 1468 Ἀποθνήσκει,
564 1432 691 1464 ζωοποιεῖ
713 1432 752 1463 δὲ,
772 1432 820 1458 καὶ
840 1439 926 1458 κατα-

131 1480 188 1506 λύει
206 1480 247 1516 τῷ
273 1480 382 1514 θανάτῳ
399 1479 444 1505 τὸν
468 1478 591 1505 θάνατον.
619 1478 755 1505 ϐάπτεται
769 1498 775 1510 ,
800 1478 856 1505 ἀλλ’
879 1478 927 1504 ἀν-

132 1526 251 1553 ίσταται.
281 1526 328 1557 Εἰς
343 1525 407 1561 ᾅδου
425 1525 558 1557 κάτεισιν,
571 1524 627 1551 ἀλλ’
645 1524 739 1557 ἀνάγει
752 1524 850 1559 ψυχὰς,
868 1525 925 1551 ἀλλ’

131 1572 170 1603 είς
193 1571 328 1606 οὐρανοὺς
353 1570 465 1602 ἄνεισιν,
486 1569 615 1605 ἀλλ’ἥξει
643 1571 733 1605 κρῖναι
750 1569 853 1601 ζῶντας
879 1571 926 1597 καὶ

129 1618 255 1651 νεκροὺς,
274 1617 404 1648 καὶτοὺς
428 1615 564 1647 τοιούτους
592 1615 735 1650 βασανίσαι
761 1615 865 1650 λόγους.
894 1617 925 1642 Εἰ

129 1663 216 1689 ταῦτα
232 1663 345 1698 ἐμποιεῖ
365 1670 405 1688 σοι
425 1661 475 1697 τῆς
491 1661 594 1696 πλάνης
606 1661 656 1696 τὴν
672 1661 809 1696 ἀφορμὴν,
835 1662 926 1688 ἐκεῖνά

131 1716 177 1734 σου
191 1707 284 1734 λυέτω
303 1706 360 1743 (45)
375 1707 424 1742 τὴν
437 1706 550 1742 πλάνην,

975 926 1140 959 occisionem
1154 927 1262 953 ducitur
1273 927 1297 942 ⁷ο
1310 935 1317 953 :
1335 935 1428 954 verum
1445 927 1572 954 lsraelem
1585 928 1681 962 pascit,
1691 933 1762 954 nunc

975 976 1064 998 autem
1078 971 1234 999 universum
1244 980 1352 1007 quoque
1366 977 1500 1000 terrarum
1514 974 1618 1000 orbem.
1633 971 1762 1008 Utagnus

975 1023 1066 1045 mutus
1083 1023 1125 1045 est
1138 1018 1172 1051 ⁷⁸,
1191 1019 1238 1046 sed
1251 1019 1320 1046 idem
1338 1019 1454 1046 Verbum
1468 1019 1600 1050 est,i|lius
1615 1019 1640 1045 in
1656 1019 1763 1046 deserto

976 1063 1117 1090 clamantis
1137 1071 1203 1091 voce
1214 1064 1237 1079 ⁷¹
1266 1065 1465 1091 annuntiatum.
1493 1064 1633 1099 Languure
1651 1063 1763 1092 allectus

976 1116 1007 1136 ac
1018 1109 1175 1137 vulneratus
1191 1114 1232 1137 est
1246 1110 1279 1142 ⁷³,
1299 1118 1391 1137 verum
1409 1111 1532 1138 morbum
1548 1118 1655 1138 omnem
1668 1116 1695 1138 et
1705 1111 1764 1137 lan-

976 1163 1088 1191 guorem
1105 1156 1180 1189 pellit
1195 1156 1226 1184 ⁷⁸.
1243 1156 1270 1183 In
1287 1157 1390 1191 lignum
1413 1157 1527 1190 tollitur,
1552 1157 1661 1192 illicque
1677 1156 1763 1192 anigi-

977 1208 1030 1235 tur,
1049 1203 1096 1230 sed
1107 1210 1156 1230 nos
1166 1203 1226 1230 vitm
1238 1203 1311 1238 ligno
1326 1203 1457 1236 restituit,
1473 1204 1519 1230 sed
1535 1203 1665 1230 latronem
1681 1203 1762 1230 etiam

976 1247 1056 1274 simul
1069 1247 1230 1282 pendentem
1246 1249 1332 1275 salute
1345 1247 1435 1280 allicit,
1464 1249 1511 1275 sed
1541 1249 1565 1275 id
1587 1256 1678 1282 omne,
1692 1248 1764 1282 quod

977 1294 1109 1326 cernitur,
1125 1294 1295 1321 obtenebrat.
1318 1295 1402 1321 Aceto
1419 1299 1535 1328 potatur,
1553 1301 1584 1321 ac
1599 1293 1662 1321 felle
1674 1294 1763 1328 pasci-

978 1343 1021 1366 tur
1034 1340 1056 1355 ⁷⁵
1073 1349 1079 1366 :
1096 1340 1142 1366 sed
1157 1340 1235 1374 quis?
1253 1340 1275 1367 ls
1300 1348 1408 1375 nempe,
1426 1341 1471 1375 qui
1501 1348 1599 1376 aquam
1627 1341 1655 1367 in
1671 1341 1763 1368 vinum

977 1387 1155 1412 commutavit
1170 1386 1205 1418 ⁷⁵,
1222 1390 1305 1420 atque
1331 1386 1528 1413 amarulentttm
1553 1386 1627 1413 illum
1657 1391 1766 1421 gustum

977 1431 1097 1463 sustulit,
1115 1431 1240 1466 ipsamet,
1255 1433 1364 1467 inquam
1377 1453 1384 1465 ,
1408 1432 1532 1464 dulcedo,
1550 1437 1674 1467 totusque
1694 1433 1766 1460 desi-

978 1476 1082 1503 deriutn
1096 1477 1129 1503 ⁷⁷.
1146 1478 1271 1504 Animam
1299 1478 1380 1505 tradit
1399 1486 1406 1504 :
1434 1479 1480 1505 sed
1506 1479 1563 1512 ejus
1589 1485 1683 1506 rursus
1698 1479 1767 1505 acci-

978 1523 1081 1557 pienda:
1093 1527 1255 1557 potestatem
1274 1524 1355 1551 habet
1371 1524 1414 1557 7‘;
1439 1524 1485 1551 sed
1521 1525 1608 1552 velum
1632 1525 1767 1559 rumpitttr

980 1568 1088 1604 (supera
1104 1569 1176 1596 enim
1189 1569 1347 1605 pateﬁunt);
1371 1571 1417 1598 sed
1438 1575 1521 1605 petrae
1535 1571 1767 1604 scinduntur;sed

980 1616 1079 1641 mortui
1095 1620 1241 1650 resurgunt
1257 1616 1290 1643 ⁷³.
1306 1615 1431 1649 Moritur,
1442 1616 1488 1644 sed
1502 1617 1586 1643 vitam
1602 1617 1766 1651 impertitur,

980 1669 1011 1688 ac
1026 1665 1113 1689 tuorte
1128 1670 1175 1689 sua
1184 1667 1296 1690 mortem
1313 1663 1470 1698 exstinguit.
1484 1663 1627 1697 Sepultura
1642 1663 1766 1695 adicitur,

981 1707 1029 1734 sed
1043 1709 1171 1743 resurgit.
1186 1708 1212 1736 In
1226 1710 1360 1737 infernum
1372 1710 1520 1742 descendit,
1530 1710 1577 1736 sed
1591 1709 1696 1737 animas
1706 1717 1768 1736 sur-

131 1761 190 1780 sum
207 1754 296 1788 ducit,
325 1759 406 1788 atque
435 1754 461 1781 in
498 1753 583 1781 caelos
620 1753 754 1785 ascendit,
784 1758 967 1788 venturusque
986 1759 1027 1781 est
1045 1756 1078 1782 ad
1094 1755 1255 1789 iudicandos
1273 1758 1349 1785 vivos
1372 1762 1399 1785 et
1424 1763 1556 1791 mortuos,
1571 1762 1597 1785 et
1612 1757 1767 1792 expenden-

132 1800 181 1825 dos
202 1799 361 1834 hujusmodi
398 1806 548 1826 sermones.
569 1798 645 1831 Quod
678 1798 699 1825 si
728 1798 773 1824 illa
799 1799 846 1825 tibi
861 1800 964 1826 erroris
983 1799 1065 1836 539
1082 1809 1175 1829 ansam
1203 1802 1330 1836 aﬂ‘erunt,
1360 1804 1416 1832 haec
1443 1811 1563 1831 errorem
1585 1809 1660 1831 tuum
1678 1804 1766 1831 discu.

132 1845 210 1872 tiant.

165 1891 232 1918 ΚΝ.
256 1891 352 1918 Ταῦτα
368 1892 424 1922 τοῖς
446 1891 664 1925 αἱνιγματισταῖς
681 1889 737 1925 (46)
756 1889 820 1925 παρ’
839 1890 927 1925 ἡμῶν,

130 1937 180 1972 οὐχ
194 1937 314 1963 ἑκόντων
329 1936 378 1972 μὲν
397 1937 437 1971 (οὐ
455 1936 509 1971 γὰρ
528 1935 577 1970 ἡδὺ
588 1936 644 1966 τοῖς
665 1935 770 1965 πιστοῖς
786 1934 930 1969 ἀδολεσχία

130 1983 179 2009 καὶ
194 1982 285 2017 λόγων
303 1982 450 2014 ἀντίθεσις,
466 1981 546 2016 ἀρκεῖ
555 1981 609 2016 γὰρ
626 1981 672 2007 καὶ
684 1977 724 2011 εἷς
740 1980 929 2015 ἀντικείμενος

130 2028 199 2063 (47),
215 2029 288 2065 πλὴν
318 2028 475 2062 ἀναγκαίως
499 2026 542 2053 διὰ
567 2027 630 2057 τοὺς
653 2026 850 2061 ἐμπίπτοντας,
868 2026 929 2052 ἐπεὶ

130 2075 178 2101 καὶ
194 2075 240 2102 διὰ
253 2075 305 2106 τὰς
321 2075 415 2106 νόσους
428 2073 463 2100 τὰ
477 2074 620 2108 φάρμακα,
637 2072 669 2098 ἵν’
681 2072 772 2098 εἰδῶσι
788 2071 824 2107 μὴ
840 2070 928 2097 πάντα

129 2119 206 2152 ὅντες
220 2121 312 2154 σοφοὶ,
328 2119 395 2155 μηδὲ
410 2119 538 2153 ἀήττητοι
549 2118 584 2144 τὰ
597 2118 720 2153 περιττὰ,
734 2117 781 2143 καὶ
798 2116 929 2143 κενοῦντα

1016 1889 1088 1918 XXI.
1108 1891 1197 1926 Atque
1211 1891 1268 1919 haec
1281 1892 1314 1918 ad
1329 1892 1501 1927 aenigmatum
1518 1893 1678 1920 studiososa
1691 1893 1769 1922 nobis

981 1936 1052 1963 dicta
1068 1936 1133 1971 sint,
1153 1945 1205 1964 non
1235 1938 1360 1966 lubenter
1382 1939 1490 1973 quidem
1515 1939 1577 1974 (nec
1618 1939 1689 1966 enim
1717 1939 1769 1973 piis

981 1981 1272 2016 hominibusjucunda
1300 1989 1342 2011 est
1368 1985 1457 2019 inepta
1483 1985 1644 2019 loquacitas,
1670 1986 1767 2013 verbo-

982 2034 1097 2061 rumque
1114 2029 1271 2062 contentio;
1299 2030 1366 2057 satis
1394 2031 1466 2057 enim
1483 2037 1617 2064 superque
1641 2035 1682 2057 est
1697 2037 1767 2057 unus

982 2072 1182 2109 adversarius);
1200 2080 1328 2102 caeterum
1345 2076 1509 2108 necessario,
1521 2080 1631 2111 propter
1645 2083 1702 2107 eos,
1721 2076 1768 2110 qui

982 2117 1008 2144 in
1026 2117 1084 2145 hate
1098 2118 1218 2146 incidunt
1239 2118 1467 2156 (quandoquidem
1483 2121 1517 2148 ob
1535 2121 1643 2148 morbos
1661 2128 1770 2155 quoque

129 2165 160 2192 τὸ
173 2166 357 2200 Εὑαγγέλιον.
375 2166 459 2191 Ὅταν
471 2164 526 2200 γὰρ
541 2164 571 2190 τὸ
584 2163 630 2190 τοῦ
646 2163 726 2197 λόγου
739 2162 851 2189 δυνατὸν
865 2171 922 2197 προ

984 2165 1180 2206 medicamenta
1196 2169 1418 2203 comparantur),
1447 2173 1476 2195 ut
1500 2168 1650 2202 intelligant
1669 2175 1699 2195 se
1715 2175 1769 2196 non

148 2249 172 2265 ⁵³
199 2249 299 2276 Matth.
329 2256 389 2278 vui.
402 2248 448 2275 24.
485 2248 508 2264 "
521 2245 734 2282 Μοιιὴκξινβΰ
754 2253 814 2282 sqq.
850 2245 872 2261 °°
894 2245 987 2282 Matth.
1007 2254 1074 2273 xvtt.
1089 2246 1125 2274 ‘23
1140 2254 1201 2282 sqq.

132 2285 154 2300 “
173 2284 258 2312 Marc.
272 2292 294 2316 1,
312 2284 365 2315 24;
377 2283 440 2310 an.
453 2291 489 2313 tv.
499 2282 544 2309 54.
584 2282 607 2298 ⁸⁵
620 2281 702 2308 Mare.
723 2289 747 2311 ν,
765 2281 779 2306 7
794 2288 853 2315 sqq.

131 2320 154 2334 ⁸⁸
177 2319 275 2347 Matth.
300 2327 379 2350 xxvi.
399 2319 443 2345 15.

130 2390 212 2423 v,16.
254 2390 278 2405 ⁷³
300 2389 381 2416 Joan.
398 2396 427 2420 π,
446 2388 490 2416 18.
529 2388 551 2404 ⁷⁸
566 2387 757 2418 Maltinxxvu,
775 2386 805 2413 51
820 2394 879 2421 sqq.

168 2468 226 2507 (fl)
241 2467 414 2501 Λεγεῶνας.
426 2465 494 2493 Tres
507 2464 602 2500 chg.,
618 2464 875 2498 totidemqueColb.,
886 2464 930 2490 λε-

150 2511 221 2529 εωνα
225 2522 232 2529 .

131 2511 232 2573 Y“(0433.
240 2535 457 2573 Kdo’ypr._Dno
468 2537 565 2572 Ἆρες..
577 2535 622 2573 τὸν
636 2537 747 2572 κόσμον.

168 2571 224 2608 (45)
246 2571 351 2608 Φωνῇ.
367 2571 412 2598 Sic
426 2571 549 2608 coddfln
563 2571 618 2608 ed.,
633 2571 719 2607 φωνή,
739 2581 748 2597 ι
764 2577 827 2608 vox.
847 2579 856 2608 ξ

169 2604 226 2643 (44)
251 2604 448 2642 Ἐγείρονται.
473 2604 644 2643 Sicroptimai
668 2604 737 2643 noue
764 2605 830 2639 Reg.
848 2604 929 2640 Cypr.

134 2641 315 2678 Hanc'hujus
343 2643 445 2678 codicis
469 2642 610 2678 lectionem
636 2641 812 2678 praetulimus,
833 2647 927 2678 quatu-

133 2679 174 2704 vis
193 2675 276 2711 editi;
299 2685 335 2704 ac
365 2676 485 2711 plerique
510 2677 616 2704 codices
636 2675 777 2707 ’habeant,
802 2675 926 2711 προεγεί-

135 2721 238 2748 ρονται,
250 2713 318 2747 quia
338 2710 569 2748 sacrorrt’extui,rut
584 2711 675 2748 videre
694 2716 735 2748 est
750 2711 818 2748 apud
830 2710 926 2748 Malllt.

134 2745 217 2779 itu-5,
233 2745 279 2774 aut
295 2754 387 2778 xxvu,
401 2746 446 2778 53,
464 2747 591 2774 concinit.
610 2747 703 2774 Billius
715 2746 789 2780 legit,
802 2745 927 2780 προεγεί-

135 2790 238 2818 ρονται,
255 2790 289 2810 ac
306 2781 426 2818 reddidit
441 2791 448 2808 :
466 2792 474 2807 ε
498 2782 570 2815 prius
585 2782 714 2818 adp-itam
734 2784 923 2812 revocantum»

134 2816 181 2845 sed
194 2819 219 2844 in
235 2818 310 2845 notis
319 2817 360 2844 ait
374 2824 381 2842 :
397 2825 406 2841 ε
420 2817 446 2844 id
461 2822 513 2846 est,
528 2821 590 2843 ante
601 2816 736 2843 Christum
746 2819 923 2849 resurgunt”

134 2854 206 2884 quod
220 2852 335 2881 quidem
353 2856 463 2879 sanctus
493 2851 610 2879 Thomas
627 2856 654 2879 et
676 2850 788 2886 theologi
817 2855 924 2886 negant.

1242 2248 1263 2263 θλ
1275 2247 1353 2276 Joan.
1374 2255 1433 2281 vm,
1446 2247 1491 2274 48.
1531 2248 1552 2263 ⁶¹
1569 2247 1633 2274 Luc.
1645 2255 1672 2278 Χ.
1683 2247 1768 2281 Ξςηᾳ.

890 2281 912 2296 ⁸⁸
929 2281 995 2308 an.
1011 2289 1038 2314 κ,
1059 2281 1102 2309 18.
1143 2282 1165 2298 ⁸⁶
1183 2282 1263 2310 Joan.
1282 2291 1342 2314 vui,
1368 2283 1412 2310 59.
1451 2283 1473 2298 ⁸⁷
1487 2282 1564 2310 Joan.
1594 2291 1632 2314 xt,
1651 2282 1686 2309 24
1707 2290 1768 2316 sqq.

477 2318 498 2334 ³⁸
518 2317 599 2344 lPet.
618 2325 637 2347 ι,
651 2316 795 2347 l9;lCor.
815 2324 854 2347 vt,
871 2315 916 2342 90.

976 2319 978 2330 ¹
997 2316 1046 2344 lsa.
1062 2317 1158 2349 “11,7.
1195 2319 1216 2333 ⁷¹
1232 2318 1304 2345 Psal.
1323 2326 1425 2346 Lxxvu.
1446 2319 1490 2345 71.

131 2355 155 2370 ⁷³
171 2354 222 2381 lsa.
248 2362 309 2385 LIII,
322 2355 350 2384 4,
362 2354 388 2380 5.
426 2352 550 2379 7"Matth.
564 2352 656 2388 tx,’55.
686 2352 709 2366 ⁷⁵
728 2351 887 2388 Lucixxut,
902 2352 922 2378 5‘

976 2359 1014 2387 ιιι.
1030 2360 1037 2385 ;
1059 2353 1151 2380 Matth.
1163 2361 1251 2387 uvu,
1267 2354 1302 2381 5L
1315 2361 1373 2388 sqq.

1529 2319 1550 2334 ⁷¹
1569 2318 1648 2345 Joan.
1681 2317 1707 2348 1,
1723 2318 1767 2343 23.

1416 2353 1438 2370 ⁷⁸
1448 2353 1568 2386 Joau.tt,
1583 2354 1609 2380 7.
1649 2353 1670 2368 ⁷⁷
1689 2353 1766 2380 Cant.

984 2465 1050 2492 Nam
1064 2465 1141 2500 juxta
1163 2466 1256 2500 Apost.
1286 2467 1319 2493 ad
1337 2466 1440 2493 Coloss.
1472 2466 1553 2498 1,18,
1574 2465 1699 2492 Christus
1729 2468 1771 2491 est

987 2509 997 2526 ι
1018 2502 1212 2536 primogenitus
1227 2509 1259 2528 ex
1277 2502 1401 2529 mortuis.
1422 2510 1432 2527 ι
1447 2500 1486 2527 11ιί
1505 2508 1569 2535 ergo
1584 2500 1690 2527 dicendi
1707 2505 1771 2526 sunt

985 2537 1101 2563 revocati
1117 2537 1150 2563 ad
1162 2537 1244 2563 vitam
1262 2545 1271 2561 ι
1285 2541 1349 2563 ante
1360 2543 1529 2563 comnmncm
1545 2539 1711 2562 mortuorum
1729 2543 1772 2562 re-

985 2572 1180 2598 surrectiOnem
1190 2580 1224 2604 ς.»
1243 2573 1289 2598 sed
1306 2579 1358 2597 non
1371 2576 1432 2597 ante
1446 2571 1595 2602 Christum,
1608 2571 1652 2604 qui
1668 2571 1770 2605 primus

984 2613 1017 2632 ex
1045 2606 1156 2633 mortuis
1177 2606 1306 2638 surrexit,
1323 2611 1350 2633 et
1363 2607 1428 2633 istos
1449 2606 1588 2636 excitavit,
1607 2610 1635 2633 ut
1652 2606 1703 2633 sibi
1721 2613 1768 2633 eo-

986 2640 1064 2668 mites
1077 2646 1168 2668 essent
1182 2642 1343 2675 resurgenti.

1027 2675 1071 2710 45)
1089 2676 1199 2703 Λυέτω.
1219 2677 1283 2710 Reg.
1301 2677 1355 2710 hut,
1370 2675 1438 2707 λύει,
1458 2685 1466 2701 ι
1496 2675 1655 2703 dissolvunt.
1673 2685 1682 2701 ι

1028 2711 1072 2745 46)
1099 2711 1349 2745 Αίνιῃιατισταῖς.
1375 2711 1466 2739 Schol.
1488 2720 1494 2737 :
1519 2711 1609 2746 Ὑμῖν·
1642 2721 1652 2737 ι
1670 2711 1708 2738 Ad
1723 2718 1770 2738 vos

979 2747 1028 2773 :nni
1051 2751 1150 2772 malum
1165 2747 1309 2774 studiosos.
1329 2756 1338 2772 ι

1015 2754 1071 2807 {EH
1097 2779 1149 2807 ΕῙρ
1180 2781 1338 2807 ἀιλτικείιιει

1015 2779 1149 2817 (“LER
1180 2781 1393 2816 ἀντικείμενος.
1412 2781 1529 2809 Schol.:
1556 2782 1643 2817 Λόγος
1673 2781 1768 2816 δηλον-

979 2816 1029 2843 ότι·
1051 2826 1060 2843 ‹
1075 2816 1169 2844 Sermo
1186 2817 1297 2846 scilicet.
1317 2826 1326 2843 ι
1347 2817 1407 2845 ΒιΙΙ.
1439 2818 1466 2845 in
1494 2817 1565 2845 notis
1586 2827 1592 2844 :
1617 2827 1627 2844 ι
1651 2817 1767 2844 Saluti.)
