2049 3131
138 177 186 204 .05

135 287 226 314 κειρον
235 280 275 311 τὸ,
293 281 399 314 Κύριος
414 280 516 308 ἔκτισέ
526 290 564 315 με
579 281 678 316 ἀρχὴν
691 281 769 308 ὁδῶν
780 281 873 309 αὐτοῦ
886 282 929 313 εὶς

136 322 208 356 ἔργα
223 323 328 350 αὐτοῦ.
352 324 423 359 Πρὸς
439 324 453 350 ὂ
471 324 529 356 πῶς
546 325 774 360 ἀπαντησόμεοα;
792 325 829 351 Οὐ
853 324 929 350 Σολο-

138 368 241 402 μῶντος
266 371 509 409 κατηγορήσομεν;
540 371 570 397 οὺ
593 370 626 397 τὰ
656 372 720 407 πρὶν
749 371 928 407 ἀθετήσομεν,

136 413 181 440 διὰ
203 414 252 450 τὴν
271 414 427 441 τελευταίαν
454 416 653 451 παράπτωσιν;
679 416 740 451 οὐχὶ
760 416 810 451 τῆς
836 415 930 449 σοφίας

138 459 222 494 αὐτῆς
236 460 353 495 ἐροῦμεν
371 459 441 488 εἶναι
467 462 513 488 τὸν
536 461 624 495 λόγον,
636 462 687 496 τῆς
703 459 758 488 οἷον
776 462 930 497 ἐπιστήμης

138 504 245 531 καὶτοῦ
259 506 379 540 τεχνίτου
398 506 453 542 (59)
480 506 569 541 λόγου,
589 506 651 534 καθ’
670 507 699 533 ὃν
713 507 747 533 τὰ
764 507 852 533 πάντα
870 515 931 532 συν-

139 550 222 586 ἐστη;
252 552 341 578 Πολλὰ
357 553 411 588 γὰρ
427 554 444 589 ἡ
467 554 562 589 Γραφὴ
576 555 792 589 προσωποποιεῖν
812 551 864 579 οἶδε
885 554 932 580 καὶ

138 598 192 623 τῶν
206 598 326 632 ἀψύχων,
338 599 373 630 ὡς
382 599 464 631 τὸ,Ἡ
478 599 618 626 θάλασσα
635 598 699 626 εἷπε
709 599 777 626 τάδε
790 600 836 626 καὶ
850 599 930 626 τάδε.

139 643 205 674 Καὶ,
226 643 261 670 ἸΙ
276 643 412 678 ἄϐυσσος
426 642 510 670 εἶπεν
522 653 528 658 ·
549 646 609 670 Dim
627 645 712 671 ἔστιν
727 645 761 670 ἐν
773 644 837 678 ἐμοί
850 653 857 659 ·
873 645 930 674 καὶ,

143 688 176 712 Ol
193 688 313 722 οὐρανοὶ
330 688 520 724 διηγούμενοι
538 690 592 724 (60)
607 689 701 721 δόξαν
713 689 795 716 Θεοῦ.
811 690 865 716 Καὶ
881 689 933 715 πά-

138 733 182 759 λιν
199 735 322 769 ρομφαῖᾳ
342 744 368 761 τι
391 735 589 768 διακελεύεται,
604 735 652 761 κα)¹
664 735 713 771 ὅρη
731 735 778 761 καὶ
790 734 878 770 βουνοί
894 735 933 761 λό⁴

139 788 205 813 γους
230 780 385 815 ἐρωτῶνται
405 781 584 816 σκιρτήσεως.
609 779 716 806 Τούτων
732 779 808 806 οὐδέν
831 788 930 815 φαμεν,

140 825 164 850 εξ
179 824 226 850 καί
239 833 292 850 τιτι
307 825 362 850 τῶν
381 825 433 860 πρὸ
452 825 530 860 ἡμῶν
542 825 579 856 ὡς
597 824 694 860 ἰσχυρὰ
713 824 840 851 τέθειται.
864 824 932 850 Ἀλλ’

141 871 211 896 ἔστω
223 871 270 896 τοῦ
283 871 408 905 Σωτῆρος
422 871 515 900 αὐτοῦ,
531 871 580 905 τῆς
594 870 722 906 ἀληθινῆς
735 870 843 905 Σοφίας,
861 871 874 896 ό
891 870 934 896 λό-

646 176 774 204 ORATlO
794 176 876 204 XXX.
901 192 935 197 ——
954 174 1174 203 TliEOLOGlCA
1194 176 1240 202 IV.

171 234 208 261 B'.
225 234 303 260 Ἐστι
326 235 379 270 γὰρ
395 236 424 262 ἐν
442 236 490 271 μὲν
510 236 600 266 αὐτοῖς
617 236 704 263 ἐκεῖνο
719 237 766 262 καὶ
780 236 839 262 λίαν
857 235 922 270 πρό-
938 238 960 265 Α

1708 177 1759 204 £06

1011 234 1040 261 ll.
1058 235 1122 262 Illud
1139 234 1247 269 quidem
1261 242 1342 261 unum
1362 234 1428 268 ipsis
1441 234 1497 261 fere
1514 234 1541 261 in
1560 238 1684 269 promptu
1701 239 1762 262 est:

980 279 1105 306 Dominus
1114 280 1207 306 creavit
1216 288 1255 306 me
1263 280 1416 314 principium
1426 280 1526 306 viarum
1532 287 1637 306 suarum
1645 280 1678 306 ad
1687 288 1763 314 opem

979 333 1026 352 sua
1040 325 1073 352 ⁸³.
1091 325 1140 352 Cui
1152 331 1310 360 argumento
1326 334 1380 360 quo
1404 326 1512 353 tandem
1539 325 1618 353 modo
1639 333 1764 353 occurre-

981 371 1059 398 mus?
1072 370 1141 397 Num
1159 371 1330 398 Salomonem
1347 370 1558 398 accusabimus?
1571 370 1638 398 Num
1650 371 1764 405 pristina

981 417 1065 451 ipsius
1082 417 1152 444 dicla
1168 417 1202 444 ob
1214 422 1379 451 postremum
1394 417 1479 450 ipsius
1502 417 1604 452 lapsum
1621 417 1764 450 abrogabi-

982 464 1062 490 mus?
1074 463 1142 490 Num
1161 464 1300 498 ipsiusmet
1315 464 1453 497 sapientiae
1465 483 1471 495 ,
1499 471 1530 490 ac
1546 463 1619 490 velut
1634 463 1764 496 scientiae,

982 508 1149 542 artiﬁcisque
1159 508 1283 540 rationis,
1293 508 1438 535 secundum
1452 515 1533 542 quam
1554 508 1644 535 omnia
1657 508 1765 535 condita

982 560 1055 584 sunt,
1071 554 1140 581 hunc
1153 561 1304 581 sermonem
1319 561 1380 580 esse
1396 554 1537 581 dicemus?
1553 553 1684 588 Pleraque
1694 555 1765 580 enim

982 607 1015 625 ex
1030 599 1082 629 his,
1100 607 1160 632 qua:
1176 599 1266 625 anima
1283 603 1388 630 carent,
1413 598 1553 633 Scriptura
1570 605 1617 632 per
1636 605 1767 632 prosopo-

984 645 1080 679 paeiam
1097 644 1233 679 loquentia
1265 645 1393 671 inducere
1425 645 1578 676 consnevil,
1591 643 1668 678 juxta
1684 644 1765 671 illud:

984 689 1059 716 Mare
1075 690 1130 716 Iure
1155 695 1233 723 atque
1245 689 1292 715 illa
1301 689 1397 716 dixit“
1409 697 1416 722 ;
1428 694 1465 722 et,
1481 689 1597 724 Abyuus
1608 690 1675 716 dixit
1688 696 1695 714 :
1706 688 1768 716 Non

983 740 1019 762 eu
1033 736 1060 762 in
1076 744 1115 761 me
1127 736 1168 768 ⁸⁵;
1187 741 1224 766 el,
1239 734 1304 762 lei
1328 740 1451 762 enni-rant
1482 735 1593 769 gloriam
1611 735 1659 762 Dei
1674 735 1714 768 ⁸⁶;
1742 739 1770 761 et

985 789 1088 813 rursus,
1104 782 1213 809 frameae
1231 781 1330 816 aliquid
1353 782 1501 815 imperatur
1515 782 1549 814 ³⁷,
1566 786 1593 809 et
1610 785 1715 809 montes
1737 789 1769 807 ac

984 827 1065 854 colles
1079 827 1267 854 exsultationis
1289 827 1312 842 ⁸⁸
1329 834 1438 853 causam
1459 832 1652 861 exposeuntur.
1666 827 1767 854 Horum

985 872 1051 898 nihil
1066 872 1188 906 proferre
1201 872 1277 904 libet,
1293 872 1401 900 etiamsi
1417 873 1518 907 alioqui
1538 881 1552 900 a
1574 873 1709 900 nonnullis
1724 881 1768 900 eo-

140 923 198 948 γος.
227 915 332 950 Μικρὸν
354 915 382 941 δὲ
406 915 682 950 συνδιασκενᾲὡμεθψ
708 915 739 941 Τί
765 915 818 941 τῶν
851 915 933 941 ὄντων

991 927 1060 951 rum,
1077 919 1121 953 qui
1135 922 1199 945 ante
1211 927 1260 946 nos
1280 919 1454 953 exstiterunt,
1468 927 1516 954 pro
1533 919 1618 947 ﬁrmis
1633 925 1660 947 et
1674 919 1769 948 validis

141 961 261 989 ἀναίτιον
272 970 279 994 ;
291 961 401 997 Θεότης.
412 961 506 993 Οὐδεὶς
517 961 571 996 γὰρ
584 961 673 988 αἰτίαν
683 962 769 988 εἰπεῖν
782 961 838 997 ἔχει
849 961 917 988 Θεοῦ
928 969 934 976 ·

141 1009 158 1044 ἦ
175 1007 253 1034 τοῦτο
267 1007 299 1034 ἂν
314 1007 355 1042 εἴη
371 1007 437 1034 Θεοῦ
460 1007 654 1044 πρεσϐύτερον.
669 1007 716 1039 Τίς
727 1007 755 1033 δὲ
768 1007 819 1042 τῆς
832 1006 937 1042 ἀνθρω-

143 1055 270 1090 πότητος,
283 1054 315 1089 ἢν
330 1054 362 1080 δι’
375 1054 447 1088 ἡμᾶς
474 1054 577 1088 ὑπέστη
590 1053 666 1085 Θεὸς,
683 1053 774 1084 atria;
795 1053 831 1079 Τὸ
848 1052 937 1086 σωθῆ-

143 1109 188 1127 ναι
202 1100 311 1131 πάντως
326 1099 381 1134 (61)
395 1100 478 1134 ἡμᾶς.
504 1100 537 1125 Τί
555 1099 608 1134 γὰρ
622 1099 716 1135 ἓτερον
729 1107 736 1131 ;
760 1098 869 1134 Ἐπειδὴ
884 1098 938 1124 τοι·

142 1155 192 1172 νυν
207 1145 334 1176 ἐνταῦθα,
360 1146 407 1172 καὶ
427 1145 457 1171 τὸ
470 1145 583 1177 ἔκτισε,
600 1145 648 1171 καὶ
672 1145 702 1171 τὸ
723 1144 815 1180 γεννᾷ
825 1153 874 1178 με,
889 1152 937 1170 σα-

144 1191 202 1226 φῶς
215 1191 390 1226 εὑρίσκομεν,
404 1190 506 1221 ἁπλοῦς
517 1191 530 1216 ὁ
548 1190 637 1224 λόγος.
656 1191 688 1215 ’Ὀ
702 1189 750 1225 μὲν
764 1189 796 1216 ἂν
810 1189 879 1225 μετὰ
889 1189 939 1224 τῆς

144 1239 236 1269 αἰτίας
250 1237 434 1271 εὑρίσκωμεν,
457 1236 621 1272 προσθῶμεν
647 1237 678 1271 τῇ
701 1235 907 1271 ἀνθρωπότητι·
925 1235 939 1261 ὃ

143 1284 172 1310 δὲ
188 1283 290 1310 ἁπλοῦν
305 1283 352 1309 καὶ
364 1283 495 1314 ἀναίτιον,
510 1284 542 1317 τῇ
558 1282 665 1317 θεότητι
680 1281 863 1316 λογισώμεθα.
876 1279 938 1315 τΑρ¹

144 1327 191 1355 οὖν
220 1329 251 1354 οὐ
273 1329 304 1354 τὸ
328 1328 378 1362 μὲν
404 1327 525 1353 ἔκτισεν
547 1327 656 1363 εἴρηται
675 1327 744 1362 μετὰ
769 1327 818 1361 τῆς
832 1327 938 1358 αἰτίας,

147 1376 270 1402 Ἔκτισε
291 1375 345 1410 γάρ
370 1382 418 1408 με,
444 1374 536 1408 φησιν,
562 1371 664 1407 ἀρχὴν
682 1372 759 1400 ὁδῶν
784 1373 876 1399 αὑτοῦ
897 1373 940 1405 εἰς

146 1422 219 1456 ἔργα
234 1421 338 1448 αὑτοῦ.
362 1421 449 1456 Ἔργα
471 1420 498 1446 δὲ
517 1420 617 1455 χειρῶν
642 1419 734 1451 αὐτοῦ,
760 1418 871 1454 ἀλήθεια
893 1419 940 1444 καὶ

146 1469 248 1504 κρίσις,
268 1465 305 1494 ὧν
320 1467 413 1495 ἕνεκεν
429 1467 542 1502 έχρίσϐη
555 1467 671 1502 θεότητι.
687 1465 784 1502 Χρίσις
796 1465 849 1501 γὰρ
870 1465 939 1501 αὕτη

146 1515 195 1550 τῆς
224 1513 447 1549 ἀνθρωπότητος.
473 1512 510 1539 Τὸ
534 1512 562 1538 δὲ
573 1511 664 1546 γεννᾷ
676 1520 724 1546 με,
750 1511 833 1546 χωρὶς
850 1511 940 1543 αἰτίας

147 1560 204 1596 (62)
218 1569 223 1575 ·
239 1559 353 1596 ἣδεῖξόν
369 1569 395 1586 τι
411 1559 499 1594 τούτῳ
523 1559 733 1594 προσκείμενον.
751 1558 800 1590 Τίς
813 1555 860 1584 οὖν
874 1558 940 1584 ἀντ-

147 1609 205 1642 ερεῖ
221 1607 309 1641 λόγος,
333 1607 435 1642 κτίσμα
453 1607 502 1642 μὲν
531 1605 660 1639 λέγεσθαι
681 1605 730 1640 τὴν
747 1604 852 1638 σοφίαν,
869 1603 939 1630 κατὰ

146 1653 196 1689 τὴν
217 1653 292 1680 κάτω
309 1652 447 1688 γέννησιν,
474 1652 597 1687 γέννημα
612 1651 649 1684 δὲ,
676 1650 748 1678 κατὰ
764 1650 812 1686 τὴν
828 1650 940 1686 πρώτην

149 1700 198 1726 καὶ
213 1699 293 1726 πλέον
313 1699 434 1735 ἄληπτον
443 1708 450 1732 ;

987 965 1069 992 allata
1086 970 1160 992 sunt.
1178 964 1229 991 Sed
1246 965 1340 991 demus
1355 965 1406 992 hoc
1435 972 1498 992 sane
1511 965 1659 992 Salvatoris
1673 965 1767 1000 ipsius,

987 1011 1038 1037 hoc
1052 1015 1104 1043 est,
1124 1017 1194 1037 verae
1208 1009 1363 1043 Sapientia,
1382 1011 1438 1037 haec
1450 1010 1530 1037 verba
1546 1017 1617 1039 esse.
1627 1010 1692 1038 lllud
1703 1018 1767 1038 vero

988 1056 1185 1091 aliquantisper
1200 1065 1251 1083 una
1267 1056 1481 1083 consideremus.
1502 1056 1571 1089 Quid
1597 1061 1638 1084 est
1657 1064 1689 1084 ex
1708 1064 1767 1084 om-

989 1102 1067 1129 nibus
1076 1102 1233 1136 rebusqnod
1248 1109 1338 1129 causa:
1354 1102 1389 1128 sit
1405 1102 1520 1136 expers?
1536 1102 1675 1130 Divinilas.
1686 1103 1771 1131 Nemo

988 1147 1060 1174 enim
1075 1152 1127 1178 est,
1146 1147 1190 1181 qui
1207 1147 1251 1174 Dei
1269 1155 1377 1174 causam
1390 1148 1480 1174 dicere
1495 1147 1574 1183 541
1589 1154 1669 1183 queat
1684 1157 1691 1175 :
1705 1149 1771 1176 alio-

989 1193 1034 1226 qui
1050 1193 1075 1218 id
1093 1191 1147 1219 Deo
1162 1193 1300 1226 antiquius
1313 1198 1395 1220 esset.
1412 1192 1477 1225 Quae
1490 1199 1578 1219 autem
1593 1194 1770 1222 humanitatis

990 1245 1004 1264 a
1018 1238 1072 1265 Deo
1096 1242 1204 1272 propter
1233 1245 1282 1264 nos
1310 1243 1442 1272 suscepta:
1463 1246 1544 1266 causa
1560 1239 1684 1266 exstitit?
1703 1239 1771 1268 Pro—

990 1284 1060 1311 l'ecto
1076 1287 1104 1310 ut
1124 1283 1201 1311 nobis
1230 1283 1304 1310 salus
1329 1289 1480 1318 pararetur.
1511 1284 1580 1318 Quid
1608 1285 1680 1312 enim
1701 1287 1771 1314 aliud

990 1337 1077 1356 causze
1095 1329 1184 1356 aﬂ‘erri
1201 1329 1305 1364 possit?
1318 1329 1387 1364 Ergo
1409 1330 1536 1364 quoniam
1561 1331 1605 1358 hic
1622 1337 1725 1366 aperte,
1745 1339 1773 1360 et

990 1375 1098 1407 creavit,
1123 1380 1150 1402 et
1165 1375 1247 1409 gignit
1270 1383 1321 1408 me,
1353 1376 1514 1409 reperimus,
1539 1376 1588 1403 hoc
1616 1377 1773 1412 simpliciter

990 1421 1092 1448 dictum
1106 1428 1274 1448 censeamus.
1287 1421 1363 1454 Quod
1381 1416 1452 1447 enim
1470 1429 1530 1448 cum
1551 1429 1633 1449 causa
1663 1424 1774 1458 c0ujun-

991 1471 1064 1492 cmm
1096 1465 1259 1497 invenimus,
1273 1465 1298 1491 id
1324 1465 1484 1492 humanitati
1512 1466 1701 1502 assignandum
1714 1473 1772 1494 est:

992 1511 1062 1545 quod
1091 1516 1181 1538 autem
1208 1511 1321 1545 simplex
1341 1519 1484 1546 causaeque
1510 1520 1620 1546 expers,
1639 1512 1773 1540 divinitati

992 1557 1191 1586 ascribendum.
1206 1558 1261 1592 Age
1276 1557 1368 1592 igitur,
1396 1565 1486 1585 annon
1507 1558 1569 1585 illud
1581 1577 1589 1591 ,
1607 1559 1715 1591 creavit,
1730 1559 1775 1586 ad~

991 1610 1086 1630 nexam
1114 1611 1221 1631 causam
1249 1603 1349 1630 habet?
1373 1602 1477 1631 Crcauit
1505 1605 1576 1631 enim
1604 1613 1656 1636 me,
1676 1604 1773 1639 inquit,

989 1650 1263 1684 principiumviarum
1290 1659 1398 1678 suarum
1422 1652 1456 1677 ad
1471 1659 1549 1685 opera
1569 1659 1617 1677 sua
1638 1651 1673 1680 ".
1687 1649 1775 1686 Opera

992 1701 1082 1723 autent
1097 1696 1192 1731 ipsius,
1206 1697 1306 1724 veritas
1322 1697 1491 1732 etjudicium
1506 1697 1541 1730 ",
1562 1704 1676 1732 quorum
1689 1704 1772 1724 causa

149 1746 291 1773 divinitate
319 1745 454 1773 delibutus
482 1749 533 1772 est.
563 1744 624 1771 Haec
655 1743 726 1770 enim
763 1743 938 1771 humanitatis
957 1743 1046 1770 unctio
1060 1747 1110 1770 est.
1132 1743 1166 1770 At
1185 1743 1260 1775 illud,
1288 1744 1370 1778 gignit
1399 1752 1450 1775 me,
1467 1750 1576 1771 causam
1608 1750 1662 1770 non
1681 1743 1772 1770 habet.

149 1791 258 1824 Alioqui
274 1791 386 1818 ostende
410 1790 538 1825 quidnam
565 1790 615 1824 ipsi
628 1789 781 1823 adiunctum
807 1789 850 1816 sit.
887 1789 952 1823 Quis
971 1789 1053 1823 igitur
1080 1788 1185 1817 inﬁcias
1214 1789 1283 1822 ibit,
1300 1791 1364 1824 quin
1393 1789 1536 1824 sapientia,
1557 1790 1704 1817 secundum
1736 1789 1775 1816 iu-

149 1837 277 1865 l'eriorem
292 1838 400 1872 quidem
415 1837 636 1873 generationem,
665 1840 765 1869 creata,
784 1835 930 1863 secundum
949 1840 1038 1863 autern
1053 1836 1169 1871 primaut
1186 1835 1257 1863 illam
1292 1836 1433 1870 magisque
1464 1835 1767 1870 incomprehensibilem

117 1888 125 1897 '
151 1883 242 1918 genita
259 1882 382 1909 dicatur?

187 1927 224 1953 I".
240 1926 335 1962 Τούτῳ
360 1927 388 1953 δὲ
418 1927 514 1952 ἕπεται
545 1927 592 1952 καὶ
608 1926 649 1956 τὸ,
665 1925 756 1951 δοῦλον
777 1925 887 1951 ἀκούειν
914 1922 943 1951 εὖ

150 1971 310 1999 δουλεύοντα
334 1971 453 2003 πολλοῖς.
468 1971 524 1997 Καὶ
539 1971 579 2001 τὸ,
596 1970 665 2005 μέγα
677 1968 747 1996 εἶναι
759 1969 833 2004 αὐτῴ
843 1969 945 2004 κληθῆ-

152 2029 196 2046 ναι
218 2019 305 2047 Hui/3a
319 2018 387 2045 Θεοῦ
409 2017 475 2052 (65),
493 2017 538 2052 Τῷ
554 2017 610 2043 ὖντι
631 2017 685 2052 γὰρ
699 2016 840 2043 ἐδούλευσε
853 2017 946 2051 σαρκὶ,

152 2068 201 2094 καὶ
215 2066 333 2101 γενέσει,
348 2065 393 2091 καὶ
408 2063 507 2090 πάθεσι
519 2065 575 2095 τοῖς
588 2063 744 2098 ἡμετέροις,
760 2062 804 2089 διὰ
815 2063 863 2097 τὴν
879 2064 948 2098 ἠμε-

151 2113 235 2149 τέραν
262 2111 428 2147 ἐλευθερίαν,
449 2110 497 2136 καὶ⁹
520 2110 602 2136 πᾶσιν
621 2106 661 2140 οἷς
679 2108 798 2135 σέσωκεν
822 2109 875 2134 ὑπὸ
900 2110 948 2144 τῆς

153 2158 292 2195 ἁμαρτίας
304 2156 501 2192 κατεχομένοις
518 2154 586 2190 (64).
604 2154 636 2180 Τί
648 2155 677 2180 δὲ
697 2155 789 2190 μεῖζον
803 2153 947 2189 ἀνθρώπου

150 2205 336 2238 ταπεινότητι,
353 2203 369 2238 ἢ
386 2201 445 2237 Θεῷ
462 2201 609 2236 πλακῆναι,
622 2201 670 2227 καὶ
686 2200 814 2234 γενέσθαι
833 2200 898 2226 θεὸν
915 2201 946 2226 ἐκ

151 2253 201 2287 τῆς
220 2251 329 2285 μίξεως,
347 2249 392 2276 καὶ
406 2248 531 2276 τοσοῦτον
543 2247 743 2281 ἐπισκεφθῆναι
763 2247 891 2282 Ἀνατολῇ
914 2246 945 2279 ἐξ

153 2296 247 2331 ὕψους,
268 2296 339 2322 ὥστε
356 2295 405 2321 καὶ
418 2294 448 2320 τὸ
460 2292 630 2327 γεννώμενον
648 2292 725 2325 ἅγιον
743 2291 804 2318 Υὶὺν
819 2291 946 2326 Ὑψίστου

154 2343 295 2378 κληθῆναι,
309 2342 356 2368 καὶ
379 2340 542 2376 χαρισθῆναι
567 2338 642 2374 αὐτῷ
667 2338 750 2373 ὖνομα
766 2337 862 2373 τὸ
878 2337 947 2373 ὑπὲρ

155 2391 208 2416 πᾶν
225 2389 323 2424 ὅνομαι
350 2387 435 2414 Τοῦτο
461 2386 489 2412 δὲ
506 2386 531 2412 τί
549 2394 614 2412 ποτε
643 2384 706 2411 ἄλλο
726 2384 799 2410 ἐστὶν
822 2383 838 2418 ἦ
858 2384 946 2416 Θεὸς;

1030 1923 1071 1951 lli.
1091 1923 1160 1950 lluic
1187 1923 1261 1950 velut
1288 1924 1485 1951 consectarium
1518 1929 1569 1957 est,
1599 1924 1668 1958 quod
1694 1924 1775 1952 etiam

993 1977 1086 1998 servus
1104 1970 1202 1996 dicitur
1217 1970 1251 2001 “,
1269 1975 1296 1997 et
1309 1970 1400 1996 multis
1416 1970 1484 1997 bene
1506 1970 1627 1998 serviens
1640 1971 1681 2003 ης
1696 1971 1776 1998 illud-

996 2023 1048 2049 que
1064 2016 1148 2047 item,
1176 2015 1247 2049 quod
1274 2022 1399 2052 maguum
1425 2021 1506 2049 atque
1535 2016 1651 2050 amplum
1678 2016 1728 2051 ipsi
1742 2017 1778 2044 sit

996 2061 1094 2088 Filium
1114 2061 1159 2088 Dei
1174 2061 1265 2088 vocari
1279 2061 1311 2086 9".
1328 2060 1405 2087 Haud
1425 2061 1505 2089 dubie
1529 2062 1628 2096 quippe
1645 2062 1730 2094 carui,
1747 2067 1775 2090 et

996 2106 1173 2141 generationi,
1201 2111 1228 2133 et
1249 2105 1436 2133 aﬂ‘ectionibus
1449 2107 1559 2139 nostris,
1585 2107 1716 2135 libertatis
1727 2115 1776 2136 no-

997 2156 1060 2178 stra:
1079 2158 1161 2178 causa
1175 2151 1296 2183 servivit,
1322 2158 1354 2179 ac
1367 2151 1482 2187 denique
1508 2153 1632 2180 omnibus
1649 2153 1713 2185 illis,
1731 2161 1779 2190 per

995 2204 1054 2231 qua:
1068 2204 1127 2230 eos,
1143 2196 1189 2232 qui
1209 2204 1224 2224 a
1242 2201 1352 2232 peccato
1377 2197 1565 2225 detinebantur
1578 2219 1586 2232 ,
1617 2199 1643 2226 in
1661 2200 1776 2227 salutem

995 2244 1120 2270 asseruit.
1138 2243 1207 2276 Quid
1227 2248 1316 2271 autern
1342 2245 1428 2279 majus
1452 2249 1479 2272 et
1497 2244 1718 2273 honoriﬁcentius
1732 2246 1780 2274 ho-

999 2290 1080 2317 minis
1096 2290 1242 2317 humilitati
1252 2290 1411 2325 contingere
1424 2294 1516 2325 queat,
1530 2298 1611 2324 quam
1626 2290 1681 2318 Deo
1696 2298 1780 2325 copu-

996 2336 1056 2368 lari,
1072 2341 1152 2371 atque
1164 2343 1196 2364 ex
1213 2336 1257 2363 illa
1275 2337 1400 2364 mistione
1413 2337 1496 2364 Deum
1512 2336 1593 2368 eﬂici,
1619 2341 1778 2371 tantumque

995 2382 1028 2408 ab
1040 2381 1150 2408 Oriente
1162 2390 1195 2409 ex
1205 2382 1258 2409 alto
1269 2383 1371 2409 visitari
1386 2382 1418 2414 ",
1432 2387 1460 2409 ut
1470 2382 1533 2409 illud
1545 2382 1625 2409 etiam
1640 2387 1776 2414 sanctum,

154 2434 209 2460 Καὶ
224 2418 340 2464 mare.
363 2431 427 2465 γόνυ
444 2429 551 2465 κάμψαι
573 2429 611 2464 τῷ
630 2428 776 2455 κενωθέντι
806 2427 838 2454 δι’
858 2428 938 2462 ἡμᾶς,

999 2429 1069 2460 quod
1082 2427 1252 2461 gignebatur,
1270 2427 1400 2454 Altissimi
1416 2427 1501 2454 Filius
1519 2431 1662 2454 vocaretur
1683 2427 1718 2459 ",
1733 2434 1779 2454 eo-

155 2479 203 2505 καὶ
215 2479 265 2514 τὴν
290 2477 363 2504 θείαν
377 2477 467 2503 εἰκόνα
483 2476 592 2510 δουλικῇ
620 2476 710 2510 μορφῇ
733 2473 942 2509 συγκεράσαντι,

155 2524 203 2551 καὶ
220 2523 329 2558 γνῶναι
348 2522 445 2549 πάντα
463 2519 547 2547 οἷκον
565 2520 693 2555 Ἰσραὴλ,
710 2519 754 2545 ὅτι
775 2519 823 2545 καὶ
836 2519 946 2552 Κύριον

192 2583 215 2598 ⁸³
230 2582 310 2609 Prov.
331 2589 388 2612 vin,
408 2580 452 2607 22.
495 2578 579 2606 ⁸³101]
598 2586 695 2609 xxvm,
716 2578 759 2604 14.
800 2577 822 2592 ⁸⁵
838 2576 902 2603 ibid.

157 2618 180 2634 "
195 2617 273 2644 Prov.
293 2616 408 2646 anQ‘Z.
448 2616 470 2631 ’θ
488 2615 558 2642 Psal.
572 2622 615 2645 cx,
629 2614 656 2640 7.
694 2613 714 2628 "
734 2613 787 2639 lsa.
799 2619 872 2643 xm,
889 2612 915 2639 6.

157 2653 202 2679 52.
238 2653 260 2668 ⁸⁵
277 2652 390 2686 Philipp.
402 2659 432 2682 tt,
450 2651 477 2677 9.

194 2699 248 2739 (59)
267 2698 416 2733 Τεχνίτου.
434 2696 479 2724 Sic
501 2695 582 2723 Coisl.
609 2695 620 2721 l
646 2698 674 2720 et
695 2692 756 2720 Bas.
773 2691 802 2719 in
825 2692 879 2724 ed.,
896 2700 941 2718 τε-

158 2744 465 2802 χνίἴξῧῩΔιη-γούμενοι.
484 2765 566 2802 Coisl.
580 2769 605 2796 t,
623 2762 788 2802 διηγοξνται.
824 2796 840 2802 _
862 2796 867 2801 _

263 2795 395 2844 Heilm}.
410 2803 454 2829 Sic
466 2801 517 2828 duo
531 2795 625 2835 licggﬁ
635 2795 689 2826 tres
702 2798 777 2825 Colb.
788 2795 903 2825 elCoisi.
916 2795 941 2823 l.

157 2841 186 2869 in
200 2841 254 2871 ed.,
273 2841 384 2868 πάντας.
779 2867 784 2873 1

191 2875 247 2910 (6'2)
267 2873 360 2910 Xaaplc
371 2872 475 2910 αζτίίις.
564 2879 573 2895 ε
589 2869 647 2896 sine
662 2875 742 2895 causa
761 2868 859 2910 dictum
874 2870 941 2910 est,»

265 2900 360 2937 ΙΙὰῗδὰ
388 2900 471 2933 Θεοῦ.
490 2905 612 2940 Vulgata,
629 2913 638 2928 ι
660 2911 766 2931 servum
786 2903 844 2930 Dei.
859 2911 869 2928 ›
889 2900 943 2929 Νο-

322 2955 459 2985 Parnm.
483 2953 542 2984 Gn.
565 2950 701 2982 XXXVI

941 2576 964 2592 "‘
990 2576 1061 2605 Psal.
1087 2585 1165 2610 xvtn,
1198 2577 1222 2604 ί.

975 2612 1056 2642 "lsa.
1072 2621 1130 2645 Llll,
1141 2613 1184 2640 Η.

998 2481 1049 2508 que
1066 2474 1172 2500 nomine
1188 2474 1343 2506 donaretur,
1368 2473 1438 2508 quod
1465 2478 1505 2500 est
1534 2480 1616 2506 super
1633 2480 1713 2500 omne
1730 2479 1780 2499 no-

1000 2527 1062 2546 tneu
1077 2520 1119 2545 ’5?
1132 2519 1207 2553 Quod
1228 2527 1308 2554 porro
1336 2519 1409 2546 aliud
1427 2526 1523 2545 nomen
1545 2518 1610 2545 illud
1627 2522 1678 2550 est,
1699 2525 1779 2552 qualn

1261 2577 1368 2603 "Zach.
1385 2584 1444 2609 xm,
1461 2575 1503 2602 17.
1541 2576 1564 2591 ⁸⁸
1576 2574 1648 2601 Psal.
1661 2581 1739 2606 cxttt,
1752 2574 1780 2601 4.

1233 2612 1256 2628 ³³
1272 2611 1338 2639 Luc.
1351 2619 1370 2644 I,
1387 2611 1431 2638 55.
1485 2611 1508 2626 θ’
1522 2611 1587 2638 ibid.
1600 2610 1644 2637 78.
1681 2610 1780 2637 "ibid.

994 2693 1084 2724 bilius,
1101 2702 1110 2718 (
1128 2699 1239 2725 puerum
1260 2690 1317 2722 Dei,
1332 2699 1341 2716 ι
1359 2690 1405 2725 sed
1419 2689 1512 2725 eodem
1529 2695 1622 2725 se_nsu_.
1663 2722 1671 2725 _
1693 2702 1697 2706 -

1032 2721 1087 2763 (64)
1109 2721 1449 2763 Κίιτεχομένοιζι.--Ιίθς..
1465 2724 1521 2763 b_r_n,
1536 2723 1635 2763 'Cois|_._
1660 2722 1694 2763 1,.
1705 2721 1779 2763 Par.2

996 2756 1084 2806 iiiis,
1098 2756 1318 2796 κατεχομένους(
1336 2760 1398 2787 Mox
1410 2756 1449 2785 ’τί
1472 2759 1511 2786 δέ.
1536 2758 1564 2785 In
1581 2757 1739 2792 quibusdam
1754 2756 1780 2782 τι

996 2797 1088 2869 δαῖῗὶὸ)
1121 2833 1239 2867 "Oi-qua.
1267 2831 1325 2860 Duo
1350 2829 1434 2866 chg.
1455 2833 1481 2856 et
1500 2833 1554 2857 tres
1574 2827 1662 2862 Colb.,
1679 2827 1710 2854 τὺ
1722 2825 1781 2854 δνο-

997 2877 1045 2903 μα.

1603 2939 1618 2970 ft
