2049 3131
285 167 332 194 111

869 168 897 196 S.
917 167 1082 196 GREGORII
1101 167 1271 197 TIIEOLOGI

1847 172 1898 198 112

284 226 367 258 enim,
383 225 532 253 affectionis
543 224 624 252 animi
635 224 782 251 declaratio
794 223 976 251 est.Necforte
990 225 1060 259 pejus

1117 226 1171 256 τοῖς
1187 225 1282 251 ἑαυτοῦ
1299 226 1332 251 τὰ
1353 226 1482 261 ἡμέτερα,
1505 227 1551 253 καὶ
1569 227 1650 253 πόσον
1668 229 1716 262 μὲν
1732 229 1898 266 ἀπαιτούμε-

285 271 540 303 fueritexistimare,
553 271 624 305 quod
643 270 825 297 obedientiam
843 275 963 297 nostram
975 271 1066 304 explo-

285 321 337 349 ret,
353 317 576 352 passionibusque
590 316 648 343 suis
662 316 751 342 omnia
775 314 912 347 metiatur,
926 321 983 342 arte
997 323 1065 350 qua-

285 363 346 390 dam
375 361 550 389 humanitatis
574 366 600 387 et
624 360 816 387 benevolentiae
842 367 904 395 erga
924 368 1007 395 genus
1021 368 1066 387 no-

285 414 370 436 strum
385 418 392 436 :
405 408 440 435 ita
453 413 481 434 ut
500 415 531 435 ex
547 407 603 434 suis
618 411 709 434 nostra
729 406 862 433 aestimare
876 411 966 440 queat,
985 414 1065 440 quan-

285 459 407 487 tumque,
420 457 446 479 et
458 460 472 479 a
488 452 566 479 nobis
579 452 649 485 exigi
681 456 707 478 et
725 451 872 478 condonari
891 451 997 482 debeat,
1016 459 1064 477 ex-

283 506 365 533 pensa
379 499 504 525 nimirum
526 497 607 533 5M
636 505 696 523 cum
716 497 888 531 passionihus
911 496 1007 523 virium
1020 505 1066 523 no-

283 550 400 570 strarum
418 542 611 570 imbecillitate.
630 541 696 568 Nam
715 549 776 568 cttm
798 541 883 568 lucem
900 541 984 573 illam,
1000 549 1063 576 pro-

283 592 342 623 pter
358 587 477 622 corporis
495 591 688 622 tegumentum,
706 586 731 612 in
748 587 878 618 tenebris,
905 586 956 613 hoc
971 591 1021 618 est,
1038 588 1062 612 in

285 635 335 660 hac
350 633 413 664 vita,
426 632 568 665 lucentem,
583 633 700 659 tenebne
723 631 792 662 aliae,
821 632 871 658 hoc
897 636 948 663 est,
967 639 1063 664 pravus

284 678 329 705 ille
346 686 378 705 ae
394 682 512 705 tentator
523 677 669 704 insectatus
685 677 735 704 sit:
761 682 861 711 quanto
889 677 974 711 magis
989 682 1061 703 tene-

283 726 347 751 bras
362 725 443 758 ipzas,
465 728 555 757 utpote
569 723 751 750 inﬁrmiores?
772 723 805 750 Et
826 722 890 756 quid
916 723 1023 754 mirum,
1040 723 1061 748 si

282 777 342 797 cum
358 769 401 797 llle
412 769 521 796 hostiles
530 769 639 803 laqueos
657 769 769 796 omnino
784 768 918 803 effugerit,
933 775 982 795 nos
994 775 1062 802 qua-

282 815 343 842 dam
364 819 441 842 tenus
455 815 547 842 saltem
573 814 853 848 comprehendantur?
867 813 952 847 majus
965 813 1061 848 quippe

283 860 319 887 illi
334 864 385 892 est,
396 860 466 895 quod
482 860 566 887 hostis
577 867 638 886 eum
648 865 807 894 persecutus
821 860 865 889 sit,
876 867 955 893 quam
972 859 1057 890 nobis,

1118 270 1161 300 Οα,
1179 271 1259 296 πόσον
1283 271 1309 296 δὲ
1327 271 1550 306 συγχωρούμεοα,
1567 273 1744 309 λογιζομένης
1764 275 1831 309 μετὰ
1851 276 1898 302 τοῦ

1118 315 1230 350 πάσχειν
1251 316 1297 342 καὶ
1313 317 1361 351 τῆς
1375 317 1525 348 ἀσθενείας.
1541 318 1571 343 Εἰ
1594 318 1647 353 γὰρ
1664 319 1694 344 τὸ
1709 319 1766 352 φῶς
1784 320 1896 356 ἐδιώχθη

1115 360 1158 386 διὰ
1171 361 1200 387 τὸ
1212 361 1357 396 πρόϐλημα
1368 363 1460 396 φαῖνον
1474 363 1502 389 ὲν
1516 364 1548 398 τῇ
1566 363 1669 398 σκοτίᾳ,
1685 364 1724 399 τῷ
1739 365 1788 400 βίῳ
1801 366 1896 400 τούτῳ,

1115 404 1167 431 ὑπὸ
1186 405 1235 440 τῆς
1251 405 1332 440 ἄλλης
1355 406 1474 438 σκοτίας,
1501 406 1548 432 τοῦ
1573 407 1690 442 πονηροῦ
1706 408 1776 442 λέγω
1791 411 1838 436 καὶ
1852 411 1896 437 τοῦ

1115 451 1271 486 πειραστοῦ,
1287 451 1317 477 τὺ
1342 451 1436 483 σκότος
1451 453 1542 482 πόσον,
1559 453 1596 484 ὡς
1616 453 1824 491 ἀσθενέστερον;
1843 457 1896 483 Καὶ

1114 496 1139 521 τι
1157 495 1319 530 θαυμαστὸν,
1343 498 1366 522 ει
1388 498 1491 523 ἐκείνου
1513 498 1689 532 διαφυγόντος
1714 500 1894 533 παντάπασιν,

1115 542 1192 576 ἡμεῖς
1207 541 1298 573 ποσῶς
1314 550 1344 575 γε
1363 542 1419 577 (86)
1445 544 1703 578 καταληφθείημενι
1732 545 1822 580 μεῖζον
1843 547 1896 582 γὰρ

1114 586 1208 620 ἐκείνῳ
1228 587 1258 612 τὸ
1280 587 1436 623 διωχθῆναι,
1455 589 1526 623 ἢπερ
1545 590 1611 623 ἡμῖν
1628 590 1658 616 τὸ
1680 591 1893 627 καταληφθῆναι,

1114 632 1188 666 παρὰ
1208 633 1264 663 τοῖς
1279 633 1366 668 ὀρθῶς
1381 633 1466 660 ταῦτα
1480 634 1676 669 λογιζομένοις.
1693 637 1752 662 Ἔτι
1766 637 1794 663 δὲ
1814 646 1889 672 προσ-

1113 676 1188 711 θήσω
1209 679 1265 709 τοῖς
1281 679 1434 713 εἰρημένοις
1457 680 1554 711 ἐκεῖνο,
1573 680 1733 716 ἐνθυμηθεὶς
1748 683 1788 713 τὸ,
1811 683 1858 709 Ἐν
1871 680 1894 716 ᾧ

1112 722 1166 756 γὰρ
1190 722 1348 754 πέπονθεν,
1371 725 1461 757 αὐτὸς
1488 726 1667 759 πειρασθεὲς,
1685 727 1807 754 δύναται
1834 730 1894 762 τοῖς

1112 767 1331 802 πειραζομένοις
1347 769 1517 803 βοηθῆσαι,
1546 771 1639 805 σαφῶς
1671 773 1738 807 πρὸς
1772 774 1821 809 τὴν
1847 775 1892 800 αὺ-

1111 812 1160 846 τὴν
1188 813 1269 848 φέρον
1296 813 1424 840 διάνοιαν.
1444 815 1546 841 Ἔσται
1569 815 1604 841 δὲ
1619 817 1635 842 ό
1658 817 1728 849 Θεὸς
1747 817 1783 844 τὰ
1798 818 1894 845 πάντα

1111 857 1145 883 ἐυν
1161 857 1264 890 πᾶσιν,
1282 858 1310 884 ὲν
1329 858 1368 892 τῷ
1390 859 1478 894 καιρῷ
1495 860 1543 895 τῆς
1566 861 1812 894 ἀποκαταστάσεως
1821 863 1890 898 (87)·

282 907 354 942 quod
373 914 422 933 nos
447 911 608 940 assequatur
637 910 716 940 atque
744 905 963 940 comprehendat,
989 905 1059 939 apud

1111 903 1159 937 οὐχ
1183 903 1197 929 ὁ
1220 904 1324 939 Πατὴρ,
1351 904 1459 936 πάντως
1477 906 1516 936 εἰς
1543 906 1622 932 αὐτὸν
1648 895 1828 940 ἀναλυθέντος.
1846 909 1893 936 τοῦ

281 959 327 979 eos
340 952 441 987 utique,
459 953 504 986 qui
522 953 579 979 haec
594 956 666 979 recta
682 952 784 979 ratione
807 951 984 986 perpeudunt.
1004 950 1059 977 Ad-

285 999 345 1025 dam
367 998 430 1025 illud
447 1004 553 1032 quoque
581 997 614 1024 iis
631 1005 689 1032 qua-
704 997 775 1024 dicta
796 1002 868 1028 sunt,
884 996 972 1023 locum
987 996 1058 1023 hunc

280 1050 383 1070 mecum
398 1048 539 1077 reputans:
553 1042 586 1070 In
600 1051 650 1078 quo
662 1043 728 1069 enim
747 1051 840 1076 passus
865 1047 902 1068 est
913 1062 920 1072 ,
940 1042 993 1076 ipse
1006 1046 1060 1068 ten-

281 1094 360 1122 tatus,
378 1094 461 1120 potest
472 1090 513 1120 iis,
524 1090 567 1123 qui
580 1089 857 1121 tentantur,auziliari
873 1089 904 1120 “,
916 1087 985 1122 quod
999 1095 1059 1122 per-

280 1134 373 1169 spicue
386 1134 418 1160 ad
434 1135 556 1161 eumdem
571 1141 678 1160 sensum
699 1134 793 1161 tendit.
807 1133 986 1160 Sicutetiam:
1001 1132 1059 1158 Erit

280 1184 367 1206 autent
378 1179 447 1206 Deus
476 1179 562 1206 omnia
591 1179 617 1205 in
642 1179 760 1205 omnibus
781 1179 803 1193 ”
820 1179 866 1205 illo
883 1178 1059 1206 restitutionis

281 1230 483 1260 tempore;nou
509 1224 600 1258 utique
622 1224 711 1255 Pater,
745 1224 863 1251 resoluto
893 1223 1017 1250 videlicet
1034 1224 1058 1250 in

281 1272 368 1306 ipsum
385 1271 463 1303 Filio,
481 1278 533 1298 non
548 1278 626 1298 secus
639 1277 670 1296 ac
685 1271 708 1296 si
735 1269 778 1296 fax
797 1269 884 1303 aliqua
905 1268 938 1295 ad
952 1268 1059 1302 aliquod

281 1319 386 1348 tempus
400 1313 434 1341 ab
449 1313 548 1348 ingenti
575 1320 639 1347 rogo
663 1312 798 1338 abstracta
810 1331 818 1343 ,
842 1312 868 1338 in
892 1319 952 1338 eum
966 1318 1059 1337 rursus

281 1358 439 1394 adiungatur
454 1359 552 1394 (neque
564 1358 635 1386 enim
658 1357 804 1384 Sabellianl
835 1357 876 1383 his
899 1355 989 1383 verbis
1013 1355 1059 1382 ab-

281 1404 414 1440 utantur),
426 1404 473 1431 sed
487 1404 650 1435 totusDeus;
667 1407 721 1442 tum
735 1409 841 1436 nempe,
861 1409 921 1429 cum
935 1400 988 1436 jam
1006 1407 1058 1428 non

282 1450 359 1478 multi
373 1451 484 1482 erimus,
502 1450 572 1477 sicut
583 1457 653 1477 nunc
669 1456 761 1476 sumus
778 1449 880 1475 ratione
903 1452 1021 1474 motuum
1032 1452 1059 1473 et

281 1495 463 1526 ali'eetionum,
477 1494 540 1521 nihil
557 1494 667 1522 omnino
683 1493 730 1520 Dei
760 1496 898 1528 gestantes
925 1491 952 1518 in
969 1491 1056 1523 nobis,

281 1546 327 1568 aut
342 1541 435 1568 saltem
451 1548 557 1576 parum,
573 1541 618 1567 sed
637 1539 684 1566 toti
699 1539 857 1571 deiformes,
874 1537 1008 1572 totiusque
1026 1544 1058 1564 ac

1111 947 1186 980 Υἰοῦ,
1203 948 1296 984 ὥσπερ
1310 950 1350 981 εἰς
1364 950 1452 985 πυρὰν
1468 951 1586 986 μεγάλην
1599 951 1738 986 λαμπάδος
1753 954 1820 988 πρὸς
1834 963 1894 981 και-

1113 992 1157 1027 ρὸν
1182 993 1414 1029 ἀποσπασῦεισης,
1442 992 1501 1021 εἶτα
1527 996 1717 1032 συναφθείσης,
1750 998 1816 1033 μηδὲ
1840 999 1892 1035 γὰρ

1111 1037 1247 1064 Σαὸἐλλιοι
1262 1038 1300 1073 τῷ
1321 1038 1394 1074 ῥητῷ
1418 1039 1504 1076 τούτῳ
1524 1041 1802 1078 παραφθειρέσθωσαν
1820 1044 1891 1079 (88),

1111 1083 1167 1109 ἀλλ’
1192 1084 1251 1115 ὅλος
1271 1084 1347 1117 Θεὸς,
1372 1086 1435 1112 ὅταν
1461 1086 1557 1121 μηκέτι
1580 1087 1664 1114 πολλὰ
1682 1086 1770 1124 ὦμεν,
1801 1090 1893 1126 ὥσπερ

1110 1128 1156 1154 νῦν
1167 1128 1221 1164 (89)
1235 1129 1289 1162 τοῖς
1312 1131 1441 1166 κινήμασι
1458 1133 1504 1159 καὶ
1520 1134 1577 1164 τοῖς
1599 1133 1721 1165 πάθεσιν,
1737 1135 1811 1162 οὐδὲν
1827 1136 1893 1168 ὅλως

1109 1172 1187 1205 Θεοῦ,
1208 1173 1224 1209 ἢ
1242 1173 1331 1208 ὀλίγον
1355 1175 1383 1202 ἐν
1408 1177 1474 1211 ἡμῖν
1494 1177 1584 1209 αὐτοῖς
1607 1178 1745 1213 φέροντες,
1769 1180 1825 1206 ἀλλ’
1837 1181 1892 1208 ὅλοι

1110 1218 1243 1251 θεοειδεῖς,
1268 1220 1327 1246 ὅλου
1354 1221 1420 1248 Θεοῦ
1446 1224 1594 1258 χωρητικοὶ
1618 1224 1664 1250 καὶ
1698 1226 1793 1260 μόνου·
1816 1227 1893 1253 τοῦτο

1109 1264 1163 1299 γὰρ
1178 1266 1194 1300 ἡ
1213 1265 1350 1298 τελείωσις
1363 1287 1370 1299 ,
1387 1267 1454 1302 πρὸς
1478 1268 1511 1302 ἣν
1526 1269 1674 1305 σπεύδομεν
1684 1278 1691 1285 ”
1706 1273 1848 1307 τεκμηριοῖ
1865 1273 1893 1299 δὲ

1112 1309 1226 1344 μάλιστα
1248 1310 1352 1343 Παῦλος
1377 1312 1458 1344 αὐτός
1471 1321 1478 1328 ·
1492 1313 1506 1339 ὃ
1526 1313 1580 1349 γὰρ
1604 1314 1720 1342 ἐνταῦθα
1742 1317 1806 1352 περὶ
1826 1316 1892 1343 Θεοῦ

1111 1361 1193 1387 φησιν
1206 1353 1348 1388 ἀορίστως,
1364 1355 1480 1391 ἀλλαχοῦ
1505 1358 1596 1391 σαφῶς
1611 1359 1759 1394 περιορίζει
1774 1361 1891 1396 Χριστῷ.

1109 1398 1141 1423 Τί
1156 1398 1257 1432 λέγων;
1275 1399 1365 1427 Ὅπου
1378 1403 1432 1428 οὐκ
1448 1401 1493 1428 ἔνι
1508 1403 1634 1436 "Emme,
1649 1404 1719 1431 οὐδὲ
1739 1405 1890 1439 Ἰουδαῖος,

1109 1444 1250 1478 περιτομὴ
1278 1446 1326 1471 καὶ
1355 1446 1548 1479 ἀκροϐυστία,
1573 1449 1734 1484 βάρϐαρος,
1765 1453 1891 1486 Σκύθης,

1109 1488 1228 1522 δοῦλος,
1243 1490 1416 1525 ἐλεύθερος·
1438 1493 1518 1520 ἀλλὰ
1534 1494 1570 1521 τὰ
1588 1494 1685 1523 πάντα
1704 1497 1752 1523 καὶ
1767 1498 1802 1524 ἐν
1817 1498 1891 1525 πᾶσι

1110 1536 1246 1569 Χριστός.

280 1587 362 1614 solius
374 1587 418 1614 Dei
433 1593 545 1621 capaces
565 1595 572 1613 :
600 1587 657 1613 haec
679 1585 750 1612 enim
768 1592 799 1612 ea
832 1582 961 1619 perfectio
979 1586 1030 1615 est,
1063 1582 1096 1609 ad
1116 1589 1196 1615 quam
1212 1581 1284 1608 Omni
1313 1581 1451 1610 celeritate
1481 1591 1674 1619 properamus;
1697 1587 1766 1621 quod
1785 1587 1891 1622 quidem

280 1634 378 1661 Paulus
392 1634 448 1668 ipse
461 1633 574 1659 maxime
587 1631 696 1665 conjicit
711 1639 717 1657 ι
734 1630 804 1665 quod
818 1630 889 1657 enim
907 1629 951 1657 hic
961 1629 994 1656 de
1004 1629 1057 1655 Deo
1076 1626 1216 1654 indeﬁnite
1242 1628 1291 1659 ait,
1308 1628 1359 1654 alio
1388 1628 1446 1655 loco
1468 1630 1645 1663 apertissimis
1667 1633 1755 1659 verbis
1783 1633 1892 1661 Christo

279 1679 416 1714 sigillatim
427 1677 557 1704 attribuit.
568 1675 670 1709 Quibus
682 1675 789 1702 verbis?
803 1672 853 1701 Ubi
867 1681 918 1700 non
941 1677 978 1700 est
993 1672 1111 1705 ercua,
1127 1680 1177 1698 non
1188 1671 1308 1704 Judmus,
1335 1673 1495 1700 circumcisio
1512 1680 1535 1701 et
1565 1678 1732 1710 praeputium.
1765 1679 1891 1707 barbarus

279 1731 303 1752 et
318 1724 425 1758 Scytha,
437 1729 523 1748 servus
539 1726 563 1748 et
581 1721 664 1747 liber:
682 1720 726 1747 sed
751 1720 838 1746 omnia
860 1719 921 1746 etin
937 1719 1054 1745 omnibus
1074 1717 1194 1745 Christus
1211 1717 1240 1743 “.

315 1771 371 1798 νη.
388 1769 479 1796 Tertio
508 1768 565 1796 loco
595 1775 688 1795 vocem
721 1767 801 1800 hanc,
818 1767 902 1800 major
917 1766 950 1798 ”,
966 1772 1057 1792 nume-

1145 1764 1181 1790 Z'.
1201 1762 1306 1798 Τρίτον,
1326 1764 1435 1799 aptans;
1449 1765 1487 1797 τὸ,
1503 1765 1603 1799 μεῖζον
1614 1766 1670 1802 (90)
1681 1776 1687 1783 ·
1703 1768 1833 1805 τέταρτον
1850 1773 1890 1801 τὸ,

280 1823 342 1844 rant
356 1825 362 1844 :
375 1820 470 1850 quarto
482 1814 556 1845 item,
572 1813 654 1840 Deum
666 1820 749 1839 meum
761 1817 785 1838 et
802 1811 883 1838 Deum
898 1817 1008 1838 vestrum
1026 1811 1057 1837 ".

281 1863 362 1894 Sane,
378 1861 399 1888 si
412 1859 496 1894 major
508 1860 616 1894 quidem
630 1859 774 1889 diceretur,
796 1865 846 1884 non
859 1859 921 1884 item
936 1857 1057 1892 azqualis,

280 1909 394 1935 fortasse
409 1907 461 1933 vim
480 1905 595 1940 aliquam
620 1905 732 1931 haberet
748 1905 818 1938 quod
844 1903 968 1930 afferunt.
990 1903 1056 1930 Cum

281 1955 368 1978 autem
381 1955 524 1984 utrumque
541 1949 652 1975 inveniri
669 1947 771 1982 liquido
798 1951 914 1979 constet,
925 1946 987 1982 quid
999 1953 1057 1974 tan-

281 1997 341 2023 dem
358 1995 478 2030 generosi
495 1994 617 2021 horuines
644 1993 753 2020 dicent?
769 1994 838 2027 Quid
861 1993 965 2020 roboris
982 1993 1059 2019 hahe-

281 2042 364 2069 hunt'.’
388 2041 526 2074 Quomodo
548 2040 724 2071 convenient,
754 2047 813 2074 qua:
840 2039 985 2066 convenire
1008 2046 1054 2065 ne-

281 2086 398 2120 queunt?
420 2085 491 2112 Idem
511 2085 582 2111 enim
597 2084 685 2118 seipse
708 2083 804 2117 majus,
825 2083 979 2116 pariterque
1007 2082 1056 2109 sibi

282 2133 333 2167 ipsi
341 2131 450 2166 aequale,
467 2130 522 2158 ﬁeri
539 2137 590 2156 non
602 2134 698 2164 potest.
714 2127 805 2155 Nonne
816 2136 879 2162 ergo
889 2127 1056 2161 perspicuum

281 2182 322 2205 est
336 2176 444 2210 majoris
464 2183 553 2202 vocem
584 2176 617 2201 ad
643 2181 763 2204 causam,
791 2173 901 2206 :equalis
916 2178 1007 2199 autem
1024 2172 1057 2198 ad

282 2227 406 2249 naturam
430 2220 596 2248 referendam
613 2220 691 2246 esse?
719 2218 757 2245 Ac
786 2226 833 2245 nos
850 2217 918 2244 istud
948 2218 1061 2251 ingenue

282 2267 425 2294 admodum
442 2271 468 2294 et
483 2265 593 2292 candide
621 2264 790 2291 conﬁtemur.
821 2262 946 2289 Fortasse
966 2265 1054 2289 autem

318 2358 339 2374 "
348 2357 428 2384 Hebr.
444 2355 527 2389 11,18.
566 2355 587 2370 ¹³
605 2354 613 2380 l
631 2353 692 2381 Cor.
711 2361 755 2386 xv,
780 2353 825 2380 28.
864 2353 886 2368 ¹⁴
899 2352 984 2380 Galat.
1001 2361 1042 2386 ιιι,
1055 2355 1099 2382 28.

1111 1810 1183 1836 Θεόν
1197 1817 1255 1843 μου
1279 1809 1327 1835 καὶ
1352 1809 1426 1836 Θεὸν
1448 1811 1540 1844 ὑμῶν.
1556 1812 1587 1837 Εἰ
1603 1812 1652 1846 μὲν
1667 1811 1713 1840 οὖν
1722 1815 1828 1848 μείζων
1836 1816 1890 1851 (91)

1111 1856 1158 1890 μὲν
1173 1856 1288 1889 ἐλέγετο,
1309 1855 1345 1891 μὴ
1371 1855 1491 1892 ῐσος(92)
1508 1857 1546 1889 δὲ,
1567 1858 1636 1893 τάχα
1657 1858 1688 1885 ἂν
1709 1857 1743 1894 ἦν
1764 1869 1789 1886 τι
1810 1862 1888 1888 τοῦτο

1108 1902 1215 1934 αὐτοῖς·
1236 1903 1260 1928 εἰ
1279 1903 1306 1929 δὲ
1326 1903 1467 1938 ἀμφότερα
1493 1904 1584 1938 σαφῶς
1607 1905 1779 1940 εὑρίσκομεν,
1797 1907 1822 1933 τί
1840 1909 1889 1943 φή-

1109 1955 1199 1973 σουσιν
1215 1948 1239 1974 οἱ
1256 1948 1396 1981 γεννάδαις
1411 1948 1437 1974 τί
1454 1948 1483 1974 τὸ
1502 1949 1609 1984 ἰσχυρὴν
1625 1951 1732 1983 αὑτοῖςς
1750 1951 1808 1983 πῶς
1824 1961 1890 1988 συμ-

1110 1996 1220 2030 ϐήσεται
1237 1996 1271 2022 τὰ
1281 1997 1443 2032 ἀσύμϐατας
1454 1998 1484 2023 τὸ
1495 1997 1548 2031 γὰρ
1563 1997 1628 2023 αὐτὸ
1641 1996 1687 2023 τοῦ
1699 1997 1779 2023 αὐτοῦ
1792 1998 1890 2032 ὁμοίιος

1111 2041 1202 2076 μεῖζον
1219 2042 1265 2068 καὶ
1282 2043 1338 2068 ἴσον
1353 2041 1431 2073 εἶναι,
1447 2042 1501 2069 τῶν
1513 2043 1664 2069 ἀδυνάτων·
1678 2042 1793 2078 ἣδῆλον.
1807 2043 1847 2069 ὅτι
1861 2043 1890 2070 τὸ

1112 2086 1202 2120 μεῖζον
1216 2087 1264 2121 μέν
1280 2087 1335 2113 ἐστι
1351 2087 1400 2122 τῆς
1413 2088 1510 2118 αἰτίας,
1527 2087 1557 2113 τὸ
1572 2087 1600 2114 δὲ
1617 2088 1682 2120 ἴσον,
1697 2088 1747 2122 τῆς
1765 2087 1888 2122 φύσεωςς

1110 2130 1157 2156 καὶ
1180 2130 1259 2157 τοῦτο
1283 2133 1334 2159 ὑπὸ
1356 2133 1456 2167 πολλῆς
1479 2132 1685 2168 εὐγνωμοσύνης
1707 2133 1889 2168 ὁμολογοῦμεν

1109 2176 1197 2210 ἡμεῖς.
1213 2177 1288 2212 Τάχα
1309 2177 1329 2203 δ’
1354 2177 1386 2204 ἂν
1405 2178 1476 2204 εἴποι
1501 2187 1542 2210 τις
1565 2178 1642 2209 ἄλλος
1659 2178 1713 2213 (95)
1736 2178 1774 2214 τῷ
1794 2180 1890 2214 ἡμετέ-

1109 2229 1148 2255 ρῳ
1158 2221 1211 2257 (94)
1225 2222 1296 2257 λόγῳ
1310 2223 1538 2258 προσφιλονεικῶν
1554 2224 1619 2258 (95),
1638 2223 1674 2259 μὴ
1695 2224 1803 2251 ἔλαττον
1821 2223 1889 2251 εἶναι

1109 2265 1138 2291 τὸ
1152 2266 1183 2292 ἐκ
1197 2267 1322 2303 τοιαύτης
1334 2268 1423 2300 αἰτίας
1435 2267 1503 2295 εἶναι
1522 2269 1568 2295 τοῦ
1580 2269 1698 2296 ἁναιτίου
1711 2269 1777 2304 (96).
1794 2270 1848 2305 Τῆς
1862 2279 1890 2296 τε

1139 2356 1160 2371 ’⁸
1171 2355 1248 2383 Joan.
1265 2364 1319 2388 xw,
1331 2356 1376 2383 28.
1416 2358 1437 2372 ἐ
1451 2356 1528 2384 Joan.
1545 2365 1589 2390 xx,
1603 2358 1643 2384 l7.

315 2403 372 2445 (86)
385 2400 491 2435 Ποσῶς
502 2409 544 2436 γε.
560 2401 616 2427 Duo
632 2399 725 2435 Regg.,
742 2399 858 2433 quinque
868 2398 957 2431 Uolb.,
969 2399 1059 2431 ποσῶς

280 2446 371 2508 uti”)
392 2470 683 2508 Ἀποκαπιλιιγτάσιεως.⁸
696 2467 925 2508 i-Restitutionis,
940 2478 950 2494 ι
967 2467 991 2494 id
1007 2473 1058 2500 est,

283 2517 291 2533 ι
308 2503 523 2537 resurrectionis,
539 2515 548 2532 ›
567 2513 626 2533 cum
640 2504 764 2531 videlicet
779 2503 874 2530 anima:
886 2504 941 2530 suis
960 2511 1059 2538 corpu-

280 2543 355 2570 ribus
370 2542 557 2568 restituentur.

316 2577 372 2611 (88)
398 2574 712 2610 Παραφθειρέσθωσαν.
740 2574 804 2601 Sav.
826 2573 924 2608 aliique
957 2572 1056 2607 plures,

279 2611 590 2659 παρεισφθειρέσθωσαν.

327 2647 370 2659 ont
384 2646 479 2659 "11......
485 2655 497 2659 ρι
509 2645 566 2659 ...Ωιι

315 2647 370 2681 (89)
384 2647 497 2680 ’Ὠσπερ
508 2647 599 2672 νῦν...

282 2686 389 2716 typogra
395 2682 445 2714 pho
454 2681 561 2716 omissa.

316 2702 588 2751 ἱῦδῇ”ιῖἰὲῗξῖαὲέζ””ιξὲὲ.,
599 2713 720 2751 λμειζων,

315 2746 371 2784 (91)
390 2750 508 2780 Μείζων.
521 2746 586 2777 Tres
599 2746 681 2783 ltegg.
695 2753 722 2775 et
741 2753 793 2784 tres
807 2746 1004 2784 (ἓοῐὺἪμεῖζονΓ

316 2782 372 2821 (92)
401 2786 489 2817 Ἰσος.
517 2784 582 2821 [res
610 2782 691 2821 δῆξις.
709 2782 970 2821 totidemquepolb"
989 2782 1056 2808 ἴσον.

316 2817 371 2856 (9ᾆ)
392 2821 508 2856 Ἄλλος.
524 2818 599 2856 Ultus
614 2817 682 2856 ΙξοξειζΔ
696 2823 722 2856 et
734 2817 832 2856 Q‘xonq
844 2817 916 2856 ἄλλο.

316 2851 372 2890 (94)
393 2855 544 2888 Ἡμετέρῳ.
555 2853 599 2880 Sic
613 2851 694 2880 Coisl.
709 2852 734 2884 l,
747 2852 810 2879 Sav.
824 2856 850 2879 et
858 2851 948 2879 Comb.
961 2851 990 2878 In
1002 2851 1058 2882 ed.,

626 2644 776 2678 φέροντες.
799 2643 860 2670 [late
881 2650 894 2668 a
912 2642 999 2674 Dillio,
1013 2647 1059 2669 aut

1119 2471 1124 2476 I
1146 2437 1201 2471 (95)
1220 2437 1490 2476 Προσςφιᾼρνεικῶν.
1516 2447 1525 2463 r
1542 2436 1597 2476 Vox
1617 2438 1680 2476 ista,
1705 2437 1817 2476 r_i_nqui_t
1837 2437 1890 2464 Bil-

1108 2471 1170 2502 lius,
1190 2481 1199 2496 ε
1217 2479 1268 2498 non
1283 2472 1416 2508 signiﬁcth
1438 2480 1510 2504 eum,
1536 2473 1582 2508 qui
1618 2471 1740 2508 Gregorii
1759 2473 1889 2500 rationem

1107 2510 1283 2540 oppugnaret.
1302 2507 1347 2532 sed
1362 2507 1408 2541 qui
1428 2507 1515 2533 acrius
1535 2507 1561 2533 in
1575 2507 1695 2534 eamdem
1720 2515 1830 2534 causam
1854 2509 1889 2534 in-

1108 2542 1255 2572 cumberet,
1269 2541 1383 2574 Filiique
1398 2541 1564 2568 divinitatem
1583 2547 1712 2569 tueretur.
1734 2543 1799 2568 Nam
1818 2543 1887 2575 quod

1108 2575 1253 2608 Gregorius
1267 2576 1382 2602 fateatur
1397 2575 1504 2607 Filium,
1518 2577 1622 2603 ratione
1643 2577 1774 2603 duntaxat
1793 2584 1889 2608 causte,

1108 2610 1237 2645 minorem
1256 2618 1316 2637 esse
1336 2610 1426 2639 Patre.
1445 2613 1619 2638 contenderet
1649 2612 1765 2638 fortasse
1794 2611 1890 2645 aliquis

1107 2644 1134 2682 in
1148 2645 1272 2682 eamdem
1288 2645 1348 2671 Filii
1364 2645 1546 2682 defensionem
1559 2647 1649 2673 aerius
1665 2644 1846 2682 incumbens,
1857 2655 1889 2672 ne

1107 2678 1133 2704 in
1147 2678 1196 2705 hac
1211 2679 1318 2712 quidem
1333 2681 1434 2706 ratione
1446 2681 1575 2707 minorem
1591 2689 1650 2707 eum
1664 2689 1722 2708 esse
1734 2681 1889 2714 dicendum;

1107 2715 1177 2746 quod
1195 2715 1322 2741 nonsatis
1341 2715 1563 2742 animadvertisse
1579 2716 1685 2743 videtur
1701 2716 1782 2742 Elias.
1803 2725 1813 2742 ι

1142 2747 1195 2782 (96)
1214 2748 1369 2776 ’Avattlov.
1386 2748 1430 2776 Sic
1450 2754 1504 2776 tres
1519 2749 1615 2784 Βρεμι,
1634 2751 1686 2778 duo
1706 2751 1800 2781 Coisl.,
1816 2749 1890 2780 Par.,

1106 2781 1218 2820 90min,
1242 2788 1299 2820 etc._
1312 2783 1357 2810 Sic
1374 2785 1454 2812 etiam
1479 2785 1542 2820 legit
1558 2781 1661 2819 Bittius,
1685 2785 1746 2813 licet
1760 2785 1825 2813 editi
1847 2786 1891 2811 ha-

1106 2816 1196 2849 beant,
1210 2818 1341 2844 ἐναντίου.
