2049 3131
199 111 251 137 117

711 115 840 143 ORATIO
860 116 943 143 XXX.
965 132 999 136 —
1019 117 1238 145 TIIEOLOGKJA
1257 116 1301 144 IV.

1763 118 1813 145 “‘8

199 180 260 202 νουε
277 171 351 205 (i5);
369 173 422 199 Καὶ
436 173 493 205 πῶς
511 175 527 209 ἡ
551 175 634 209 Σοφία
656 175 740 202 δεῖται
753 176 798 203 τοῦ
812 177 977 210 διδάξοντοςς

1032 178 1157 212 piendum
1171 199 1178 210 ,
1197 177 1268 213 quod
1295 177 1402 204 Patrem
1431 177 1572 204 facientem
1590 177 1682 204 videre
1707 178 1812 210 dicitur,

198 217 214 250 ἢ
229 217 259 242 οὺ
271 217 377 252 ποιήσει
391 226 416 244 τι
435 219 471 254 μὴ
487 219 680 255 διδασκομένη;
694 221 769 248 Ποιεί
781 222 809 248 δὲ
825 223 883 254 πῶς
896 224 910 249 ὁ
927 223 980 249 Πα-

198 263 260 297 τὴρ,
275 263 291 298 ἣ
308 264 472 299 mminit-3v;
490 264 561 301 7Aput
576 267 653 293 ἄλλον
673 269 861 303 προὺπέστησε
882 269 982 304 κόσμον

199 309 258 334 ἀντὶ
270 309 316 335 τοῦ
331 311 473 345 παρόντος,
496 312 543 337 καὶ
560 313 705 348 ὑποστήσει
718 314 762 340 τὸν
781 315 920 349 μέλλοντα,
936 316 982 342 καὶ

200 354 267 387 πρὸς
287 355 376 381 ἐκεῖνα
395 356 500 390 βλέπων
513 358 527 383 ὁ
549 358 621 390 Υἱὸς,
646 360 690 385 τὸν
715 361 764 395 μὲν
780 361 981 396 ὑπέστησε,τὸν

198 399 226 424 δὲ
243 400 405 435 {amorne-at;
424 403 559 438 Τέσςαςιες
579 402 625 430 οὖν
652 405 748 440 κόσμοι
771 406 827 440 (16)
846 406 916 432 κατὰ
936 407 981 432 τὸν

199 446 277 479 λόγον
290 446 392 478 τοῦτον,
412 449 437 474 οἱ
455 449 504 483 μὲν
527 449 642 484 Πατρὸς,
661 451 684 476 οἱ
705 451 733 477 δὲ
751 451 816 477 Υἰοῦ
831 453 979 487 ποιήματα.

200 492 232 517 Ὠ
245 491 293 526 τῆς
310 493 420 526 ἀλογίας
437 494 511 529 (I7)!
534 494 667 530 Καθαίρει
689 496 717 522 δὲ
731 496 843 532 λέπρας,
860 497 906 523 καὶ
923 497 980 523 δαι-

201 538 298 571 μόνων,
312 539 358 565 καὶ
374 539 458 565 νόσων
470 539 633 568 ἀπαλλάττει
648 541 715 576 (18),
735 542 781 568 καὶ
797 541 923 573 ζωοποιεῖ
936 551 981 568 νε-

199 582 292 617 κροὺς,
318 583 364 609 καὶ
385 584 454 619 ὑπὲρ
476 584 612 620 Θαλάσσης
627 585 723 618 ὁδεύει,
744 586 792 612 καὶ
811 586 894 613 τᾶλλα
911 588 981 613 ποιεῖ

199 628 248 653 ὃσα
266 629 424 663 πεποίηκεν,
441 630 487 655 ἐπὶ
502 630 584 661 τίνος,
602 631 617 665 ἢ
636 631 698 657 πότε
717 631 762 657 τοῦ
777 632 883 666 Πατρὸς
897 632 981 659 ταῦτα

199 674 463 708 προενεργήσαντος;
479 675 512 700 Ἦ
527 675 615 708 δῆλον,
632 676 736 702 ὅτιτῶν
755 676 842 703 αὐτῶν
854 677 980 711 πραγμά-

199 727 251 743 των
271 719 331 750 τοὺς
347 719 448 751 τύπους
462 721 654 756 ἐνσημαίνεται
670 721 718 756 μὲν
737 723 751 748 ὀ
767 722 871 757 Πατὴρ,
890 723 980 748 ἔπιτε*

199 764 240 790 λεῖ
252 764 280 790 δὲ
295 766 309 791 ὁ
325 766 422 799 Λόγος,
438 767 467 792 οὐ
482 767 622 799 δουλικῶς,
636 768 695 794 οὐδὲ
707 768 830 802 ἀμαθῶς,
850 768 906 794 ἀλλ’
919 769 976 794 ἐπι-

199 811 367 845 στημονικῶς
390 820 419 837 τε
445 813 492 838 καὶ
510 813 685 845 δεσποτικῶς,
700 814 746 840 καὶ
766 813 926 849 οἰκειότερον
941 815 978 840 εὶ-

1032 228 1111 258 atqne
1141 225 1176 251 ita
1204 224 1294 251 facere
1308 223 1349 248 “‘9
1374 230 1408 250 an
1436 223 1524 257 utqui
1540 223 1641 250 formas
1665 231 1696 250 ac
1711 223 1814 251 litteras

1031 270 1155 304 pingunt,
1174 277 1206 297 eo
1221 269 1290 304 quod
1302 269 1441 295 veritatem
1452 268 1531 295 aliter
1546 269 1654 303 assequi
1669 273 1812 302 nequeant,

1032 315 1083 342 nisi
1108 315 1246 349 exemplar
1272 321 1348 341 suum
1375 314 1539 346 intueantur,
1557 318 1636 348 atque
1659 313 1719 341 inde
1742 313 1815 340 velut

1032 369 1111 387 Inauu
1124 360 1274 387 ducantur?
1290 359 1339 393 Qui
1353 367 1417 386 vero
1427 359 1552 393 quadrat,
1569 363 1597 385 ut
1610 358 1747 392 Sapientia
1757 365 1813 384 ma—

1031 407 1113 440 gistro
1136 413 1202 439 opus
1228 405 1343 432 habeat?
1379 405 1479 432 nihilne
1504 404 1609 436 elliciet,
1633 404 1685 430 nisi
1700 404 1814 431 educta?

1032 450 1252 486 Quid,‘,Paterne
1286 450 1387 484 aliquid
1420 449 1494 480 facit,
1533 453 1579 475 aut
1598 448 1681 476 fecit?
1714 448 1810 477 Utrum

1033 496 1137 523 tandem
1168 495 1249 522 alium
1292 494 1419 521 mundum
1454 498 1515 520 ante
1556 494 1627 520 hunc
1669 498 1814 525 coagmen-

1033 540 1109 573 tavit,
1128 543 1210 574 atquc
1227 538 1308 565 alium
1326 546 1420 565 rursus
1435 539 1461 564 in
1478 542 1616 572 posterum
1642 541 1814 571 coagmenta-

1031 586 1081 616 bit,
1097 592 1163 619 quos
1176 584 1261 611 Filius
1272 584 1323 611 sibi
1338 589 1400 610 ante
1413 583 1505 611 oculos
1517 589 1680 617 proponens,
1697 581 1812 608 alterum

1030 631 1137 665 quidem
1148 630 1202 663 jam
1218 629 1414 663 procreaverit,
1430 628 1543 655 alterum
1555 631 1642 654 autem
1654 631 1812 662 procreatu-

1033 683 1078 703 rns
1095 676 1148 703 sit?
1166 676 1288 709 Quatuor
1301 682 1365 709 ergo
1381 675 1431 701 hac
1445 674 1549 700 ratione
1562 673 1749 706 mundierunt,
1760 674 1812 701 duo

1031 730 1045 748 a
1061 722 1150 753 Patre,
1181 723 1234 749 duo
1255 730 1269 749 a
1298 721 1366 748 Filio
1399 719 1507 747 effecti?
1528 719 1550 746 Ο
1567 719 1689 754 supinam
1719 726 1812 746 vecor-

1030 769 1119 796 diaml
1136 771 1202 802 Age,
1222 776 1283 796 eum
1306 769 1394 803 lepras
1419 770 1524 802 purgat,
1547 766 1682 793 daemones
1698 771 1725 792 et.
1738 773 1810 793 mor-

1032 817 1080 843 hos
1094 815 1227 849 profligat,
1248 819 1368 841 mortuos
1383 813 1415 840 ad
1439 813 1519 839 vitam
1543 817 1662 844 revocat,
1679 819 1752 839 mare
1767 819 1813 847 pe-

199 858 268 888 πεῖν,
285 859 438 894 πατρικῶςς
452 860 528 886 Οὕτω
544 861 597 895 γὰρ
605 860 659 894 ἐγὼ
667 860 778 896 δέχομαι
789 861 828 890 τὸ,
839 861 912 895 ἅπερ
921 860 977 887 ὑπὸ

1032 862 1110 888 dibus
1125 865 1265 895 peragrat,
1297 859 1403 894 aliaque
1418 859 1508 886 omnia
1537 857 1610 890 facit,
1636 858 1662 884 in
1679 865 1732 892 quo
1751 862 1812 884 tan-

197 903 250 928 τοῦ
264 904 377 937 Πατρὸς
392 905 518 939 γίνεται,
539 906 631 932 ταῦτα
649 907 697 933 καὶ
717 907 770 932 τὸν
789 906 856 932 Υἱὸν
873 907 979 941 ὁμοίως

197 949 294 975 ποιεῖν
305 958 311 965 ·
327 950 355 976 οὐ
371 951 440 977 κατὰ
454 951 502 987 τὴν
518 952 570 978 τῶν
591 953 740 987 γινομένων
759 953 897 987 ὁμοίωσιν,
912 952 980 978 ἀλλὰ

198 995 268 1021 κατὰ
285 996 332 1030 τὴν
347 996 402 1031 (19)
420 998 468 1033 τῆς
481 997 604 1030 ἐξουσίας
618 999 761 1034 ὁμοτιμίαν
772 1007 778 1011 ·
799 1000 845 1025 καὶ
859 998 936 1024 τοῦτο
948 998 980 1025 ἂν

197 1040 239 1074 εἴη
252 1041 290 1072 τὸ,
301 1041 352 1073 ἕως
369 1043 430 1078 ἄρτι
444 1044 490 1070 καὶ
506 1043 551 1070 τὸν
565 1044 675 1079 Πατέρα
688 1044 861 1079 ἐργάζεσθαι,
877 1045 925 1071 κα).
934 1045 979 1071 τὸν

200 1085 260 1112 Υἰόν
270 1094 276 1100 ·
291 1087 321 1112 οὐ
338 1087 415 1122 μόνον
432 1088 470 1120 δὲ,
483 1089 550 1115 ἀλλὰ
566 1090 612 1115 καὶ
625 1090 684 1124 τὴν,
698 1087 735 1116 ὧν
750 1090 897 1125 πεποίηκεν
911 1090 978 1126 (20),

196 1132 349 1166 οἰκονομίαν
360 1135 447 1167 τεηκα).
460 1136 632 1170 συντήρησιν,
643 1135 680 1167 ὡς
691 1136 766 1170 δηλοῖ
779 1136 819 1169 τὸ,
833 1136 979 1163 ποιεῖσθαι

197 1177 268 1209 τοὺς
275 1178 420 1213 ἀγγέλους
428 1181 519 1206 αὐτοῦ
531 1181 693 1215 πνεύματα,
705 1181 761 1212 καὶ,
771 1182 978 1216 θεμελιοῦσθαι

197 1222 317 1257 τὴνγῆν
324 1224 372 1250 ἐπὶ
380 1225 436 1258 τὴν
445 1225 614 1260 ἀσφάλειαν
624 1226 718 1260 αὐτῆς
729 1235 734 1241 ·
745 1227 817 1258 ἅπαξ
825 1227 979 1262 ἡδρασμένα

197 1275 226 1293 τε
244 1268 289 1294 καὶ
303 1270 435 1304 γενόμενα
447 1279 453 1286 ’
472 1271 518 1297 καὶ
530 1270 704 1306 στερεοῦσθαι
724 1271 846 1306 βροντὴν,
860 1271 906 1297 καὶ
922 1271 979 1297 κτί-

197 1311 288 1344 ζεσθαι
305 1315 421 1350 πνεῦμα,
437 1314 474 1343 ὧν
496 1317 569 1349 am:
595 1317 643 1352 μὲν
668 1318 681 1344 ὁ
694 1317 771 1351 λόγος
789 1317 902 1353 ὑπέστη,
918 1326 979 1344 συν-

196 1360 261 1396 εχὴς
274 1361 301 1387 δὲ
315 1362 360 1388 καὶ
373 1362 419 1389 νῦν
439 1364 454 1399 ἡ
471 1364 601 1399 ἐνέργεια.

1033 907 1102 939 dem,
1118 911 1162 933 aut
1174 906 1280 941 quando
1298 905 1378 932 Pater
1394 905 1452 932 haec
1464 909 1525 931 ante
1540 903 1623 931 fecit?
1642 903 1735 931 Nonne
1752 911 1812 938 per-

1034 954 1156 988 spicuum
1173 957 1226 985 est,
1239 953 1397 979 earumdem
1412 958 1501 978 rerum
1515 950 1615 977 formas
1630 957 1643 976 a
1659 949 1736 976 Patre
1749 949 1811 984 qui-

1032 1001 1092 1026 dem
1109 999 1180 1026 velut
1194 998 1339 1033 designari,
1356 1004 1370 1023 a
1386 996 1453 1023 Filio
1474 1001 1562 1022 autem
1577 996 1678 1030 peragi,
1694 1002 1746 1022 non
1755 1003 1813 1023 ser-

1031 1045 1121 1072 viliter
1136 1051 1218 1079 atque
1233 1045 1350 1076 indocte,
1366 1043 1411 1070 sed
1426 1042 1512 1077 perite
1526 1047 1552 1069 et
1569 1042 1701 1074 heriliter,
1719 1048 1809 1076 atque,

1033 1095 1061 1117 ut
1074 1090 1162 1124 aptius
1176 1089 1281 1123 loquar,
1298 1089 1433 1122 paterne?
1452 1087 1480 1114 lu
1498 1088 1569 1114 hunc
1590 1087 1689 1122 quippe
1702 1094 1810 1114 sensum

1031 1136 1112 1163 verba
1127 1136 1184 1161 haec
1199 1134 1302 1168 accipio
1316 1143 1323 1161 :
1342 1133 1507 1165 ancunqae
1528 1132 1608 1159 Pater
1624 1132 1698 1166 facit,
1720 1132 1810 1158 eadem

1029 1184 1052 1206 et
1064 1178 1151 1205 Filius
1164 1178 1284 1205 similiter
1293 1178 1358 1210 facit
1367 1178 1410 1210 aa';
1424 1184 1475 1204 non
1488 1177 1558 1211 quod
1568 1177 1663 1204 similia
1673 1177 1726 1204 sint
1741 1177 1810 1203 utri—

1029 1233 1114 1259 usque
1125 1231 1219 1258 opera,
1237 1223 1283 1250 sed
1301 1223 1371 1257 quod
1399 1230 1446 1257 par
1476 1223 1511 1250 sit
1537 1222 1678 1257 utriusque
1691 1226 1810 1256 potestas

1028 1277 1110 1305 atque
1125 1270 1290 1302 auctoritas;
1319 1273 1400 1303 atque
1422 1269 1473 1296 hoc
1502 1268 1616 1296 fortasse
1642 1275 1703 1296 esse
1717 1273 1808 1302 queat,

1028 1317 1099 1351 quod
1118 1322 1146 1344 et
1163 1316 1242 1343 Pater
1260 1322 1344 1349 usque
1358 1315 1437 1342 modo
1452 1315 1557 1349 operari
1583 1315 1689 1347 dicitur,
1715 1319 1742 1341 et
1765 1314 1809 1340 Fi-

1029 1364 1080 1390 lius
1095 1363 1137 1395 ";
1153 1369 1204 1389 non
1218 1368 1308 1388 autetn
1325 1361 1375 1388 hoc
1391 1362 1521 1388 duntaxat
1537 1361 1654 1394 nomine,
1670 1361 1716 1388 sed
1726 1361 1806 1388 etiam

203 1408 306 1434 ratione
323 1409 524 1441 gubernationis
536 1415 563 1437 et
575 1410 787 1437 conservationis
799 1418 902 1441 eorum,
914 1418 973 1444 qua:
994 1410 1062 1437 facta
1077 1413 1150 1440 sunt,
1180 1412 1208 1434 ut
1235 1408 1337 1434 indicat
1353 1407 1435 1435 illud:
1456 1408 1507 1440 Qui
1532 1407 1593 1441 facit
1617 1407 1722 1441 angelos
1748 1415 1809 1433 suos

196 1455 354 1487 spiritus”;
373 1459 409 1486 et,
431 1454 482 1487 Qui
506 1455 599 1490 fundat
625 1460 720 1483 terram
741 1464 817 1489 super
841 1456 1008 1483 stabilitatem
1028 1455 1064 1481 ἀι
1098 1462 1158 1481 cum
1186 1453 1269 1480 semel
1302 1458 1328 1480 et
1350 1453 1406 1480 hazc
1445 1453 1548 1480 ﬁrmata
1577 1457 1657 1486 atque
1683 1452 1816 1494 stabilita.

195 1501 244 1531 sil,
261 1507 288 1529 ct
303 1501 339 1528 illi
354 1502 498 1536 procreati.
516 1501 573 1534 Quo
585 1502 665 1528 etiam
689 1502 824 1536 pertinet:
857 1503 928 1535 quod
963 1501 1071 1528 firmare
1100 1500 1201 1527 tonitru
1232 1499 1375 1532 dicitur",
1391 1504 1418 1526 et
1444 1505 1550 1526 ventum
1566 1506 1660 1526 creare
1682 1499 1722 1525 '9:
1742 1506 1808 1538 quo;

198 1554 256 1571 rum
269 1547 324 1579 ipsa
338 1546 445 1579 quidem
459 1546 529 1573 ratio
545 1547 628 1574 semel
643 1548 748 1574 condita
773 1552 826 1580 est,
850 1552 975 1574 cmterum
996 1554 1066 1573 nunc
1079 1552 1184 1580 quoque
1195 1550 1330 1588 perpetua.
1345 1545 1384 1572 vis
1400 1550 1441 1572 est
1458 1552 1488 1572 ac
1506 1545 1631 1572 facultas.

231 1591 278 1616 lB’.
298 1591 428 1626 Ἕϐδομον
455 1591 575 1625 λεγέσθω
591 1593 622 1619 τὸ
641 1593 856 1628 καταϐεϐηκέναι
879 1594 911 1620 ἐκ
931 1592 977 1619 τοῦ

1065 1591 1122 1618 Xll.
1139 1591 1288 1627 Septimum
1304 1591 1468 1626 proferatur,
1497 1591 1566 1624 quod
1589 1591 1672 1619 Filius
1684 1599 1710 1630 ι(ξ
1740 1592 1808 1620 ccelo

195 1635 307 1670 οὐρανοῦ
324 1636 368 1661 τὸν
386 1636 458 1667 Υίὺν,
476 1636 524 1670 οὐχ
545 1636 589 1663 ἴνα
609 1638 670 1672 ποιῇ
693 1637 722 1663 τὸ
739 1637 842 1672 θέλημα
864 1637 894 1663 τὸ
915 1638 978 1663 ἑαυ-

195 1679 253 1711 τοῦ,
271 1679 337 1706 ἀλλὰ
357 1681 387 1706 τὸ
408 1680 455 1706 τοῦ
480 1681 535 1715 (21)
552 1681 716 1716 πέμψαντος.
743 1682 773 1708 Ei
797 1683 846 1717 μὲν
869 1681 915 1709 οὖν
940 1682 977 1718 μὴ

196 1725 272 1760 παρὰ
283 1725 330 1751 τοῦ
347 1726 557 1761 κατεληλυθότος
572 1726 653 1753 αὑτοῦ
668 1726 753 1752 ταῦτα
769 1727 886 1761 ἐλέγετο.
904 1727 977 1754 εἴπο-

199 1780 246 1805 μεν
261 1771 292 1797 ἂν
306 1771 342 1802 ὼς
355 1772 430 1807 παρὰ
443 1772 489 1798 τοῦ
507 1772 650 1807 ἀνθρώπου
670 1772 819 1799 τυποῦσθαι
831 1772 974 1807 τὸνλόγον,

196 1817 226 1842 οὐ
246 1815 290 1842 τοῦ
305 1818 374 1843 κατὰ
394 1817 438 1843 τὸν
454 1817 567 1852 Σωτῆρα
579 1818 722 1852 νοουμένου
738 1818 784 1852 (τὸ
798 1818 852 1853 γὰρ
872 1819 975 1844 ἐκείνου

197 1861 282 1887 talen-1
297 1862 355 1888 οὐδὲ
373 1862 529 1889 ὑπεναντίον
544 1862 612 1897 Θεῷ,
632 1862 730 1888 θεωθὲν
750 1862 819 1898 ὅλον)
843 1863 910 1890 ἀλλὰ
929 1863 975 1889 τοῦ

197 1907 256 1933 καθ’
270 1908 350 1942 ἡμᾶς,
374 1908 412 1938 ὡς
437 1907 483 1934 τοῦ
508 1907 676 1943 ἀνθρωπίνου
694 1908 749 1943 (⁵22)
773 1908 922 1944 θελήματος
945 1909 974 1935 οὐ

195 1953 302 1984 πάντως
328 1953 459 1988 ἑπομένου
478 1953 516 1988 τῷ
537 1954 610 1989 θείῳ,
633 1954 690 1981 ἀλλ’
707 1955 920 1986 ἀντιπίπτοντος,
938 1955 976 1986 ὡς

195 1998 229 2024 τὰ
243 1998 335 2029 πολλὰ,
353 2000 399 2026 καὶ
414 2000 641 2031 ἁντιπαλαίοντος.
656 2001 710 2027 Καὶ
722 2000 775 2035 γὰρ
792 2002 879 2027 ἐκεῖνο
891 2000 974 2031 οὕτως

194 2044 342 2078 ὲνοήσαμεν
360 2044 389 2070 τό
402 2053 408 2059 ⁸
423 2044 529 2078 Πάτερ,
547 2046 573 2071 εὶ
589 2045 712 2072 δυνατὸν
722 2065 728 2075 ,
742 2045 909 2079 παρελθέτω
924 2046 974 2072 ἀπ’

193 2088 265 2121 ἐμοῦ
277 2088 309 2114 τὸ
325 2088 467 2122 ποτήριον
482 2090 586 2116 τοῦτο·
602 2089 685 2122 πλὴν
705 2091 760 2123 οὐχ
780 2089 794 2115 ὃ
812 2089 868 2123 ἐγὼ
887 2089 972 2120 θέλω,

193 2134 273 2161 ἀλλὰ
290 2134 321 2161 τὸ
338 2135 395 2161 σὺν
405 2135 533 2169 ἱσχυὲτω
544 2135 666 2169 θέλημα.
686 2135 753 2161 Οὗτε
772 2136 835 2170 γὰρ,
855 2136 879 2162 εἰ
897 2136 971 2162 δυνα-

192 2180 248 2212 τὸν,
263 2181 279 2215 ἦ
297 2181 346 2216 μὴ,
365 2181 445 2207 τοῦτο
463 2181 569 2215 ἀγνοεῖν
585 2182 685 2207 ἐκεῖνον
701 2181 784 2212 εἰκὸς,
802 2181 862 2208 οὔτε
877 2182 914 2217 τῷ
930 2182 973 2208 0s-

192 2226 291 2261 λήματι
314 2227 500 2262 ἀντεισφέρειν
521 2227 551 2253 τὸ
571 2227 684 2262 θέλημα.
710 2227 785 2253 Ἐπεὶ
805 2227 832 2253 δὲ
850 2227 916 2262 (25),
936 2228 973 2260 ὡς

1029 1638 1201 1666 descendisse
1216 1638 1326 1670 dicitur,
1347 1645 1398 1664 non
1413 1642 1442 1663 ut
1453 1637 1618 1664 voluntatem
1637 1637 1719 1674 548
1731 1647 1807 1666 suam

1029 1683 1118 1717 faciat,
1134 1683 1181 1710 sed
1196 1682 1254 1717 ejus
1284 1690 1298 1709 a
1319 1690 1371 1716 quo
1402 1682 1500 1709 miSSIIs
1515 1686 1555 1709 est
1570 1682 1602 1708 ³⁸.
1626 1682 1698 1710 Sane
1709 1684 1760 1711 nisi
1775 1684 1814 1711 ab-

1028 1729 1072 1755 illo
1086 1729 1154 1764 ipso,
1169 1728 1213 1763 qui
1226 1728 1373 1759 descendit,
1390 1728 1434 1755 hic
1445 1735 1534 1755 sermo
1549 1728 1703 1762 haberetur,
1717 1730 1808 1757 dicere

1027 1781 1175 1808 possemus,
1193 1773 1249 1799 inec
1265 1772 1344 1799 verba
1363 1772 1435 1799 velut
1451 1774 1484 1798 ab
1501 1772 1610 1799 homine
1621 1774 1807 1808 exprimi,non

1035 1819 1079 1850 qui
1095 1819 1128 1845 de
1144 1818 1282 1845 Salvatore
1299 1817 1463 1852 intelligatur
1480 1817 1562 1852 (illius
1584 1819 1654 1845 enim
1671 1819 1805 1852 voluntas,

1027 1872 1086 1890 cum
1104 1869 1159 1891 tota
1177 1864 1302 1890 deiﬁcata
1314 1864 1359 1894 sit,
1381 1863 1435 1889 Deo
1450 1864 1543 1897 procul
1555 1864 1635 1891 dubio
1646 1873 1698 1892 non
1712 1867 1808 1893 adver-

1026 1908 1127 1944 satur);
1147 1910 1194 1936 sed
1223 1909 1268 1943 qui
1299 1913 1397 1935 nostra:
1430 1909 1594 1937 conditionis
1616 1910 1660 1937 sit.
1684 1910 1805 1938 Humana

1026 1956 1123 1989 quippe
1134 1954 1256 1981 voluntas
1273 1953 1389 1980 divinam
1405 1961 1456 1980 non
1471 1955 1600 1982 continuo
1615 1956 1746 1989 sequitur,
1759 1964 1806 1983 ve-

1027 2008 1084 2027 rum
1093 2004 1120 2026 ut
1129 2000 1269 2033 plurimum
1278 1999 1302 2026 ei
1311 1999 1495 2034 resistilalque
1502 2000 1731 2028 obluctatur.Nann
1741 2003 1805 2029 illud

1029 2052 1137 2079 quoque
1152 2045 1247 2072 eodem
1262 2043 1342 2070 modo
1353 2043 1547 2078 intelligimus:
1566 2045 1660 2078 Pater,
1680 2047 1703 2073 si
1719 2049 1806 2080 possi-

1025 2091 1076 2118 bile
1095 2096 1142 2123 est,
1156 2095 1274 2117 transeat
1291 2099 1307 2116 a
1319 2098 1359 2116 me
1382 2090 1452 2117 calix
1477 2092 1543 2122 iste;
1565 2097 1739 2120 verumtamen
1755 2102 1806 2120 non

1024 2145 1091 2169 mea,
1108 2137 1152 2163 sed
1169 2141 1213 2162 tua
1229 2135 1349 2163 voluntas
1362 2137 1448 2163 vincat
1462 2136 1495 2163 ‘°.
1515 2137 1606 2172 Neque
1620 2139 1692 2165 enim
1717 2141 1806 2173 possi-

1028 2182 1082 2209 bile
1098 2187 1179 2214 esset,
1196 2189 1281 2208 necne
1306 2181 1392 2215 ipsqu
1419 2181 1558 2215 ignorasse
1581 2184 1729 2211 verisimile
1752 2191 1804 2218 est,

1029 2234 1077 2253 nec
1090 2226 1221 2253 voluntati
1239 2225 1401 2252 voluntatem
1416 2227 1582 2260 opposuisse.
1608 2227 1660 2256 Sed
1679 2229 1805 2264 quoniam

193 2271 267 2306 rupi
282 2271 328 2297 τοῦ
344 2271 541 2306 προσλαϐόντος
556 2273 570 2297 ὁ
583 2271 660 2305 λόγος
679 2271 767 2302 (τοῦτο
784 2270 837 2306 γὰρ
862 2271 892 2297 τὸ
909 2279 973 2296 κατ-

1029 2272 1281 2307 partisillius,qua:
1304 2271 1451 2305 assumpsit
1477 2272 1539 2307 (hoc
1564 2274 1635 2300 enim
1656 2260 1707 2306 esi,
1734 2275 1806 2308 quod

191 2316 338 2352 εληλυθὸς),
344 2317 374 2342 οὺ
382 2316 427 2342 τοῦ
437 2316 536 2352 προσλή
543 2325 655 2351 μματος,
663 2315 747 2347 οὕτως
753 2316 973 2351 ἀπαντησόμεθα·

191 2363 239 2397 οὐχ
255 2362 291 2393 ὡς
308 2362 382 2394 ὄντος
410 2362 473 2388 ἰδίου
498 2362 544 2388 τοῦ
571 2362 634 2388 Υἱοῦ
660 2362 715 2397 (24)
735 2361 884 2397 θελήματος
899 2362 974 2398 παρὰ

227 2440 250 2456 ⁸⁸
265 2440 342 2468 Joan.
371 2448 397 2471 V,
431 2440 473 2467 19.
512 2440 545 2455 ³³⁸
568 2441 633 2467 ibid.
661 2440 705 2467 55.
754 2441 855 2467 a“ibid.
881 2440 924 2467 17.

191 2475 213 2491 ³⁵
227 2476 310 2503 Amos
323 2483 360 2508 iv,
378 2476 422 2503 15.
461 2474 568 2502 "Joan.
586 2483 622 2508 vi,
644 2476 689 2502 58.

226 2551 537 2588 (15),,leézmwac...”
564 2553 863 2586 χειραγωγουμένο-υς.
894 2551 971 2588 Reg,

189 2587 282 2623 Cypra
298 2587 472 2623 Biterrensi,"
485 2587 740 2623 χειραγωγούμενοι.
841 2609 843 2611 .

225 2622 282 2657 (16)
296 2623 417 2657 Κύθνιοι.
436 2622 502 2656 Reg.
522 2631 547 2653 a,
561 2623 586 2648 ot
600 2622 706 2657 κόσμοι.

225 2657 281 2692 (ιτ)
300 2658 330 2683 Ὢ
347 2656 403 2690 τῆς
417 2657 556 2691 ἀλογίας]
566 2666 575 2682 ‹
586 2657 608 2684 0
617 2656 760 2692 amentiam
773 2657 967 2691 singularem!»

191 2690 236 2718 Sic
249 2691 315 2725 Reg.
337 2699 362 2722 τι,
378 2697 404 2718 et
420 2690 605 2719 Conihelisius.
620 2692 700 2718 Deest
718 2690 739 2717 ὦ
755 2692 780 2719 in
794 2690 882 2719 editis.

227 2727 281 2761 (18)
294 2726 499 2754 Ἀπαλλάττει.
512 2727 591 2753 Deest
608 2727 633 2752 in
647 2727 710 2760 Reg.
729 2734 754 2752 a.

239 2761 281 2794 l9)
295 2761 374 2789 Κατὰ
385 2761 450 2793 τήν.
466 2761 543 2788 Deest
558 2762 627 2787 κατά
641 2762 666 2788 in
678 2762 742 2794 Reg.
760 2769 784 2787 a.

239 2764 281 2794 19)
295 2764 374 2789 Κατὰ
385 2764 450 2793 τήν.
466 2764 543 2788 Deest
558 2764 627 2787 κατὰ
641 2764 666 2788 in
678 2764 742 2794 lteg.
760 2769 784 2787 a.

227 2764 283 2830 iam
296 2796 472 2831 Heaolnxsr.
490 2796 546 2831 Duo
560 2796 653 2830 ηυδε..
671 2797 859 2831 πεποιήκασιν.

227 2832 281 2866 (21)
300 2832 333 2860 Τὸ
347 2830 409 2858 τοῦ.
423 2831 467 2859 Sic
481 2830 569 2866 plures
584 2830 775 2867 Regg.,plures
787 2831 861 2860 Golb.
879 2836 907 2859 et
922 2831 967 2860 0r.

975 2441 996 2457 "
1014 2441 1084 2469 Psal.
1110 2450 1168 2475 ctu,
1198 2443 1224 2469 4.

727 2475 750 2490 ⁵⁸
760 2475 854 2502 Matth.
871 2483 943 2508 xxvr,
956 2476 999 2503 ’59-

1026 2318 1187 2352 descendit),
1204 2324 1256 2344 non
1272 2321 1360 2343 autem
1374 2317 1460 2351 partis
1475 2323 1627 2353 assumpta},
1655 2320 1698 2347 hic
1713 2327 1803 2347 sermo

1031 2367 1084 2395 est,
1101 2363 1134 2390 ad
1155 2364 1226 2390 hunc
1241 2364 1347 2392 modum
1364 2365 1581 2400 respondebimus
1598 2374 1605 2392 :
1625 2367 1681 2393 Inec
1701 2375 1752 2394 non
1769 2368 1806 2395 ita

1281 2443 1302 2459 ³⁸
1330 2443 1394 2471 ibid.
1421 2444 1447 2470 5.
1500 2444 1521 2460 ³⁷
1546 2443 1597 2472 Job
1623 2452 1736 2478 xxxvm,
1758 2445 1803 2474 25.

1027 2553 1053 2580 1.
1065 2553 1143 2586 Deest
1157 2554 1187 2579 τό
1201 2554 1225 2580 in
1243 2554 1284 2581 ed.

1068 2588 1111 2625 ea)
1124 2588 1333 2625 ’Arﬂgwgrtrov.
1351 2589 1456 2621 Comb.,
1472 2589 1654 2625 ἀνθρωπικοῠ.

1070 2624 1115 2658 25)
1133 2623 1213 2660 Ἐπεὶ
1231 2623 1273 2655 δέ,
1288 2629 1341 2660 etc.
1362 2633 1377 2660 ι¹
1390 2624 1448 2660 Sed
1463 2623 1587 2660 quoniam
1603 2627 1661 2652 haec
1678 2629 1805 2660 tanquam

1025 2657 1114 2690 abeo,
1144 2658 1189 2692 qui
1206 2659 1350 2692 assumpsit
1368 2658 1410 2692 (is
1430 2659 1502 2686 enim
1519 2664 1559 2686 est
1575 2661 1621 2693 qui
1642 2657 1802 2694 descendit),

1025 2700 1076 2719 non
1090 2697 1177 2718 autem
1192 2694 1226 2719 ah
1240 2699 1376 2726 assumpto
1392 2693 1526 2725 dicuntur,
1540 2704 1548 2719 I
1561 2699 1614 2721 etc.

1060 2726 1218 2763 (24);]5t'071}
1233 2728 1284 2753 τοῦ
1305 2727 1381 2754 Υιοῦ.
1395 2727 1459 2763 Reg.
1473 2729 1498 2760 b,
1511 2729 1557 2755 0r.
1571 2729 1596 2761 1,
1610 2734 1638 2756 et
1649 2728 1723 2758 Bas..
1737 2729 1801 2755 ἰδίου

1025 2761 1062 2796 τῷ
1079 2761 1145 2796 Υίῷ.
1164 2770 1173 2787 ι
1193 2762 1329 2796 Tanquam
1346 2761 1488 2796 peculiaris
1500 2764 1534 2791 sit
1546 2765 1669 2791 voluntas
1692 2763 1766 2796 Filio,
1786 2772 1803 2790 λ

1024 2796 1110 2824 Patris
1130 2796 1264 2824 voluntate
1277 2797 1412 2825 distincta.
1423 2807 1432 2822 ι
