2049 3131
176 160 227 189 195

693 171 822 200 ORATIO
841 173 925 203 XXX.
949 191 980 195 —
999 176 1216 207 Tli‘EOLOGICA
1236 180 1280 206 ιν.

1740 187 1789 216 126

172 218 287 253 νάμενον
303 219 399 252 σώζειν
414 222 495 250 αὑτὸν
509 223 540 250 ὲκ
560 225 687 259 θανάτου,
705 229 751 255 καὶ
765 230 894 263 ἀγωνίας,
911 233 949 258 κα·

172 263 185 272 ι.
212 264 218 272 ι
244 265 258 272 .-
361 266 367 272 ι
519 270 530 272 ς

1010 234 1060 267 Ιιίδ,
1079 243 1138 270 quze
1154 244 1248 270 passus
1271 242 1322 270 est,
1338 239 1520 268 obedientiam
1543 241 1670 270 didicisse
1693 245 1789 272 scribi-

171 263 307 299 θρόμϐων,
325 266 372 292 καὶ
396 270 563 304 προσευχῆς,
583 272 630 298 καὶ
649 273 676 298 εἴ
692 283 718 300 τι
739 275 802 302 ἄλλο
818 277 954 304 τοιοῦτον·

171 311 194 336 εἰ
208 310 245 345 μὴ
256 311 322 337 πᾶσι
340 313 470 348 πρόδηλον
484 313 528 350 ἦν,
549 317 589 343 ὅτι
605 320 669 352 περὶ
687 319 742 354 (59)
757 321 788 347 τὸ
806 322 908 357 πάσχον
923 323 957 350 τὰ

169 356 280 383 τοιαῦτα
294 358 348 384 τῶν
365 360 515 395 ὀνομάτων,
530 363 560 388 οὐ
577 364 640 398 περὶ
654 364 704 400 τὴν
717 366 850 401 ἄτρεπτον
863 368 955 402 φύσιν,

170 402 217 427 καὶ
231 402 277 428 τοῦ
301 403 415 439 πάσχειν
436 406 612 443 ὑψηλοτέραν.
637 409 666 436 Ὀ
688 411 736 445 μὲν
755 410 800 438 οὖν
822 413 884 448 περὶ
901 414 955 441 τῶν

169 447 316 474 ἀντιθέτων
339 449 427 484 λόγος,
444 453 579 484 τοσοῦτον,
601 455 663 481 ὅσον
686 456 746 491 ῥίζα
763 466 804 488 τις
820 457 888 485 εἶναι
906 461 951 486 καὶ

169 493 318 529 ὑπόμνημα
331 495 385 529 (60)
397 498 451 528 τοῖς
465 497 716 536 ἐξεταστικωτέροις
728 503 776 538 τῆς
789 503 952 541 τελεωτέρας

168 538 338 574 ἐξεργασίας,
355 542 444 574 ’Ἄξιον
458 543 486 568 δὲ
508 544 584 577 ἴσως,
601 546 647 571 καὶ
666 549 721 578 τοῖς
745 538 951 584 προειρημένοις

168 585 323 618 ἀκόλουθον,
337 588 402 622 μηδὲ
416 589 464 620 τὰς
478 592 662 627 προσηγορίας
674 592 720 618 τοῦ
734 594 796 620 Υἱοῦ
808 595 951 629 παρελθεῖν

168 631 349 667 ἀθεωρήτους,
367 634 465 667 πολλάς
484 645 513 662 τε
527 637 608 669 οὓσας
622 638 660 669 (Gl
670 639 687 670 ),
704 640 750 665 καὶ
766 641 836 667 κατὰ
848 641 951 668 πολλῶν

169 678 296 711 κειμένας
310 679 364 705 τῶν
390 682 454 716 περὶ
475 683 555 709 αὑτὸν
574 685 724 718 νοουμένων
737 694 743 699 ·
765 686 821 712 ἀλλ’
835 687 951 722 ἑκάστην

169 723 267 754 αὐτῶν,
279 725 292 750 ὅ
305 725 329 751 τί
343 735 407 752 ποτε
421 727 555 761 βούλεται,
570 731 753 766 παραστῆσαι,
765 733 811 758 καὶ
822 733 905 765 δεῖξαι
921 735 951 760 τὸ

169 769 221 794 τῶν
238 770 375 805 ὀνομάτων
391 774 550 808 μυστήριον.

1010 284 1052 306 tttr
1063 280 1096 311 ⁸³,
1113 280 1145 307 de
1164 282 1317 309 sacerdotio
1327 282 1438 316 “item,
1452 290 1479 312 et
1495 286 1672 320 oblatione“.
1685 294 1713 316 et
1734 295 1788 316 tra-

1007 324 1108 351 dilione
1120 325 1152 357 ⁵⁸,
1172 330 1198 352 et
1211 327 1333 354 oratione
1346 328 1379 355 ad
1405 337 1466 356 eum
1491 331 1536 364 qui
1552 338 1566 357 a
1581 337 1667 360 morte
1678 334 1787 361 salvum

1009 377 1068 396 eum
1093 370 1182 397 facere
1206 377 1328 406 poterat;
1346 373 1379 400 ad
1397 374 1455 401 haec
1471 375 1504 402 de
1520 377 1626 411 agonia,
1642 383 1668 404 et
1683 381 1788 414 sangui-

1007 422 1056 440 neo
1072 416 1180 447 sudore,
1197 421 1278 450 atque
1292 417 1416 445 oratione
1427 418 1461 451 ⁸⁷,
1479 423 1504 446 et
1520 421 1542 447 si
1560 422 1623 455 quid
1635 423 1706 450 aliud
1717 425 1787 457 ejus—

1005 460 1065 486 detn
1087 466 1127 488 est
1150 462 1269 496 generis,
1284 468 1451 496 pertractare
1467 475 1473 492 :
1489 466 1539 493 nisi
1557 468 1643 495 cuivis
1663 469 1783 503 explora-

1005 510 1059 532 tntn
1077 513 1158 538 esset,
1182 507 1333 541 huiusmodi
1354 511 1461 537 nomina
1481 513 1638 547 perpetienti
1664 515 1788 541 humani-

1007 552 1052 578 tati
1067 553 1238 580 attribuenda
1251 561 1322 585 esse,
1341 562 1394 582 non
1411 560 1500 583 autem
1519 557 1679 585 immutabili
1692 559 1728 586 illi
1740 569 1788 586 na-

1006 602 1080 626 tum,
1106 601 1186 631 atque
1214 598 1285 624 omni
1310 599 1404 626 dolore
1424 605 1454 639 et
1480 602 1602 629 cruciatu
1625 604 1785 631 sublimiori.

1004 643 1064 669 llzcc
1080 643 1172 675 habui,
1196 651 1253 678 quae
1266 645 1298 672 ad
1312 645 1451 673 diluendas
1468 648 1687 676 adversariorum
1705 650 1785 685 552

1002 689 1166 722 obiectiones
1195 689 1331 723 afferrent,
1356 696 1394 723 ιιι,
1416 692 1487 719 velut
1510 693 1608 721 radicis
1631 695 1782 728 cujusdam,

1003 741 1034 760 ac
1048 735 1256 763 snltmonitionis
1272 736 1367 768 instar,
1383 738 1415 764 iis
1435 739 1500 770 sint,
1517 740 1561 773 qtti
1580 740 1674 773 majori
1697 741 1781 774 inqui-

1002 780 1075 806 rendi
1095 780 1201 807 solertia
1224 782 1327 815 praediti
1354 788 1426 816 sunt,
1452 784 1485 811 ad
1504 785 1625 812 eamdem
1647 787 1783 813 materiem

169 814 271 847 plenius
300 819 472 854 exactiusque
491 823 716 854 pertractandam.
748 824 841 858 Operze
856 826 968 859 pretium
990 830 1079 852 autem
1096 826 1219 858 l0t'tassc,
1236 828 1398 863 minimeque
1411 831 1444 855 ali
1461 830 1504 863 iis,
1524 839 1581 865 qua’:
1605 832 1679 866 prius
1713 833 1784 858 dixi-

169 868 238 892 mus,
270 862 384 890 alienutn
417 865 508 898 fuerit,
527 875 586 893 ctttn
620 868 702 895 multa
717 869 771 896 sint
789 870 848 896 Filii
875 872 993 904 noinina,
1014 876 1040 898 et
1057 871 1157 902 tnttltis,
1179 879 1238 905 quae
1258 873 1290 900 tle
1309 881 1342 900 eo
1363 874 1553 909 intelligantur,
1575 877 1708 911 imposita,
1730 877 1782 904 luet

168 908 226 935 sine
257 911 436 942 speculatione
458 920 508 939 non
535 916 685 948 prteterire;
708 924 800 944 verum
833 919 895 952 quid
927 926 1039 953 quaeque
1065 919 1208 953 appellatio
1229 919 1279 946 sibi
1308 921 1379 954 velit,
1407 922 1553 955 declarare,
1590 931 1621 951 ac
1646 925 1784 959 mysticam

168 954 221 980 vim
237 957 371 982 nctninnnt
388 958 531 991 explicare.

203 1001 251 1026 lZ'.
272 1002 397 1036 ’Λρκτέον
420 1003 449 1029 δὲ
469 1005 533 1039 ἡμῖν
560 1005 693 1034 ἐντεῦθεν.
716 1007 752 1033 Τὸ
771 1008 846 1034 Θεῖον
872 1009 949 1035 ἀκατ-

1043 1009 1120 1037 XVII.
1144 1010 1210 1039 llinc
1231 1020 1311 1047 porro
1327 1012 1431 1040 initium
1460 1014 1610 1041 ducendum
1635 1016 1697 1043 erit.
1714 1017 1783 1044 Dens

168 1045 322 1080 ονόμαστον·
337 1048 468 1075 καὶτοῦτο
478 1049 612 1084 δηλοῦσιν,
629 1052 677 1086 οὐχ
691 1054 714 1078 οἱ
726 1052 848 1088 λογισμοὶ
862 1055 951 1089 μόνον,

169 1091 235 1117 ἀλλὰ
257 1093 304 1118 καὶ
326 1093 456 1129 Ἐὕραίων
479 1096 502 1121 οἱ
530 1096 678 1130 σοφώτατοι
705 1099 749 1124 καὶ
767 1100 950 1131 παλαιότατοι,

168 1136 228 1162 ὅσον
245 1137 362 1170 εἰκάζειν
378 1139 480 1166 ἔδωκαν
491 1140 556 1176 (6'2).
571 1143 602 1167 Οἱ
616 1142 669 1178 γὰρ
680 1145 866 1180 χαρακτῆρσιν
879 1146 952 1178 ἰδίοις

168 1182 199 1207 τὸ
219 1182 290 1209 θεῖον
309 1186 481 1218 τιμήσαντες,
500 1187 545 1212 καὶ
562 1187 621 1213 οὐδὲ
638 1189 797 1223 γράμμασιν
814 1190 868 1225 (65)
885 1191 950 1217 ἁνα-

170 1228 293 1263 σχόμενοι
310 1231 366 1261 τοῖς
386 1231 476 1262 αὐτοῖς
496 1231 559 1258 ἄλλο
583 1241 608 1258 τι
635 1234 785 1269 γράφεσθαι
807 1235 860 1262 τῶν
883 1237 951 1271 μετὰ

169 1273 244 1304 Θεὸν,
259 1274 305 1299 καὶ
320 1274 396 1305 θεὸν,
414 1275 452 1306 ὡς
469 1275 527 1302 δέον
538 1276 717 1312 ἀκοινώνητον
730 1276 854 1305 εἶναικαὶ
870 1280 949 1316 μέχρι

167 1317 262 1344 τούτου
281 1318 311 1344 τὸ
335 1319 410 1345 Θεῖον
434 1321 488 1351 τοῖς
507 1321 661 1356 ἡμετέροις,
683 1322 746 1348 πότε
771 1322 804 1349 ἂν
829 1323 949 1354 δέξαιντο

168 1363 284 1399 λυομένῃ
302 1364 357 1399 (64)
372 1366 446 1400 φωνῇ
471 1365 614 1400 δηλοῦσθαι
633 1367 682 1402 τὴν
702 1367 797 1394 ἄλυτον
811 1368 890 1402 φύσιν
903 1369 950 1395 καὶ

170 1409 340 1443 ὶόιάζουσαν;
357 1410 424 1437 Οὔτε
438 1411 492 1447 γὰρ
509 1412 577 1448 ἀέρα
597 1422 637 1444 τις
660 1413 789 1441 ἓπνευσεν
812 1415 872 1442 ὅλον
893 1415 949 1442 πώ-

168 1465 244 1488 ποτε,
262 1457 324 1483 οὔτε
340 1458 432 1484 οὐσίαν
458 1458 525 1484 Θεοῦ
547 1459 697 1491 παντελῶς,
722 1461 738 1496 ἢ
764 1461 821 1492 νοῦς
844 1461 947 1497 ἐχώρη-

168 1512 213 1530 σεν
225 1504 293 1538 (65),
309 1504 325 1540 ἢ
341 1506 415 1540 φωνὴ
437 1504 609 1540 περιέλαϐεν.
627 1506 694 1532 Ἀλλ’
710 1507 742 1532 ὲκ
756 1506 809 1533 τῶν
823 1508 885 1542 περὶ
901 1508 949 1533 αὑ-

166 1550 213 1575 τὸν
235 1551 467 1585 σκιαγραφοῧντες
488 1551 521 1577 τὰ
547 1553 606 1578 κατ’
628 1552 723 1584 αὑτὸν,
748 1553 869 1588 ἀμυδρὰν
888 1562 947 1580 τινα

167 1597 214 1622 καὶ
238 1596 347 1631 ἀσθενῆ,
376 1597 422 1623 καὶ
441 1597 523 1632 ἄλλην
552 1597 599 1623 ἀπ’
619 1597 698 1623 ἄλλον
720 1597 774 1632 (66)
798 1599 947 1632 φαντασίαν

167 1642 340 1677 συλλέγομεν.
355 1644 409 1669 Καὶ
423 1640 499 1674 οὗτος
512 1643 620 1677 ἄριστος
633 1644 698 1678 ἡμῖν
710 1643 842 1677 θεολόγος,
860 1645 908 1679 οὐχ
919 1644 947 1675 ὃς

167 1684 229 1722 εὗρε
243 1687 272 1712 τὺ
286 1688 348 1716 πᾶν,
364 1687 423 1713 οὐδὲ
438 1687 492 1722 γὰρ
505 1687 610 1721 δέχεται
627 1686 657 1713 τὸ
672 1688 725 1713 πᾶν
738 1689 752 1714 ὁ
772 1687 869 1722 δεσμὸς
881 1688 946 1722 (67),
960 1680 981 1708 C

166 1733 223 1759 ἀλλ’
239 1733 268 1764 ὃς
291 1733 323 1759 ἂν
341 1733 394 1768 (68)
410 1733 496 1763 Δἄλλοι)
520 1734 658 1769 φαντασῢῇ
683 1734 772 1764 πλέον,
792 1735 838 1760 καὶ
858 1735 947 1761 πλεῖον

166 1779 194 1804 ἐν
207 1778 294 1813 ἑαυτῷ
311 1778 449 1814 συναγάγῃ
462 1778 492 1804 τὸ
505 1779 553 1813 τῆς
569 1778 695 1814 ἀληθείας
711 1778 833 1813 ἴνδαλμα,
847 1779 863 1813 ἦ
880 1779 946 1805 ἁπο-

167 1825 297 1860 σκίασμα,
313 1825 329 1860 ἦ
347 1825 360 1852 ὃ
373 1834 398 1851 τι
414 1826 460 1852 καὶ
472 1826 639 1860 ὀνομάσομεν
651 1825 718 1861 (69).

1004 1055 1076 1082 ιιιιΙΙο
1090 1057 1197 1084 nomine
1215 1059 1327 1092 exprimi
1346 1064 1449 1093 potest;
1465 1059 1546 1094 idque
1572 1061 1720 1093 declarant,
1731 1070 1783 1089 non

1005 1102 1084 1128 modo
1112 1103 1340 1136 ratiocinationes,
1360 1104 1407 1131 sed
1433 1104 1603 1132 Hebrteorutn
1632 1107 1781 1134 doctissimi

1003 1153 1082 1180 atqtte
1097 1149 1278 1182 antiquissimi
1300 1150 1411 1184 quique.
1431 1155 1562 1184 quantum
1582 1152 1689 1185 qttidcm
1708 1153 1782 1180 nobis

1002 1192 1197 1225 conjiciendum
1224 1195 1365 1221 dederunt.
1394 1195 1462 1221 Nam
1487 1198 1532 1230 qtti
1566 1198 1683 1231 propriis
1712 1199 1783 1226 notis

1002 1245 1134 1265 summum
1163 1239 1224 1266 illud
1248 1248 1345 1268 nomen
1374 1243 1557 1270 honorandum
1588 1245 1733 1277 duxerunt,
1752 1254 1782 1273 ac

1001 1291 1035 1309 ne
1063 1284 1155 1311 iisdem
1184 1286 1291 1319 quidem
1317 1286 1413 1314 litteris
1430 1287 1500 1314 aliud
1526 1289 1651 1323 quiddam
1676 1297 1780 1321 eorum,

1000 1334 1060 1360 qua:
1075 1333 1133 1362 post
1151 1329 1234 1356 Deum
1250 1335 1322 1362 sunt.
1339 1338 1370 1357 ac
1387 1331 1471 1359 Deuttt
1490 1333 1588 1366 ipsum,
1602 1334 1682 1361 scribi
1698 1336 1781 1362 susti-

1001 1379 1116 1401 nttcrunt
1139 1375 1277 1410 (tanquam
1303 1377 1408 1404 scilicet
1429 1378 1512 1405 Deum
1529 1379 1580 1406 ltuc
1597 1380 1676 1407 etiam
1698 1388 1784 1414 usque

1000 1425 1014 1444 a
1029 1426 1116 1446 rerum
1132 1425 1281 1447 nostrarum
1294 1422 1457 1449 commercio
1469 1423 1624 1451 distinctum
1633 1432 1693 1452 esse
1703 1433 1783 1459 opor-

1001 1464 1074 1499 teat).
1094 1466 1231 1499 ecquando
1253 1468 1359 1494 tandem
1376 1467 1476 1494 solutili
1490 1476 1554 1496 voce
1570 1473 1692 1496 naturam
1710 1471 1782 1498 illam

1001 1510 1173 1541 insolntilem,
1198 1519 1246 1538 nec
1259 1519 1318 1538 cum
1338 1512 1399 1539 aliis
1412 1520 1580 1540 communem
1594 1514 1719 1548 explicari
1734 1523 1782 1549 pa—

1001 1555 1138 1582 terentur?
1155 1555 1383 1589 Quemadmodum
1393 1558 1462 1584 enim
1477 1566 1554 1585 nemo
1571 1563 1622 1590 est,
1634 1559 1678 1594 qui
1693 1567 1781 1586 aerem

1001 1604 1084 1627 totum
1110 1609 1226 1635 unquam
1255 1603 1400 1630 hauserit:
1430 1604 1465 1630 ita
1497 1604 1542 1631 Dei
1572 1610 1703 1638 naturam,
1734 1614 1783 1632 ιιι-ε

1001 1652 1076 1672 mens
1094 1654 1209 1680 unquam
1227 1646 1278 1674 ulla
1299 1655 1410 1681 prorsus
1426 1649 1559 1682 concopit,
1576 1656 1625 1676 nee
1648 1658 1697 1676 vox
1725 1649 1778 1676 ulla

998 1691 1135 1724 complexa
1150 1696 1199 1719 est.
1217 1691 1314 1719 Verntn
1337 1693 1423 1728 ipsum
1451 1702 1484 1720 ex
1510 1695 1561 1726 his,
1579 1702 1638 1729 qute
1668 1695 1694 1721 in
1722 1695 1779 1730 ipso

995 1743 1067 1770 sunt,
1087 1739 1290 1771 adutnbranles,
1304 1741 1446 1768 obscuram
1459 1742 1601 1775 quamdam
1621 1746 1648 1768 et
1663 1742 1782 1769 imbecil-

996 1783 1057 1816 letn,
1076 1789 1157 1818 atque
1177 1785 1256 1812 aliam
1280 1794 1313 1812 ex
1340 1786 1395 1813 alio
1421 1787 1538 1820 speciem
1563 1787 1722 1821 colligimus.
1742 1788 1781 1814 Ac

998 1830 1238 1861 praestantissimus
1262 1830 1306 1857 hic
1331 1831 1400 1864 apud
1424 1839 1473 1858 nos
1486 1832 1626 1866 theologus
1638 1838 1772 1863 censetur.

168 1878 221 1897 non
249 1871 294 1906 qni
322 1871 348 1897 in
374 1876 470 1904 totum,
494 1872 557 1906 qttid
578 1872 648 1899 Deus
672 1873 718 1904 sit,
733 1872 880 1906 invenerit;
899 1881 947 1900 nec
966 1875 1037 1901 enim
1069 1876 1206 1903 vinculum
1226 1885 1322 1911 capere
1347 1878 1398 1904 hoc
1419 1881 1502 1906 totum
1529 1882 1634 1912 potest;
1655 1881 1702 1906 sed
1733 1880 1779 1914 qni

166 1916 324 1951 ampliorem
349 1917 434 1951 ipsius
459 1918 575 1952 speciem
603 1922 691 1944 mente
724 1919 889 1952 conceperit,
923 1919 1092 1954 ampliusque
1121 1921 1244 1949 veritatis
1273 1923 1458 1955 simulacrum,
1476 1924 1518 1951 vel
1533 1924 1779 1956 adumbrationctn,

167 1963 208 1988 vel
223 1970 383 1997 quocunque
398 1965 505 1991 tandem
521 1964 573 1991 alio
587 1965 717 1992 vocabulo
731 1965 768 1991 uti
787 1965 846 2000 quis
859 1966 943 1999 malit,
965 1966 990 1992 in
1006 1967 1095 2001 seipso
1114 1969 1265 2003 collegerit.

201 2011 253 2038 lli’.
271 2011 351 2038 Ὅσον
364 2012 386 2037 δ’
399 2009 444 2038 οὗν
461 2013 492 2038 ὲκ
506 2012 559 2038 τῶν
575 2013 639 2047 ἡμῖν
657 2012 783 2046 ἐφικτῶν,
802 2014 818 2039 ὁ
836 2013 886 2047 μὲν
897 2012 948 2045 ὢν,

166 2057 213 2084 καὶ
232 2059 248 2084 d
268 2057 350 2089 Θεὸς,
375 2057 472 2092 μᾶλλόν
491 2067 549 2089 πως
571 2059 620 2093 τῆς
637 2058 729 2090 οὐσίας
749 2058 884 2093 ὀνόματα’
904 2059 950 2084 κα).

165 2103 267 2130 τούτων
282 2104 391 2138 μᾶλλον,
406 2106 421 2131 ὁ
433 2105 489 2130 ὤν’
505 2105 534 2131 οὺ
553 2105 632 2139 μόνον
646 2105 687 2131 ὅτι
700 2104 738 2139 τῷ
755 2105 867 2131 Μωῦσεῖ
881 2113 949 2140 χρη-

167 2150 287 2185 ματίζων
304 2150 350 2176 ἐπὶ
372 2150 417 2177 τοῦ
435 2151 524 2186 ὅρους,
542 2151 589 2177 καὶ
603 2151 652 2186 τὴν
669 2151 763 2186 κλῆσιν
780 2150 947 2186 ἀπαιτούμε-

164 2203 219 2226 νος,
233 2195 250 2230 ἦ
270 2195 324 2230 (70)
349 2195 390 2227 τίς
410 2204 473 2222 ποτε
500 2196 553 2230 εἴη,
577 2196 655 2222 τοῦτο
677 2197 824 2231 προσεῖπεν
842 2196 947 2227 ἑαυτὸν,

172 2240 202 2266 '0
211 2239 254 2266 ὢν
265 2240 436 2268 ἀπέσταλκέ
448 2250 495 2276 με,
509 2241 548 2276 τῷ
562 2242 618 2277 λαῷ
635 2241 765 2273 κελεύσας
778 2243 878 2268 εἰπεῖν·
892 2242 948 2268 ἀλλ’

202 2310 224 2326 ⁶³
234 2310 315 2337 Hebr.
331 2318 357 2342 ν,
376 2311 392 2338 9
409 2316 434 2337 et
449 2319 504 2345 seq.
542 2311 564 2327 °‘
576 2311 657 2338 Hebr.
673 2319 719 2345 vn,
733 2312 743 2338 l
764 2319 823 2347 sqq.

203 2355 259 2387 (5’9)
277 2356 356 2389 Περί.
371 2356 449 2382 Deest
468 2356 493 2382 in
511 2356 630 2390 plttribus
644 2356 724 2390 [ξομε.
746 2361 773 2383 et
792 2357 864 2384 Colb.

203 2390 259 2424 (66)
281 2391 458 2424 Ὑπόμνημα.
477 2401 485 2415 ι
505 2391 757 2417 Commonitorium.
772 2401 780 2416 I

202 2425 257 2459 (61)
276 2425 396 2457 [Millig-
412 2434 443 2451 τε
459 2425 564 2458 οὔσας,
581 2431 632 2453 etc.
647 2426 717 2452 Bill.:
733 2435 741 2451 t
766 2425 803 2452 Ne
820 2425 874 2460 ipsa
887 2426 947 2460 qui-

166 2461 227 2495 dem
253 2459 311 2486 Filii
340 2461 458 2491 nomina,
476 2469 535 2500 qua:
553 2462 679 2500 etdlltllln
692 2467 730 2500 et
747 2459 835 2500 multis
859 2459 948 2500 rebus,

166 2503 226 2532 qqae
243 2500 330 2521 mente
345 2501 424 2529 atque
437 2495 609 2530 intelligentia
627 2495 798 2530 percipimus,
819 2495 944 2529 imposita

167 2535 230 2556 SUlll
243 2549 249 2558 ,
267 2540 276 2554 ι
291 2535 342 2556 PIC-

202 2564 259 2600 (62)
274 2565 415 2592 Ἕὸωκαν.
433 2564 479 2592 Sic
505 2565 582 2592 codd.
611 2564 737 2592 Mendose
758 2565 782 2592 in
807 2564 866 2596 ed.,
893 2564 948 2591 ἔδο-

168 2609 212 2626 ια.

203 2634 259 2668 (65)
276 2635 460 2669 Γράμμασιν.
484 2634 532 2661 llic
552 2639 628 2667 mni,
653 2634 679 2661 id
699 2639 750 2665 est,
773 2644 782 2659 ι
802 2633 901 2661 Jehova
913 2655 920 2665 ,
939 2644 948 2660 ›

169 2669 336 2702 intelligitur.
357 2670 456 2696 Nomen
479 2670 547 2696 istttd
565 2679 574 2694 ι
596 2674 831 2703 tetragramtnaton
844 2690 851 2701 ,
869 2679 878 2694 ι
900 2677 947 2696 seu

170 2714 179 2729 ι
199 2710 314 2738 quatuor
338 2705 432 2730 litteris
460 2709 596 2735 constans,
619 2713 627 2729 ι
658 2709 777 2731 vocatur.
810 2704 948 2739 Signiﬁcat

171 2747 181 2764 ι
198 2746 259 2770 ens,
277 2748 286 2763 ι
301 2739 340 2764 vel
358 2748 366 2764 ι
381 2739 513 2765 exsistens
528 2740 560 2765 ab
572 2744 671 2766 :eterno
685 2743 713 2765 et
729 2741 755 2764 itt
779 2744 917 2765 :eternnm.
935 2748 944 2764 ι

169 2772 255 2800 Tanta
273 2778 331 2799 erat
346 2775 414 2807 apttd
432 2773 557 2800 llcbrmos
582 2774 658 2799 istius
683 2773 798 2800 nominis
822 2781 946 2800 reveren-

170 2808 217 2838 tia,
242 2814 271 2833 ut
292 2808 325 2833 ab
340 2809 398 2842 ejus
415 2808 633 2842 pronuntiatione
654 2808 829 2839 abstinentes,
851 2816 898 2842 pro
914 2816 946 2834 eo

170 2842 296 2875 legebant
315 2847 391 2874 ﬁrm,
411 2852 420 2867 ι
444 2843 555 2869 Adonai.
578 2852 585 2867 ι
607 2842 681 2869 llttnc
695 2843 780 2869 loetttn
797 2843 835 2869 sic
860 2843 945 2870 reddit

172 2876 387 2905 Leuvenklaius:
408 2886 417 2902 ι
438 2877 474 2904 Ac
489 2885 521 2904 nc
539 2878 643 2912 quidem
664 2877 824 2912 permiserit,
845 2883 873 2905 ut
895 2878 941 2904 ali-

863 2312 884 2327 “
900 2312 978 2339 lium.
998 2317 1034 2340 tv.
1048 2309 1094 2336 ‘25.

965 2359 986 2385 ι)
1002 2354 1064 2388 quid
1079 2361 1182 2389 eorum,
1203 2363 1262 2389 qnzc
1275 2362 1335 2382 sunt
1351 2357 1496 2383 secundum
1511 2356 1604 2388 Deum,
1628 2356 1720 2383 iisdem
1738 2356 1781 2383 lit-

1039 2015 1131 2045 XVUl.
1153 2016 1287 2049 Quantum
1305 2024 1369 2052 ergo
1391 2018 1468 2044 nobis
1493 2019 1600 2052 assequi
1625 2025 1781 2045 concessum

1003 2065 1054 2093 est,
1086 2060 1151 2094 Enr,
1176 2067 1203 2089 et
1222 2062 1301 2094 Deus,
1332 2063 1417 2097 magis
1444 2063 1640 2097 quodammodo
1659 2064 1783 2090 essentia:

1003 2106 1110 2132 nomina
1128 2110 1208 2139 sunt;
1228 2114 1259 2133 ex
1285 2107 1370 2141 iisque
1389 2107 1470 2134 etiam
1490 2115 1550 2140 vox,
1579 2107 1643 2141 Em,
1665 2108 1697 2134 ad
1722 2116 1782 2135 eam

1003 2151 1171 2179 indicandam
1202 2153 1288 2186 aptior
1317 2159 1376 2185 est;
1393 2161 1445 2180 non
1469 2153 1519 2180 ltoc
1547 2154 1632 2181 solum
1663 2155 1780 2185 nomine,

1003 2198 1073 2231 quod
1088 2198 1157 2232 ipse,
1181 2206 1241 2225 cum
1263 2199 1346 2235 Moysi
1364 2200 1390 2226 in
1412 2205 1502 2227 monte
1531 2200 1668 2227 oraculum
1680 2201 1782 2232 ederet,

1002 2243 1248 2277 qutereretqueille,
1264 2251 1317 2278 quo
1333 2245 1440 2272 nomine
1450 2249 1602 2277 vocaretur,
1619 2245 1655 2271 ita
1666 2245 1782 2279 seipsnm

1133 2310 1156 2326 ⁸⁸
1167 2309 1254 2337 Galat.
1268 2319 1297 2342 tt,
1313 2311 1357 2338 20.
1396 2311 1417 2326 ⁸⁷
1433 2311 1498 2339 an.
1512 2319 1580 2342 xxtt,
1591 2311 1625 2338 M
1640 2319 1696 2345 seq.

1006 2387 1070 2416 teris
1090 2387 1264 2421 scribereiur,
1283 2391 1379 2423 quibus
1397 2392 1441 2417 Dei
1453 2399 1558 2417 nomen.
1575 2400 1583 2415 ι

1038 2424 1094 2457 (61)
1114 2425 1264 2459 Λιιομένῃ.
1283 2435 1292 2450 ι
1310 2426 1365 2452 Vox
1378 2446 1385 2457 ,
1406 2435 1414 2451 ι
1433 2426 1518 2459 inquit
1531 2425 1614 2457 Elias,
1632 2434 1641 2450 t
1662 2425 1776 2452 dissolvi-

1006 2463 1048 2485 tnr
1065 2460 1089 2485 in
1107 2459 1233 2494 syllabas,
1250 2460 1290 2487 vel
1307 2460 1451 2492 elementa,
1468 2460 1509 2487 vel
1528 2461 1554 2486 itt
1572 2467 1660 2487 aerem
1682 2461 1783 2495 βροτεί-

1001 2498 1092 2562 milia)
1106 2528 1287 2563 Ἐχώρησεν.
1301 2529 1393 2556 Plures
1411 2529 1492 2564 Regg.
1514 2535 1542 2556 et
1555 2529 1684 2561 Colbert.,
1703 2529 1778 2564 κεκώ

1001 2571 1097 2634 initiis)
1114 2599 1230 2632 ’Ἄλλην
1248 2599 1297 2626 ἀπ’
1310 2598 1418 2625 ἄλλου.
1442 2599 1522 2626 Coisl.
1539 2598 1662 2634 1,ἄ.λλην
1673 2599 1719 2624 ἀπ’
1736 2598 1784 2626 ἅλ-

1004 2632 1062 2667 λης,
1078 2632 1090 2657 (⁷
1109 2633 1187 2659 aliam
1202 2641 1232 2659 ex
1246 2634 1306 2659 alia.
1323 2643 1331 2659 ι

1039 2667 1094 2702 (67)
1108 2668 1230 2701 Δεσμύς.
1249 2678 1258 2692 t
1278 2668 1428 2700 Vinculum,
1447 2678 1457 2693 ι
1481 2669 1506 2695 id
1524 2673 1581 2702 est,
1611 2677 1619 2693 t
1641 2676 1752 2701 corpus.
1772 2677 1783 2693 ι

999 2701 1088 2738 inquit
1106 2703 1187 2734 Elias,
1204 2712 1213 2727 ι
1232 2703 1274 2729 cui
1285 2703 1389 2729 animus
1404 2704 1480 2738 quasi
1497 2705 1611 2738 quodam
1627 2703 1731 2729 vinculo
1742 2707 1784 2729 est.

999 2736 1168 2769 copulatus.»
1411 2736 1420 2738 ⁷
1505 2736 1513 2738 ’
1540 2773 1548 2780 ν
1678 2772 1684 2778 .

1034 2772 1090 2804 (68)
1107 2773 1158 2804 Ὃς
1174 2772 1221 2798 ἄν.
1235 2771 1301 2798 Tres
1314 2772 1398 2806 chg.
1414 2780 1444 2799 ac
1465 2777 1519 2799 tres
1529 2772 1616 2802 (.olb..
1631 2771 1660 2802 ὃς
1676 2772 1733 2798 εάν.

1033 2806 1088 2843 (ιλιι)
1104 2807 1319 2843 ⁸ξονοέιιίσιψεν.
1335 2807 1402 2835 Tres
1415 2808 1508 2843 Regg.,
1525 2808 1714 2842 ὀνομασωμεν.

1033 2841 1088 2875 (⁷0)
1104 2841 1152 2868 ""-
1169 2843 1242 2870 Unus
1264 2842 1341 2878 licg.,
1355 2842 1388 2869 εἰ.
