2049 3131
291 157 339 185 ιιι

890 156 918 184 S.
939 155 1105 184 GREGORII
1125 155 1298 184 TllEOLOGl

1857 155 1908 181 152

291 219 361 244 mus,
388 217 415 239 et
432 212 561 247 Spiritum
578 217 717 245 sanctum,
734 217 867 248 quotquot
885 214 969 248 ipsius
987 220 1071 248 capa-

1132 213 1287 248 ιαοαρότης,
1312 212 1354 239 ἵνα
1376 211 1499 247 χωρῆται
1522 210 1552 237 τὺ
1577 211 1696 246 καθαρὸν
1732 210 1908 245 καθαρότητι.

291 265 336 284 ces
363 265 469 290 sumus,
497 264 525 286 et
549 264 682 293 quatenus
699 266 729 286 os
747 260 845 286 mentis
879 252 1075 294 aperuerimus.

289 302 397 330 Justitia
405 305 440 336 ",
457 305 520 338 quia
536 312 584 338 pro
597 305 693 332 merito
708 306 817 339 praemia
834 309 860 333 et
877 312 972 340 poenas
982 304 1075 332 distri-

291 349 359 380 buit.
372 356 532 385 :equumque
542 350 659 383 judicem
674 358 702 378 se
713 352 814 385 praebet
829 351 880 383 his,
897 350 942 385 qui
955 350 1005 377 sub
1019 350 1076 385 lege

291 399 363 425 sunt,
380 399 407 421 et
433 395 486 426 his,
505 397 550 429 qui
581 396 631 422 sub
653 397 757 431 gratia;
774 397 934 431 corporique
966 397 1028 423 item
1049 400 1076 422 et

293 440 399 472 aniune,
414 446 444 477 pl.
460 441 524 468 illud
544 446 648 476 pareat,
666 442 725 469 haec
746 442 837 476 praesit
852 447 932 476 atque
951 441 1074 475 imperet,

293 487 515 521 praestantiorqne
543 495 604 521 pars
626 487 807 522 principatum
820 488 950 514 adversus
964 486 1075 514 inferio-

1135 257 1332 292 Ἀπολύτρωσις
1359 256 1405 290 δὲ,
1436 256 1474 288 ὡς
1500 255 1649 290 ἐλευθερῶν
1679 256 1761 290 ἡμᾶς,
1782 255 1832 281 ὑπὸ
1863 255 1911 290 τῆς

1129 303 1265 337 ἁμαρτίας
1287 302 1495 337 κατεχομένους,
1513 302 1560 328 καὶ
1584 301 1681 336 λύτρον
1698 301 1792 327 ἑαυτὸν
1813 301 1911 327 ἀντιδι-

1127 347 1189 378 δοὺς
1214 347 1291 382 ἡμῶν
1315 348 1365 383 τῆς
1385 347 1546 382 οἰκουμένης
1563 346 1721 382 καθάρσιον.
1753 346 1911 376 Ἀνάσταςις

1128 392 1167 424 δὲ,
1190 392 1227 424 ὡς
1254 391 1378 419 ἐντεῦθεν
1403 393 1475 427 ἡμᾶς
1501 392 1654 418 ἀπανιστῶν
1681 391 1748 427 (92),
1773 392 1820 418 καὶ
1845 392 1911 427 πρὸς

1129 439 1177 475 τὴν
1198 438 1270 474 ζωὴν
1289 438 1433 472 ἐπανάγων
1449 437 1666 474 νενεκρωμένους
1689 438 1742 464 ὑπὸ
1754 439 1803 473 τῆς
1820 439 1910 473 ἀμαρ-

1129 486 1189 517 τίας
1207 486 1272 521 (93).

293 543 350 564 rem
365 542 465 570 teneat,
483 545 533 565 ncc
553 539 578 564 id
601 538 672 572 quod
691 538 809 565 deterius
827 542 879 569 est,
894 537 1022 564 adversus
1038 536 1073 568 id,
1094 535 1165 570 qttod
1180 535 1276 562 melius
1293 539 1346 568 est,
1362 535 1496 570 insurgat.
1520 534 1704 562 Sanctiﬁcatio
1722 534 1740 565 ‘,
1769 532 1832 568 quia
1864 539 1909 566 pu-

293 583 370 616 ritas,
383 588 514 618 utpurum
533 583 594 610 illud
609 591 707 612 numen
720 591 767 618 per
777 584 919 618 puritatem
933 585 1064 618 capiatur.
1093 582 1280 618 Redemptio’,
1294 583 1356 617 quia
1368 590 1418 609 nos
1440 590 1454 609 a
1471 587 1582 617 peccato
1598 582 1719 609 detentos
1747 580 1774 607 in
1805 579 1910 606 liberta-

294 637 347 658 tem
367 631 473 663 asserit,
489 638 600 665 seseque
615 639 664 666 pro
685 631 772 663 nobis,
790 636 818 658 ut
840 630 912 658 orbis
936 636 1068 658 terrarum
1088 631 1222 665 expietur,
1245 629 1411 657 liberationis
1443 629 1558 663 pretium
1581 629 1637 656 dat.
1663 626 1864 659 Resurrectio‘,
1883 631 1913 652 ut

294 686 343 706 nos
366 678 429 706 hinc
458 679 587 705 abductos
615 678 761 711 suscitans,
777 684 829 705 eta
848 683 959 711 peccato
987 683 1074 705 morte
1095 677 1206 704 atiecms
1220 677 1252 703 ad
1273 677 1354 703 vitam
1369 677 1510 703 reducens.

329 724 399 751 XXI.
421 725 508 759 Atque
530 725 587 752 haec
616 724 703 751 adhuc
718 725 871 752 communia
890 729 963 756 sunt,
979 729 1033 751 tam
1052 725 1076 751 ei

294 771 338 805 qui
356 777 436 805 supra
461 777 510 797 nos
522 774 573 802 est,
591 777 671 804 quam
687 771 732 804 qui
749 775 855 804 propter
872 777 929 797 nos.
949 769 1026 796 Nunc
1043 770 1076 796 ad

294 824 324 842 ea
348 816 496 846 veniamus,
513 822 572 849 qua:
595 815 705 849 proprie
727 819 818 842 nostra
835 819 909 846 sunt,
925 814 1078 840 humanita-

1165 723 1227 750 KA’.
1243 723 1333 750 Ταῦτα
1355 723 1404 758 μὲν
1417 720 1463 749 οὖν
1479 722 1518 748 ἔτι
1540 722 1615 749 κοινὰ
1634 721 1680 748 τοῦ
1695 717 1732 747 ’τε
1746 720 1816 755 ὑπὲρ
1829 720 1910 754 ἡμᾶς,

1130 770 1176 796 καὶ
1190 769 1236 796 τοῦ
1254 769 1287 796 δι’
1307 770 1379 804 ἡμᾶς
1396 768 1451 804 (94)
1464 777 1472 785 ·
1485 768 1502 794 ἃ
1517 768 1544 794 δὲ
1562 768 1632 799 ἰδίως
1648 767 1768 802 ἡμέτερα
1778 787 1785 799 ,
1803 766 1850 792 καὶ
1863 765 1912 799 τῆς

1130 815 1253 841 ἐντεῦθεν
1269 814 1446 850 προσλήψεως
1462 814 1517 848 (95)
1547 813 1706 848 Ἀνθρωπος
1727 812 1791 847 μὲν,
1807 811 1855 845 οὐχ
1869 811 1912 837 ἵνα

295 862 382 896 tisque
396 863 548 896 assumptus.
563 860 666 887 Homo“
688 860 777 895 itaque
792 860 901 892 dicitur,
923 867 975 886 non
990 859 1076 886 solum

1132 861 1239 897 χωρηθῇ
1257 861 1337 896 μόνον
1355 861 1399 887 διὰ
1421 860 1543 895 σώματος
1569 860 1703 894 σώμασιν,
1719 858 1807 889 ἄλλως
1820 858 1869 884 οὐκ
1880 857 1912 883 ἂν

295 911 324 934 ut
351 915 398 942 per
424 914 523 941 corpus
543 914 557 933 a
577 906 737 941 corporibus
758 906 891 940 capiatur,
906 906 951 940 qui
979 905 1078 940 alioqui

294 953 329 979 ob
350 951 649 987 incomprehensibilem
685 956 810 978 naturam
835 959 911 978 suam
938 951 996 985 capi
1026 959 1078 978 non

294 1001 415 1032 poterat;
442 997 488 1025 sed
515 997 596 1024 etiam
623 1002 653 1024 ut
676 1005 725 1032 per
738 1005 767 1024 se
784 997 920 1024 hominem
937 997 1080 1024 sanctitate

296 1043 403 1077 alliciat,
429 1044 608 1078 l'ermentique
638 1044 724 1071 instar
749 1043 881 1070 universa:
915 1049 1011 1069 massae
1033 1041 1078 1073 sit,

295 1090 401 1124 sibique
411 1089 512 1122 _uniens
535 1089 607 1124 quod
632 1088 841 1116 condemnatum
873 1087 970 1119 fuerat,
996 1091 1079 1114 totum

296 1135 359 1162 illud
381 1143 396 1162 a
413 1135 636 1163 condetnnatione
661 1134 769 1166 liberet,
799 1133 891 1160 omnia
915 1139 964 1168 pro
992 1132 1078 1164 nobis,

295 1189 355 1216 quae
388 1190 437 1208 nos
465 1189 568 1214 sumus,
583 1185 696 1214 excepto
722 1184 845 1214 peccato,
861 1179 960 1212 factus,
972 1185 1079 1213 corpus,

297 1227 398 1258 anima,
428 1234 504 1254 mens
521 1227 581 1260 (per
593 1234 652 1261 qua:
665 1226 789 1252 videlicet
804 1232 876 1252 mors
894 1224 1058 1258 pervaserat)
1071 1232 1079 1256 ;

296 1276 334 1302 et.
349 1272 420 1305 quod
434 1279 467 1298 ex
478 1272 521 1298 his
534 1278 677 1298 commune
689 1275 740 1302 est,
759 1270 850 1302 homo,
869 1269 984 1296 visibilis
999 1269 1080 1301 Deus,

296 1322 406 1352 propter
421 1317 446 1343 id
459 1316 531 1351 quod
546 1317 637 1343 animo
651 1320 732 1349 atque
747 1315 885 1342 intellectu
901 1315 1081 1349 comprehen-

297 1363 421 1390 debatnr.
452 1363 536 1390 Filius
571 1362 720 1394 hominis',
751 1367 859 1396 propter
884 1361 1025 1395 Adamum,
1051 1368 1082 1388 ac

300 1409 446 1443 Virginem,
460 1416 493 1435 ex
519 1408 620 1442 quibus
646 1408 762 1440 exstitit,
776 1407 822 1434 illo
838 1407 965 1434 nimirum
990 1412 1017 1434 ut
1038 1415 1083 1442 ge-

297 1454 371 1481 neris
396 1458 518 1485 auctore,
537 1454 588 1481 bac
605 1460 696 1481 autem
721 1458 751 1480 ut
777 1453 962 1487 matre.juxta
987 1454 1082 1480 matris

298 1500 396 1533 legem,
412 1504 439 1526 et
458 1507 510 1526 non
523 1500 599 1533 juxta
612 1499 696 1533 legem
712 1499 902 1533 generationis.
928 1499 1052 1526 Christus
1060 1499 1079 1531 ‘,

298 1549 407 1578 propter
428 1544 657 1571 divinitatem:ea
682 1543 753 1570 enim
783 1544 959 1570 immanitatis
988 1544 1081 1570 unctio

299 1595 350 1620 est,
368 1597 420 1616 non
435 1589 602 1624 operatione,
620 1593 649 1616 ut
664 1589 689 1616 in
713 1589 771 1616 aliis
790 1589 910 1621 christis,
932 1589 978 1616 sed
998 1589 1081 1616 totius

299 1635 427 1670 ungentis
445 1635 586 1668 praesentia
603 1635 776 1662 sanctiﬁcans
796 1644 802 1661 ε
821 1635 898 1668 cujus
913 1634 957 1661 hic
968 1634 1081 1662 eﬂ‘ectus

299 1685 351 1713 est,
367 1684 397 1707 ut
409 1680 447 1713 id,
458 1681 528 1714 quod
544 1680 631 1715 ungit,
647 1681 727 1707 homo
743 1685 864 1712 vocetur,
880 1685 917 1712 et,
937 1680 1007 1714 quod
1028 1688 1079 1706 un-

298 1725 380 1759 gitur,
411 1725 481 1752 Deus
511 1725 556 1752 liat
574 1735 581 1752 :
602 1725 676 1758 Via",
707 1730 736 1752 ut
763 1733 810 1760 per
838 1733 867 1752 se
896 1733 944 1752 nos
960 1726 1079 1759 ducens;

299 1770 404 1797 Ostium
417 1771 439 1802 ⁸,
455 1774 483 1796 ut
507 1770 695 1798 introductor:
715 1771 811 1798 Pastor
821 1772 842 1804 θ,
868 1776 898 1797 ut
914 1778 963 1798 nos
983 1771 1009 1797 in
1026 1771 1082 1797 loco

299 1824 406 1852 pascuae
432 1817 580 1848 collocans,
599 1822 626 1844 et
645 1825 714 1851 aqua
741 1818 898 1845 refectionis
921 1817 1081 1848 educatus”,

299 1867 381 1896 atque
396 1862 458 1889 hinc
470 1862 546 1889 nobis
563 1862 669 1890 itineris
681 1863 775 1889 ducem
791 1870 820 1889 se
829 1862 962 1896 przebens,
979 1869 1082 1888 necnon

299 1909 428 1935 adversus
445 1907 547 1934 belluas
573 1915 621 1942 pro
645 1908 722 1935 nobis
751 1907 903 1935 dimicans:
919 1910 974 1934 tum
990 1908 1080 1936 etiam.

300 1957 330 1978 ut
354 1957 478 1978 errantes
503 1959 640 1985 revocans,
657 1956 684 1979 et
699 1952 780 1987 556
802 1952 920 1986 perditos
941 1951 1082 1983 reducens,

300 1997 488 2025 ctconfractos
502 1997 634 2030 obligans,
649 2003 676 2026 et
694 1998 815 2024 inlirntos
840 1998 980 2029 roborans,
996 2002 1023 2024 et
1039 1998 1084 2023 ﬁr—

301 2050 358 2069 tnos
382 2050 415 2070 ac
433 2043 536 2070 validos
562 2044 725 2077 custodiens,
742 2049 821 2078 atque
847 2043 879 2069 ad
905 2043 1001 2069 futura:
1023 2043 1083 2069 vita:

300 2089 417 2121 caulam,
429 2096 477 2122 per
492 2089 634 2123 pastoralis
650 2089 771 2116 scientiae
794 2089 924 2121 rationes,
938 2088 1082 2123 colligens:

301 2135 365 2162 Ovis
379 2135 398 2150 ¹¹
413 2142 503 2170 porro,
532 2141 561 2162 ut
583 2135 690 2162 victima
713 2144 718 2161 :
737 2135 870 2169 Agnus”,
886 2139 914 2160 ut
931 2133 1084 2168 perfectus:

336 2205 357 2221 ’⁵
373 2205 381 2230 l
396 2205 457 2233 Cor.
475 2213 494 2237 ι,
509 2205 553 2232 50.

302 2240 346 2267 16.
372 2241 381 2256 ⁷
392 2240 469 2267 Joan.
479 2248 536 2273 xlv,
547 2240 573 2266 G.

592 2205 600 2220 ¹
614 2205 678 2232 ibid.
722 2205 806 2231 'ibid.
857 2205 867 2219 ³
881 2203 956 2230 Joan.
971 2213 1008 2235 xt,
1022 2204 1067 2230 25.

611 2241 622 2255 ³
638 2239 714 2266 Joan.
731 2247 759 2271 ιι,
778 2240 804 2266 9.
841 2242 852 2257 ⁸
867 2238 944 2267 Joan.
960 2247 987 2271 x,
1000 2239 1043 2265 ll.

1116 2205 1126 2220 ⁸
1136 2206 1212 2232 Joan.
1229 2215 1265 2237 ix,
1285 2207 1327 2233 ll.

1082 2240 1103 2255 '°
1115 2240 1185 2268 Psal.
1203 2249 1270 2275 xxtl,
1285 2242 1314 2268 2.

1129 907 1263 943 χωρηθεὶς
1277 907 1321 933 διὰ
1335 907 1365 932 τὸ
1380 907 1428 941 τῆς
1445 906 1551 940 φύσεως
1575 905 1692 941 ἄληπτον
1708 904 1779 940 (96)·
1797 903 1853 930 ἀλλ’
1870 903 1912 929 ἵνα

1130 955 1176 981 καὶ
1189 953 1287 988 ἁγιάσῃ
1299 953 1332 979 δι’
1342 951 1437 979 ἑαυτοῦ
1447 952 1491 978 τὸν
1503 951 1653 987 ἄνθρωπον,
1664 951 1758 986 ὥσπερ
1773 949 1845 984 ζύμη
1858 949 1912 983 (97)

1129 1001 1273 1035 γενόμενος
1288 999 1326 1034 τῷ
1340 1000 1420 1025 παντὶ
1434 998 1583 1034 φυράματι,
1601 997 1649 1024 καὶ
1663 997 1729 1031 πρὸς
1743 996 1838 1022 ἑαυτὸν
1849 994 1912 1021 ἑνώ-

1131 1055 1180 1078 σας
1199 1047 1229 1072 τὸ
1256 1044 1438 1080 κατακριθὲν,
1464 1045 1523 1070 ὅλον
1545 1043 1613 1080 λύσῃ
1630 1042 1677 1069 τοῦ
1699 1042 1911 1077 κατακρεματος,

1131 1093 1219 1119 πάντα
1236 1092 1305 1127 ὑπὲρ
1320 1091 1427 1118 πάντων
1444 1090 1596 1125 γενόμενος,
1611 1091 1660 1116 ὅσα
1676 1091 1765 1125 ἡμεῖς,
1782 1089 1850 1121 πλὴν
1863 1088 1914 1123 τῆς

1130 1137 1278 1172 ἁμαρτίας,
1292 1136 1381 1172 σῶμα,
1393 1136 1476 1171 ψυχὴ,
1489 1135 1560 1167 νοῦς,
1576 1136 1608 1161 δι’
1621 1135 1681 1161 ὅσον
1693 1135 1747 1169 (98)
1760 1135 1773 1160 ὁ
1789 1134 1911 1164 θάνατος·

1131 1183 1161 1208 τὸ
1176 1182 1262 1209 κοινὸν
1277 1183 1309 1208 ἐκ
1327 1181 1439 1214 τούτων,
1457 1182 1607 1217 ἄνθρωπος,
1628 1181 1692 1212 Θεὸς
1709 1180 1856 1216 ὁρώμενος,
1870 1179 1914 1205 διὰ

1132 1229 1162 1255 τὸ
1175 1229 1318 1264 νοούμενον
1331 1229 1396 1262 (99),
1429 1228 1492 1259 Υἱὸς
1516 1228 1544 1254 δὲ
1568 1228 1722 1263 ἀνθρώπου,
1744 1227 1789 1254 καὶ
1811 1227 1854 1253 διὰ
1870 1227 1915 1252 τὸν

1138 1275 1234 1310 Ἀδὰμ,
1259 1274 1305 1301 κα).
1330 1274 1374 1300 διὰ
1390 1274 1437 1309 τὴν
1454 1273 1600 1309 Παρθένον,
1618 1273 1646 1305 ἐξ
1667 1270 1704 1299 ὧν
1727 1273 1849 1306 ἐγένετο·
1869 1271 1929 1297 τοῦη

1135 1321 1193 1356 μὲν,
1216 1320 1253 1352 ὡς
1274 1319 1455 1355 προπάτορος,
1472 1320 1522 1354 τῆς
1544 1319 1582 1350 δὲ,
1603 1319 1640 1350 ὡς
1657 1318 1758 1353 μητρὸς
1772 1318 1846 1352 νόμῳ
1865 1317 1914 1352 (ι),

1133 1367 1179 1393 καὶ
1195 1366 1224 1391 οὐ
1247 1366 1319 1400 νόμῳ
1345 1366 1511 1399 γεννήσεως·
1533 1364 1649 1400 Χριστὸς
1669 1363 1708 1395 δὲ,
1731 1363 1774 1389 διὰ
1789 1364 1839 1398 τὴν
1856 1363 1915 1389 θεό-

1133 1421 1220 1448 τητα’
1251 1412 1340 1448 χρίσις
1365 1411 1419 1446 γὰρ
1449 1411 1517 1445 αὕτη
1542 1411 1590 1446 τῆς
1612 1409 1840 1444 ἀνθρωπότητος,
1866 1410 1916 1435 οὐκ

1134 1458 1258 1494 ἐνεργείᾳ.
1275 1458 1345 1484 κατὰ
1365 1458 1426 1488 τοὺς
1445 1457 1540 1488 ἄλλους
1560 1456 1686 1492 χριστοὺς
1701 1456 1738 1490 (‘2)
1756 1455 1915 1489 ἀγιάζουσα,

1135 1504 1270 1540 παρουσίᾳ
1285 1503 1312 1530 δὲ
1327 1503 1387 1529 ὅλου
1400 1502 1446 1529 τοῦ
1462 1502 1582 1537 κρέοντος
1592 1509 1598 1515 ·
1619 1497 1653 1536 ἧς
1669 1501 1759 1536 ἔργον,
1774 1501 1916 1536 ἄνθρωπον

1097 1538 1117 1566 C
1134 1538 1247 1576 ἀκοῦσαι
1260 1538 1303 1584 ((5)
1317 1548 1347 1574 τὸ
1361 1548 1446 1583 χρῖον,
1460 1547 1506 1574 καὶ
1521 1547 1632 1581 ποιῆσαι
1644 1547 1710 1573 Θεὸν
1722 1547 1752 1572 τὸ
1763 1547 1914 1582 χριόμενον

1140 1595 1213 1626 Ὁδὸς
1229 1594 1268 1626 δὲ,
1293 1594 1330 1625 ὡς
1350 1594 1383 1619 δι’
1407 1592 1502 1620 ἑαυτοῦ
1521 1593 1611 1628 φέρων
1629 1593 1715 1628 ἡμᾶς·
1738 1592 1813 1628 Θύρα
1828 1592 1865 1624 δὲ,
1880 1593 1917 1624 ὡς

1135 1640 1301 1674 εἰσαγωγεύς
1313 1647 1322 1655 ·
1347 1640 1451 1674 Ποιμὴν
1467 1639 1505 1671 δὲ,
1521 1639 1559 1669 ὡς
1575 1639 1614 1670 εἰς
1633 1638 1713 1664 τόπον
1734 1638 1815 1672 χλόης
1835 1646 1917 1664 κατα-

1136 1685 1254 1720 σκηνῶν,
1271 1686 1318 1711 καὶ
1333 1685 1470 1720 ἐκτρέφων
1492 1684 1538 1710 ἐπὶ
1559 1684 1654 1715 ὓδατος
1669 1683 1856 1714 ἀναπαύσεως,
1872 1683 1918 1709 καὶ

1135 1729 1258 1755 ἐντεῦθεν
1273 1729 1388 1764 ὁδηγῶν,
1403 1729 1450 1755 καὶ
1461 1729 1641 1765 προπολεμῶν
1657 1729 1725 1755 κατὰ
1738 1727 1793 1754 τῶν
1804 1727 1916 1763 θηρίων·

1134 1775 1165 1801 τὸ
1177 1774 1352 1809 πλανώμενον
1367 1775 1547 1810 ἐπιστρέφων,
1562 1775 1591 1800 τὸ
1608 1774 1745 1806 ἀπολωλὸς
1763 1774 1915 1807 ἐπανάγων.

1134 1822 1164 1847 τὸ
1188 1820 1414 1856 συντετριμμένον
1442 1821 1628 1856 καταδεσμῶν,
1647 1820 1675 1846 τὸ
1695 1820 1801 1855 ἰσχυῴν
1822 1819 1919 1854 φυλάσ-

1136 1874 1201 1898 σων,
1218 1866 1265 1892 καὶ
1280 1866 1348 1901 πρὸς
1362 1866 1412 1901 τὴν
1426 1865 1530 1892 ἐκεῖθεν
1547 1866 1666 1901 μάνδραν
1687 1866 1810 1899 συνάγων
1830 1865 1918 1898 λόγοις

1137 1912 1316 1947 ποιμαντικῆς
1336 1912 1489 1947 ἐπιστήμης
1502 1920 1509 1927 ·
1525 1912 1662 1946 Πρόὸατον
1685 1911 1723 1944 δὲ,
1740 1912 1777 1943 ὠς
1791 1912 1916 1946 σφάγιον·

1143 1956 1240 1992 Ἀμνὸς
1258 1957 1297 1988 δὲ,
1311 1957 1348 1988 ὡς
1359 1957 1469 1983 τέλειον·
1497 1958 1652 1992 ’Λρχιερεὺς
1671 1957 1708 1992 (ί)
1724 1958 1762 1988 δὲ,
1777 1958 1815 1989 ὡς
1835 1965 1917 1992 προσ-

1132 2002 1267 2036 αγωγεύς
1300 2002 1467 2037 Μελχισεδὲκ
1480 2003 1519 2036 δὲ,
1531 2003 1568 2034 ὡς
1583 2003 1695 2038 ἀμήτωρ
1709 2003 1738 2028 τὺ
1753 2003 1821 2038 ὑπὲρ
1835 2004 1916 2038 ἡμᾶς,

1133 2048 1180 2074 καὶ
1195 2048 1309 2084 ἀπάτωρ
1323 2049 1353 2075 τὸ
1367 2049 1424 2075 καθ’
1438 2050 1512 2084 ἡμᾶς
1523 2058 1529 2065 ·
1546 2050 1592 2075 καὶ
1607 2049 1645 2080 ὡς
1658 2049 1869 2083 ἀγενεαλόγητος
1882 2049 1918 2083 (ὅ)

1133 2094 1163 2120 τὸ
1183 2094 1254 2121 ἄνων
1272 2095 1332 2129 Thr
1348 2096 1400 2131 γὰρ
1416 2096 1517 2130 γενεὰν
1543 2096 1644 2128 αὑτοῦ,
1661 2096 1738 2130 φησὶ,
1756 2096 1801 2128 τίς
1818 2095 1918 2129 διηγή-

1139 2147 1240 2171 σεται;
1257 2141 1303 2167 καὶ
1315 2141 1352 2172 ὡς
1364 2141 1490 2176 βασιλεὺς
1502 2141 1605 2176 Σαλὴμ,
1617 2141 1718 2174 εἰρήνη
1731 2141 1758 2167 δὲ
1771 2141 1860 2173 τοῦτο,
1875 2141 1918 2166 καὶ

1365 2207 1375 2223 ⁸
1396 2207 1488 2234 Matth.
1510 2216 1582 2240 xxxv,
1600 2207 1644 2237 27,
1665 2207 1708 2234 44.
1757 2208 1767 2223 ⁶
1782 2207 1874 2234 Matth.
1895 2215 1913 2238 ι,

1354 2243 1372 2257 ¹¹
1386 2241 1434 2269 lsa.
1454 2250 1510 2274 un,
1525 2243 1549 2268 7.
1603 2243 1624 2257 ¹¹
1638 2242 1716 2269 .loan.
1738 2250 1756 2274 ι,
1769 2242 1814 2270 ‘29.

337 2298 392 2334 (92)
405 2298 597 2335 Ἀπανιστῶν.
612 2297 678 2325 Tres
689 2298 784 2334 Regg.,
801 2297 962 2330 ἁπανιστάς.
977 2297 1079 2331 Oxon.,

1137 2310 1146 2326 ι
1166 2301 1272 2335 regibus
1287 2300 1507 2335 etpontiticihus,
1528 2310 1537 2326 ι
1555 2301 1599 2335 qui
1614 2301 1749 2328 unctionis
1768 2306 1917 2333 consortes,

301 2334 457 2365 ὲπανιστάς.

336 2369 391 2405 (93)
413 2369 578 2405 'Ayap‘glac;
593 2367 674 2405 C0isl_.
688 2368 714 2396 l.
729 2367 858 2405 γεύσεως.

336 2402 392 2440 (94)
409 2402 448 2431 At‘
460 2403 548 2437 ἡμᾶς.
563 2403 642 2438 Reg.,
655 2403 747 2437 Cypr.,
757 2402 817 2429 καθ’
830 2403 912 2438 ἡμᾶς,
925 2412 934 2429 ι
951 2410 1030 2438 quam
1039 2403 1084 2437 qui

300 2440 378 2467 nobis
393 2440 499 2466 similis.
518 2449 526 2463 ι

337 2475 392 2507 (95)
406 2473 618 2507 Προσλήψεως.
632 2472 698 2508 Reg.
715 2473 769 2505 bnt,
787 2472 959 2508 προλήψεως.

336 2510 392 2541 (Uti)
408 2510 567 2542 "Aanrov.
584 2508 643 2534 Bill.
665 2518 674 2533 I
694 2508 941 2542 lmperceptibilem.
956 2517 965 2533 ι

337 2544 393 2579 (97)
410 2545 500 2578 Ζιῖιίη.
521 2544 650 2580 Divinitas
664 2543 830 2580 intelligitur.
848 2550 906 2577 quae
920 2543 945 2568 in
960 2542 1084 2580 Christo,

304 2588 313 2604 ‹
335 2580 421 2605 instar
434 2578 571 2608 frumenti.
590 2587 599 2602 ι
616 2578 877 2612 humanitatijuncla
896 2582 946 2604 est.

301 2649 316 2675 δ
328 2614 392 2657 ’(ρὸ)
407 2614 444 2640 Δι’
461 2613 544 2640 ὅσον.
561 2612 642 2640 Coisl.
665 2613 693 2646 2,
718 2611 832 2648 quatuor
849 2612 924 2640 Colb.
947 2615 974 2639 et
995 2611 1041 2639 0r.
1059 2612 1086 2644 1,

318 2657 326 2675 ι
351 2657 430 2675 οσων.

318 2657 326 2675 ι
351 2657 430 2675 οσων.

303 2718 326 2746 ᾶ-
407 2683 457 2724 Alit
465 2684 497 2710 τὺ
505 2685 678 2718 νοούμενον.
691 2692 700 2708 ι
715 2682 827 2718 Propter
839 2684 876 2716 id,
888 2693 897 2709 ι
908 2687 960 2710 etc.
973 2681 1086 2709 Ratione

323 2727 384 2745 IVllll
399 2725 459 2745 HllS.

323 2724 459 2745 IVIIlllﬂllS.

339 2754 377 2788 (t)
397 2753 445 2786 Ὡς
463 2753 574 2788 μητρὸς
599 2753 695 2787 νόμῳ,
717 2753 783 2785 καί,
804 2759 856 2781 etc.
875 2752 933 2779 Bill.
950 2751 1025 2786 legit,
1048 2752 1085 2783 ὡς

305 2789 416 2824 μητρὸς,
430 2789 503 2824 νόμῳ
517 2789 573 2820 καί,
587 2793 639 2815 etc.
656 2798 665 2813 ‹
686 2788 719 2815 Ut
734 2793 830 2820 matre,
846 2793 873 2814 et.
890 2788 965 2821 juxta
988 2788 1083 2821 legem,

303 2829 330 2852 et
344 2831 422 2858 supra
437 2824 521 2858 legem
536 2824 726 2857 generationis.
739 2832 748 2848 ι

339 2857 381 2894 (2)
392 2857 523 2891 ’Ἄλλους
536 2858 689 2893 χριστούς.
710 2867 718 2884 ι
735 2857 802 2886 Aliis
827 2857 944 2890 christis,
959 2866 968 2882 ›
993 2857 1020 2885 id
1032 2861 1082 2890 est,

1139 2345 1147 2360 ι
1169 2337 1241 2362 uncti
1263 2345 1272 2361 ι
1294 2336 1428 2366 dicuntur,
1444 2336 1520 2368 juxta
1539 2336 1601 2362 illud
1614 2343 1655 2369 ps.
1668 2343 1739 2366 mv.
1758 2345 1767 2361 (
1785 2336 1869 2363 quit
1891 2342 1916 2363 te

1135 2371 1206 2398 Deus
1233 2371 1292 2397 oleo
1320 2370 1418 2397 lzetitia:
1443 2379 1497 2405 pra:
1516 2372 1685 2397 consortibus
1702 2371 1763 2397 tuis.
1783 2380 1792 2396 ι
1820 2370 1918 2397 Verum

1136 2406 1180 2432 isti
1204 2413 1255 2431 non
1282 2405 1331 2431 nisi
1355 2413 1401 2439 per
1418 2405 1532 2438 gratiam
1559 2406 1847 2437 sanctilicanlur,cum
1869 2414 1919 2432 un-

1136 2441 1250 2467 ctionem
1265 2448 1368 2466 sacram
1381 2440 1531 2475 accipiunt;
1548 2449 1557 2465 (
1576 2440 1601 2466 ίιι
1615 2440 1722 2466 Christo
1744 2445 1844 2471 autem,
1864 2450 1873 2465 ι
1893 2445 1919 2466 ut

1137 2475 1176 2501 ait
1201 2475 1304 2506 Billins,
1323 2484 1332 2500 ι
1355 2476 1488 2509 ipsissirna
1503 2475 1649 2501 divinitatis
1662 2476 1804 2508 praesentia
1833 2475 1920 2501 locum

1138 2511 1270 2542 unctionis
1291 2511 1407 2536 tenebat.
1421 2519 1430 2534 ι

1176 2543 1212 2579 (5)
1230 2545 1398 2578 Ἄνθρωπον
1415 2543 1554 2572 ἀκοῦσαι.
1572 2544 1613 2573 0b
1633 2544 1758 2572 unionem
1780 2544 1878 2572 divina:
1891 2552 1921 2571 ac

1139 2578 1263 2605 humanae
1278 2585 1380 2605 natura:
1395 2579 1420 2605 in
1436 2587 1488 2605 una
1506 2587 1632 2613 persona,
1647 2585 1672 2606 et
1689 2588 1698 2604 ι
1718 2580 1799 2606 homo
1816 2589 1826 2605 ι
1840 2586 1919 2606 voca-

1142 2618 1185 2640 tur
1200 2623 1209 2638 ‹
1226 2614 1303 2646 Deus,
1320 2624 1328 2639 ι
1348 2619 1374 2640 et
1391 2624 1399 2639 ι
1420 2614 1489 2641 Deus
1502 2623 1511 2640 ι
1530 2615 1678 2648 appellatur
1691 2623 1700 2639 ‹
1717 2614 1808 2641 homo;
1822 2623 1831 2639 ι

1177 2648 1215 2683 (4)
1232 2649 1407 2683 Ἀρχιερεύς,
1437 2654 1489 2675 etc.
1518 2648 1589 2675 Talis
1618 2655 1659 2676 est
1684 2649 1803 2682 pontifex
1830 2653 1920 2675 noster

1139 2682 1270 2715 Christus,
1289 2682 1333 2718 qui
1352 2692 1399 2710 nos
1412 2683 1484 2710 Patri
1500 2684 1637 2716 conciliat,
1654 2693 1663 2709 ι
1688 2691 1735 2718 per
1751 2691 1846 2717 quem,
1865 2692 1874 2708 ι
1894 2687 1921 2709 ιιι

1124 2719 1178 2744 .ait
1190 2719 1340 2753 Apostolus,
1359 2719 1436 2744 Rom.
1453 2726 1478 2749 v,
1494 2719 1528 2750 ‘2,
1546 2728 1555 2744 ‹
1574 2719 1704 2746 habemus
1718 2725 1858 2746 accessum
1875 2725 1920 2752 per

1139 2753 1218 2780 ﬁdem
1231 2755 1257 2779 in
1268 2754 1380 2787 gratiam
1396 2753 1484 2785 istam,
1500 2755 1527 2780 in
1541 2761 1593 2788 qua
1606 2759 1719 2784 stamus,
1735 2763 1745 2779 ι
1765 2759 1816 2779 etc.

1175 2788 1214 2823 (5)
1240 2789 1493 2824 Ἀγενεωλόγητος,
1509 2793 1563 2817 etc.
1581 2798 1590 2814 ι
1605 2789 1687 2824 Cujus
1701 2789 1791 2816 divina
1805 2794 1920 2823 genera-

1139 2824 1176 2852 tio
1189 2828 1229 2851 est
1243 2823 1393 2851 iactr-abitis.
1405 2833 1414 2848 ι
