2049 3131
144 188 197 215 153

657 185 786 213 ORATIO
809 187 906 213 XXXl.
927 201 962 207 μ-
982 187 1200 215 Tlll‘IOLOGICA
1221 188 1251 216 V.

1720 189 1772 216 154

143 247 181 279 ὡς
194 247 344 280 ,ϐασιλεὺς
358 246 563 281 δικαιοσύνης,
576 246 624 273 καὶ
637 247 674 278 ὡς
697 247 872 274 ἁποδεκατῶν
885 257 932 274 πα-

986 247 1109 275 Pontifex
1123 249 1155 282 ’³,
1171 254 1199 276 ut
1219 249 1324 276 oblator
1338 258 1344 275 ε
1363 249 1602 283 Melchisedech”,
1619 254 1646 276 ut
1674 251 1770 278 matris

143 295 277 329 τριάρχας
299 294 370 320 κατὰ
390 293 444 320 τῶν
467 293 592 328 πονηρῶν
609 293 749 327 δυνάμεων
773 293 929 328 ἀριστεύον-

142 348 203 370 τας.
218 340 310 373 Ἔχεις
321 339 369 369 τὰς
379 338 425 365 τοῦ
436 338 500 364 Υξοῦ
512 338 711 373 προσηγορίας·
729 337 818 372 βάδιζε
834 338 867 364 δι’
884 338 932 364 αὺ-

143 383 197 408 τῶν
209 391 214 397 ·
228 383 286 409 ὅσαι
300 391 329 409 τε
343 382 453 417 ὑψηλαὶ,
468 382 565 412 θεῖκῶς
575 381 622 416 (6),
637 381 682 407 καὶ
695 382 755 407 ὅσαι
768 382 930 416 σωματικαὶ,

145 427 311 461 συμπαθῶς·
335 427 433 462 μᾶλλον
451 427 480 453 δὲ
503 426 562 452 ὅλον
585 425 693 457 οεῖκῶς,
710 426 755 452 ἵνα
778 426 844 461 γένῃ
866 426 931 457 Θεὸς

145 472 267 498 κάτωθεν
279 471 407 502 ἀνελθὼν,
420 472 463 498 διὰ
477 471 522 497 τὸν
544 471 707 497 κατελθόντα
721 471 755 497 δι’
773 472 845 506 ἡμᾶς
863 471 932 497 ἄνω-

145 514 201 541 θεν.
227 515 287 541 Ἐπὶ
302 517 377 549 πᾶσι,
396 516 441 541 καὶ
459 516 511 551 πρὸ
529 515 656 546 πάντων,
675 517 763 542 ἐκεῖνο
780 517 872 551 τήρει·
886 517 931 542 καὶ

142 561 194 587 οὐκ
207 560 240 587 ἂν
254 561 382 597 σφαλείης
396 563 424 587 ὲν
440 564 496 593 τοῖς
513 562 689 597 ὑψηλοτέροις
704 562 719 596 ἦ
733 562 932 597 ταπεινοτέροις

143 607 282 642 ὀνόμασιν.
303 608 405 643 Ἰησοῦς
421 608 548 644 Χριστὸς,
563 608 626 642 χθὲς
646 608 693 634 καὶ
710 609 828 644 σήμερον
840 617 931 643 σωμα-

143 652 238 684 τικῶς,
257 654 272 679 ὀ
294 653 375 685 αὐτὸς
396 654 602 688 πνευματικῶς,
627 654 674 680 καὶ
692 654 732 685 είς
748 655 811 686 τοὺς
829 655 930 686 αἰῶνας

143 699 198 726 τῶν
217 699 329 726 αἰώνων.
355 700 382 726 ’Δ
387 701 450 735 μήν.

987 301 1095 327 expers,
1117 295 1239 328 quod.ad
1256 299 1381 321 naturam
1395 294 1467 321 illam
1482 299 1574 321 nostra
1591 294 1768 322 excelsiorem

991 339 1099 371 attinet,
1116 345 1192 374 patre
1208 345 1297 368 autem
1311 347 1416 372 carens,
1435 345 1565 374 quantum
1582 340 1615 366 ad
1631 345 1768 366 nostram:

985 388 1039 411 tum
1058 385 1138 412 etiam
1168 387 1230 420 quia
1247 386 1399 413 sublimitus
1423 387 1525 420 absque
1539 385 1695 420 genealogia
1719 391 1769 412 est.

985 429 1197 466 (Generalionem
1211 432 1279 458 enim
1299 431 1383 465 illius,
1396 432 1492 466 inquit,
1503 432 1560 466 quis
1571 431 1704 457 enarrabit
1721 431 1771 465 ΠΥ)

982 475 1020 502 Ac
1032 481 1170 509 prmterea,
1185 481 1213 503 ut
1232 477 1285 504 Rex
1298 477 1386 504 Salen:
1398 478 1430 509 ”,
1451 477 1501 504 hoc
1512 480 1564 509 est,
1579 477 1660 511 pacis,
1676 480 1702 502 et
1716 475 1772 502 Rex

979 521 1107 555 justitiw,
1131 530 1163 549 ac
1188 523 1302 557 denique
1319 528 1348 550 ut
1363 531 1377 550 a
1392 523 1552 558 patriarchis
1577 524 1707 550 adversus
1725 529 1772 555 pe—

983 567 1091 595 stiferas
1107 573 1253 602 potestates
1268 573 1376 596 strenue
1398 577 1453 595 rem
1473 568 1636 603 gerentibus,
1652 567 1770 594 decimas

984 614 1130 647 accipiens.
1147 613 1234 641 Habes
1253 614 1313 641 Filii
1334 615 1537 648 appellatinnes.
1558 614 1608 640 Per
1623 620 1670 640 eas
1694 613 1769 639 ince-

983 658 1031 689 de;
1049 667 1096 693 per
1112 667 1168 692 eas,
1188 661 1309 694 inquam,
1328 668 1432 691 omnes.
1459 668 1517 694 qua:
1543 659 1670 686 sublimes
1694 663 1768 690 sunt,

984 704 1083 737 divine,
1109 712 1156 739 per
1181 713 1326 741 corporeas
1349 711 1449 738 autem,
1475 706 1613 732 humane:
1632 706 1686 732 imo
1704 712 1769 731 vero

144 752 258 778 prorsus
285 745 386 778 divine,
407 752 435 772 ut
464 753 496 773 ex
520 746 581 773 imis
607 747 681 774 hisce
709 747 869 780 ascendens,
882 747 931 775 {ias
951 748 1020 777 Deus
1034 756 1142 785 propter
1153 759 1225 784 eum,
1241 752 1286 786 qui
1299 757 1408 786 propter
1437 759 1486 779 nos
1520 752 1552 777 de
1584 751 1708 786 superuis
1724 751 1771 777 de-

144 795 263 817 scendit.
281 790 382 818 Prmter
394 792 495 818 oumia.
513 799 540 819 et
555 798 617 819 ante
631 793 732 824 omnia,
748 793 811 820 illud
827 801 903 821 serva
919 803 925 821 :
948 803 996 822 nec
1015 801 1061 823 aut
1072 797 1098 823 in
1112 797 1324 831 sublimioribus,
1357 802 1404 824 attt
1436 797 1625 832 abjeetioribus
1654 796 1771 823 nomini-

145 836 199 863 bus
216 838 333 866 errabis.
367 838 444 865 Jesus
456 839 590 872 Christus,
625 840 682 866 beri
715 846 742 867 et
775 840 854 868 hodie
871 842 1058 876 corporaliter,
1086 845 1209 879 idemque
1235 845 1421 880 spiritualiter,
1445 845 1517 872 etin
1540 845 1637 872 saecula
1656 843 1772 872 smculom

145 892 217 911 rum.
231 884 326 911 Amen.

180 930 203 945 “
219 929 298 957 Hebr.
310 938 347 963 vI.
363 931 406 958 20.
446 931 467 947 ιθ
482 931 561 958 llebr.
576 939 624 963 vn.
643 931 668 958 l.
717 932 738 947 “'
751 931 805 959 lsa.
822 940 882 965 Lm,
896 932 923 959 8.

975 933 996 949 “
1008 933 1088 961 llebr.
1105 942 1151 966 vn,
1166 934 1192 961 Ξ.

181 986 218 1021 (6)
240 986 354 1019 Θεὶϋιῶς.
375 996 384 1012 ‹
398 987 502 1018 Divine,
518 997 527 1013 ι
548 988 572 1014 id
588 993 639 1020 est,
654 997 663 1013 ι
687 988 791 1015 ratione
804 988 1058 1016 Deoconsentanea.
1076 999 1086 1014 ι

399 1144 580 1188 ΛΟΓΟΣ
596 1143 693 1187 ΛΑ’.

323 1238 551 1265 ΘΕΟΑΟΓΙΚΟΣ
570 1239 754 1264 ΠΕΜΠΤΟΣ.

322 1303 390 1337 Περὶ
406 1303 458 1330 τοῦ
475 1303 559 1338 ἁγίου
573 1303 753 1337 Πνεύματος.

136 1389 144 1393 ‘
182 1382 221 1408 A'.
245 1382 273 1408 '0
294 1382 341 1416 μὲν
357 1381 388 1416 δὴ
404 1381 467 1416 περὶ
483 1381 529 1407 τοῦ
546 1380 610 1407 Υἰοῦ
634 1380 723 1415 λόγος,
739 1380 859 1412 τοιοῦτος
874 1380 912 1415 (7)
924 1389 930 1395 ·

146 1427 194 1453 καὶ
211 1427 282 1453 οὕτω
300 1426 463 1460 διαπέφευγε
482 1427 544 1458 τοὺς
564 1426 737 1458 λιθάζοντας,
759 1425 868 1452 διελθὼν
889 1427 933 1452 διὰ

149 1472 232 1506 μέσου
250 1472 286 1506 (8)
308 1471 406 1498 αὐτῶν.
430 1471 460 1498 '0
476 1471 553 1505 λέγος
568 1471 621 1506 γὰρ
641 1472 670 1497 οὐ
693 1471 839 1504 λιθάζεται,
862 1471 932 1498 λιθο-

147 1515 220 1542 ϐολεῖ
234 1516 272 1548 δὲ,
284 1517 346 1541 ὅταν
362 1515 450 1550 ἐθέλῃ,
464 1515 510 1542 καὶ
528 1515 656 1550 σφενδονᾷ
671 1515 763 1551 θηρία,
775 1515 870 1549 λόγους
885 1524 934 1541 κα-

149 1561 258 1596 κῶξτῴ
286 1561 342 1596 ὄρει
373 1561 586 1596 προσῦαίνοντας
688 1561 720 1587 Τί
741 1561 763 1587 δ’
784 1561 815 1587 ἂν
835 1562 932 1592 εἴποις,

148 1608 226 1642 φασὶ,
241 1608 305 1642 περὶ
318 1607 362 1634 τοῦ
383 1607 459 1641 ἁγίου
477 1606 652 1642 Πνεύματοςς
673 1607 755 1633 πόθεν
767 1608 831 1642 ἡμῖν
843 1608 934 1633 ἐπεισ-

148 1655 241 1688 άγεις,
261 1653 333 1686 ξένον
355 1653 415 1680 θεὸν
438 1654 484 1680 καὶ
505 1653 648 1688 ἂγραφον;
677 1653 760 1679 Τοῦτο
776 1653 825 1688 ἥδη
845 1653 892 1679 καὶ
910 1654 934 1679 οἱ

149 1701 212 1735 περὶ
225 1700 270 1726 τὸν
283 1699 345 1726 Υἱὺν
361 1699 560 1734 μετριάζοντες.
574 1699 662 1734 Ὅπερ
676 1698 729 1734 γὰρ
743 1699 789 1725 ἐπὶ
802 1699 856 1725 τῶν
867 1698 934 1725 ὁδῶν

149 1747 238 1780 εὑρεῖν
255 1745 312 1771 εστι
330 1745 373 1772 καὶ
393 1745 446 1771 τῶν
465 1744 606 1781 ποταμῶν,
625 1744 761 1780 σχίζονται
775 1753 803 1770 τε
824 1745 870 1772 ἀπ’
889 1745 935 1771 ἀλ-

148 1792 246 1827 λήλων,
264 1792 312 1818 καὶ
332 1792 370 1822 εἰς
385 1791 486 1826 ἄλληλα
502 1798 678 1825 συναγονται·
700 1790 778 1816 τοῦτο
797 1790 935 1817 κάνταῦθα

150 1838 301 1872 συμϐαίνει,
321 1838 364 1864 διὰ
380 1838 425 1864 τὸν
447 1838 561 1864 πλοῦτον
584 1838 631 1872 τῆς
654 1840 792 1869 ασεῦείας,
809 1841 857 1864 καὶ
872 1847 935 1869 τους

147 1883 182 1909 τὰ
199 1883 266 1909 ἄλλα
280 1883 425 1914 διεστῶτας
435 1885 463 1909 ὲν
478 1883 566 1914 ἄλλοις
579 1883 773 1918 συμφέρεσθαι,
785 1883 854 1909 ὥστε
868 1883 934 1918 μηδὲ

1205 1148 1393 1186 ORATIO
1404 1149 1556 1186 XXXI".

1172 1238 1404 1267 τηιςοιοσισΑ
1427 1241 1578 1273 ΩΠΙΝΤΑ.

1241 1305 1279 1332 De
1296 1305 1395 1340 Spirilu
1408 1313 1508 1334 sancto.

1020 1381 1039 1408 Ι.
1061 1381 1100 1409 Ac
1119 1382 1152 1409 de
1175 1382 1243 1410 Filio
1257 1384 1364 1418 quidem
1393 1384 1453 1412 talis
1480 1391 1522 1412 est
1544 1392 1636 1414 nostra
1659 1387 1766 1415 oratio:

985 1431 1065 1462 atque
1081 1428 1114 1455 ad
1131 1429 1203 1456 hunc
1225 1429 1332 1457 modum
1356 1429 1529 1464 lapidantium
1555 1433 1683 1467 impetum
1701 1433 1767 1460 eﬂ'u-

985 1475 1033 1508 git,
1049 1481 1097 1508 per
1119 1474 1236 1501 medittm
1265 1475 1382 1510 ip~orum
1402 1477 1546 1504 transiens.
1560 1478 1654 1506 Oratio
1669 1480 1767 1514 quippe

985 1527 1037 1546 non
1052 1520 1187 1553 lapidatur
1199 1529 1206 1546 :
1220 1528 1312 1547 verum
1329 1521 1431 1556 lapides
1443 1522 1511 1556 ipsa,
1521 1530 1582 1550 cum
1596 1523 1678 1556 lubet,
1689 1524 1767 1558 jacit,

985 1572 1016 1592 ac
1039 1565 1155 1598 belluas,
1184 1566 1235 1593 hoc
1259 1571 1310 1600 est,
1324 1575 1475 1601 sermones,
1501 1569 1571 1596 male
1595 1570 1626 1596 ad
1649 1575 1766 1597 montem

985 1611 1211 1644 ascendentes”,
1235 1612 1316 1639 funda
1345 1613 1500 1642 insectatur.
1525 1615 1578 1642 Sed
1603 1616 1636 1642 de
1666 1616 1767 1651 Spiritu

985 1661 1089 1688 sancto,
1118 1657 1252 1692 inquiunt,
1279 1658 1343 1692 quid
1372 1658 1494 1686 dixe‘ris?
1508 1659 1584 1687 Unde
1598 1661 1675 1689 nobis
1692 1669 1768 1696 perc—

984 1701 1090 1735 grinum
1112 1702 1208 1736 Deum,
1226 1703 1352 1738 nulloque
1379 1703 1524 1739 Scriptura:
1550 1705 1609 1734 loco
1634 1708 1768 1741 proditum

986 1747 1159 1775 introdueis?
1177 1749 1266 1783 Atque
1282 1750 1332 1776 hoc
1353 1749 1388 1776 illi
1404 1757 1510 1784 quoque
1521 1751 1663 1785 objiciunt,
1679 1753 1723 1786 qui
1736 1754 1769 1779 de

986 1791 1056 1821 Fjlio
1069 1793 1235 1821 moderatius
1251 1795 1379 1821 sentiunt.
1397 1795 1461 1822 Nam
1481 1797 1594 1831 quod-in
1617 1797 1769 1825 v'ri-set-ﬂn-

985 1838 1037 1865 viis
1061 1847 1180 1874 repertre
1196 1846 1248 1872 est,
1264 1847 1317 1867 uta
1332 1848 1361 1867 se
1374 1842 1488 1868 invicem
1501 1847 1637 1875 secentur,
1658 1851 1690 1870 ac
1709 1852 1769 1870 rur-

986 1891 1032 1911 sus
1057 1884 1127 1912 inter
1154 1892 1182 1912 se
1209 1891 1325 1919 coeant;
1344 1887 1415 1914 idem
1451 1887 1495 1914 hic
1514 1894 1620 1922 quoque
1633 1888 1715 1924 (tanta
1728 1894 1769 1916 est

147 1929 292 1962 γινώσκειν
307 1929 434 1964 καθαρῶς
448 1929 577 1956 δύνασθαι
592 1929 622 1955 τὸ
636 1929 784 1964 συμφέρον,
805 1929 821 1964 ἢ
834 1929 864 1956 τὸ
883 1938 932 1964 μα-

986 1929 1132 1964 impietatis
1156 1931 1266 1958 ubertas
1293 1936 1319 1958 et
1333 1932 1447 1967 copia!)
1464 1940 1511 1959 usu
1524 1934 1607 1965 venit,
1626 1939 1664 1964 ut,
1679 1935 1723 1969 qui
1741 1935 1767 1961 in

146 1976 271 2010 χόμενον,

988 1975 1048 2002 aliis
1062 1977 1142 2003 rebus
1166 1977 1236 2004 inter
1248 1985 1276 2004 se
1289 1977 1430 2010 dissident,
1450 1980 1474 2005 in
1499 1979 1657 2012 quibusdam
1675 1989 1768 2008 rursus

147 2021 327 2053 consentiant,
358 2021 393 2047 ita
420 2025 449 2047 ut
477 2028 510 2048 ne
535 2020 614 2054 plane
640 2021 746 2054 quidem
769 2020 881 2055 intelligi
916 2028 948 2046 ac
985 2022 1100 2055 perspici
1120 2023 1215 2056 possit,
1232 2023 1272 2050 vel
1292 2030 1344 2057 qua
1373 2023 1398 2050 in
1427 2031 1456 2050 re
1481 2024 1662 2057 consentiant,
1683 2027 1724 2053 vel
1742 2027 1767 2054 in

146 2075 200 2102 qua
213 2068 384 2094 contendant.

182 2116 220 2141 B’.
239 2115 315 2150 Ἔχει
329 2115 378 2150 μὲν
392 2113 437 2142 οὖν
449 2124 474 2141 τι
489 2115 535 2141 καὶ
547 2115 676 2150 δυσχερὲς
687 2117 700 2142 ὁ
715 2114 833 2150 περὶτοῦ
847 2114 932 2140 Πνεύ-

149 2169 232 2196 ματος
245 2160 334 2194 λόγος,
350 2161 380 2186 οὐ
399 2161 477 2196 μόνον
496 2161 536 2187 ὅτι
551 2163 579 2187 ὲν
596 2163 653 2192 τοῖς
668 2161 732 2196 περὶ
746 2161 792 2186 τοῦ
807 2161 872 2187 Υἰοῦ
888 2160 932 2186 λό-

147 2213 205 2240 γοις
221 2206 407 2241 immo/nte;
418 2207 442 2232 oi.
458 2206 604 2241 ἅνθρωποι,
619 2206 780 2242 θερμότερον
794 2206 833 2242 τῷ
846 2206 932 2233 Ilvati-

149 2261 214 2287 ματι
233 2253 447 2286 προσπαλαίουςι
474 2253 536 2288 (χρὴ
565 2253 617 2288 γάρ
644 2261 671 2279 τι
700 2253 807 2284 πάντως
835 2252 932 2283 αὐτοὺς

146 2296 266 2327 ἀσεϐεῖν,
285 2297 300 2332 ἢ
325 2297 386 2323 οὐδὲ
412 2297 509 2331 βιωτός
532 2299 606 2324 ἐστιν
628 2297 719 2328 αὐτοῖς
739 2298 752 2323 ὁ
769 2297 853 2332 βίος),
875 2297 930 2323 ἀλλ’

146 2342 187 2368 ὅτι
208 2342 255 2368 καὶ
269 2343 348 2377 ἡμεῖς
365 2342 404 2377 τῷ
431 2342 527 2378 πλήθει
545 2343 598 2369 τῶν
618 2343 782 2379 ζητημάτων
805 2343 935 2369 ἀποκναι-

148 2386 258 2417 σθέντες
274 2386 340 2421 (l0),
352 2387 452 2413 ταυτὸν
466 2387 521 2421 (Η)
539 2387 680 2422 πάσχομεν
697 2388 752 2418 τοῖς
768 2387 931 2418 κακοσίτοις·

147 2431 172 2458 οἳ
186 2431 295 2458 ἐπειδὰν
312 2433 380 2468 πρός
397 2441 422 2459 τι
441 2432 496 2459 τῶν
515 2432 667 2468 βρωμάτων
689 2432 847 2468 ἀηδισθῶσι,
867 2432 934 2467 πρὸς

149 2479 237 2505 πάντα
251 2478 328 2512 λόγον
353 2479 463 2514 ὁμοίως,
489 2479 582 2514 ὥσπερ
608 2479 707 2505 ἐκεῖνοι
732 2479 800 2514 πρὸς
821 2478 933 2514 τροξὴν,

148 2523 368 2559 δυσχεραίνομεν.
380 2525 474 2559 Ὅμως
485 2525 618 2552 διδότωτὺ
629 2525 749 2560 Πνεῦμα,
765 2525 812 2551 καὶ
827 2526 839 2551 ὁ
856 2524 934 2558 λόγος

149 2569 303 2604 δραμεῖται,
327 2571 374 2596 καὶ
399 2571 413 2597 ὁ
436 2571 501 2602 Θεὸς
526 2570 729 2606 δοξασθήσεται.
756 2571 793 2597 Τὸ
819 2570 868 2604 μὲν
888 2567 933 2596 οὖν

1022 2114 1101 2150 557
1117 2113 1147 2141 ll.
1164 2113 1196 2140 Et
1209 2113 1317 2147 quidem
1334 2113 1358 2140 in
1375 2113 1426 2140 hac
1441 2115 1474 2141 de
1488 2113 1587 2148 Spiritu
1602 2121 1695 2143 sancto
1711 2117 1768 2144 dis-

986 2162 1140 2196 putatione,
1156 2159 1277 2187 nonniltil
1294 2159 1364 2186 inest
1382 2159 1543 2187 dillicultatis
1570 2165 1597 2188 et
1625 2162 1767 2196 molestizr,

986 2215 1038 2234 non
1056 2207 1107 2235 hoc
1117 2207 1201 2233 solum
1216 2206 1333 2239 nomine,
1345 2207 1415 2240 quod
1427 2206 1583 2234 hominesin
1598 2210 1769 2236 sermonibus

985 2253 1019 2280 de
1031 2253 1098 2280 Filio
1113 2252 1191 2280 fracti
1211 2259 1241 2279 ac
1270 2251 1413 2283 debilitati,
1440 2252 1589 2280 acrioribus
1609 2255 1704 2281 animis
1722 2256 1770 2282 ad-

987 2306 1081 2326 versus
1111 2298 1240 2332 Spiritum
1258 2297 1394 2324 luctantur
1421 2298 1542 2332 (omnino
1562 2299 1632 2331 enim
1658 2307 1705 2327 eos
1719 2301 1770 2327 ali-

987 2352 1037 2380 qua
1053 2345 1080 2372 in
1096 2353 1125 2372 re
1148 2345 1246 2378 impios
1267 2352 1297 2371 se
1322 2345 1441 2378 pratbere
1468 2352 1578 2372 necesse
1607 2351 1658 2378 est,
1672 2351 1718 2373 aut
1734 2354 1768 2373 ne

986 2391 1076 2419 vitalis
1091 2391 1210 2425 quidem,
1224 2395 1253 2418 ut
1271 2390 1322 2417 dici
1351 2391 1429 2424 solet,
1447 2392 1496 2426 ipsi
1520 2392 1573 2418 vita
1593 2391 1657 2427 est),
1676 2399 1768 2419 verum

986 2435 1067 2461 etiam
1084 2434 1146 2468 quia
1171 2441 1220 2460 nos
1245 2441 1361 2468 quoque,
1389 2436 1567 2469 quzestionum
1599 2435 1769 2463 multitudine

986 2478 1088 2514 fatigati
1107 2480 1241 2512 etenecti,
1257 2480 1360 2506 similes
1381 2488 1476 2508 sumus
1502 2481 1546 2513 iis,
1573 2481 1617 2514 qui
1645 2482 1766 2508 ciborum

987 2525 1096 2552 fastidio
1107 2526 1237 2552 laborant.
1249 2525 1555 2558 Quemadmodumenim
1569 2526 1615 2558 illi,
1629 2531 1769 2561 postquam

989 2571 1103 2605 alicujus
1117 2572 1170 2599 eibi
1185 2572 1320 2599 fastidium
1336 2576 1539 2603 contraxerunt,
1556 2579 1649 2599 omnes
1661 2581 1769 2608 qunque

150 2614 286 2650 ἐπιμελῶς
307 2615 443 2647 ἐξετάζειν
466 2616 512 2642 καὶ
530 2616 710 2652 διαιρεῖσθαι,
730 2615 855 2651 ποσαχῶς
874 2615 890 2650 ἢ
908 2616 932 2642 τὲ

989 2619 1064 2646 cibos
1078 2623 1248 2651 aversantur,
1267 2618 1360 2645 eodem
1380 2625 1486 2653 quoque
1501 2618 1578 2645 modo
1589 2626 1636 2645 nos
1648 2627 1679 2646 ex
1693 2620 1772 2646 unius

187 2683 207 2699 ¹⁷
223 2684 309 2712 Exod.
325 2693 381 2717 χιιι,
403 2686 445 2714 12.

186 2768 200 2782 α
211 2762 288 2798 Alias
303 2771 411 2796 xxxv";
436 2772 496 2798 qua:
517 2769 605 2792 autem
619 2764 651 2791 51
668 2769 742 2795 erat,
760 2771 830 2791 nunc
844 2763 888 2792 57.
905 2779 936 2784 ~—

151 2797 245 2825 Habila
260 2805 330 2824 anno
349 2798 411 2825 580.

186 2833 224 2866 (7)
242 2831 389 2866 Τοιοῦτος.
404 2832 450 2859 Or.
469 2833 641 2866 1,ἰοσοῦτος.

188 2834 212 2865 (7
242 2834 389 2866 Τοιοῦτος.
404 2834 450 2859 Or.
469 2834 641 2866 1,ἰοσοῦτος.

188 2834 225 2904 (8i
241 2867 527 2904 Aidtpéc‘rOWAltudit
539 2869 571 2896 ad
580 2870 637 2898 haec
651 2870 739 2904 Lucve,
752 2877 789 2903 Iv,
803 2869 849 2904 '50,
861 2879 870 2896 (
882 2868 936 2897 Per

152 2903 275 2931 medium
286 2903 392 2931 illorum
406 2903 472 2931 ibat.
485 2913 494 2929 ι

1028 2763 1065 2797 (9)
1081 2762 1330 2796 Προσϐαίνοντας.
1362 2762 1470 2797 Vulgata
1491 2770 1595 2794 versto,
1619 2772 1628 2789 ι
1643 2763 1773 2790 acceden-

991 2803 1090 2873 ωῗίθ).
1102 2832 1370 2865 Ἀποκναισθέντες.
1391 2832 1514 2864 Βυάςιξυε,
1532 2841 1541 2858 ι
1559 2833 1656 2867 enecti,
1673 2833 1773 2865 vexati,

989 2873 1101 2905 gravatt.
1120 2877 1129 2893 ι

1024 2903 1080 2939 (Η)
1099 2902 1219 2929 Ταυτόν.
1238 2902 1295 2932 Duo
1307 2903 1402 2939 Regg.,
1417 2904 1441 2930 τ’
1449 2903 1525 2930 αὑτό.
