2049 3131
281 164 328 191 ΗΛ

879 163 907 190 S.
929 162 1094 191 GREGORH
1115 163 1287 191 TllEOLOGI

1845 163 1897 189 152

280 226 350 251 mus,
377 224 405 246 et
421 219 550 254 Spiritum
567 224 706 252 sanctum,
723 223 856 255 quotquot
874 220 959 255 ipsius
977 227 1060 255 capa-

1120 220 1277 255 καθαρότης,
1301 220 1344 246 ἵνα
1365 219 1488 254 χωρῆται
1512 218 1542 245 τὸ
1567 219 1686 254 καθαρὸν
1722 218 1897 253 καϐαρὸτητι.

280 272 326 291 ces
352 272 458 298 sumus,
487 270 514 292 et
539 271 671 300 quatenus
688 273 719 293 os
737 267 834 293 mentis
869 259 1064 301 aperuerimus.

278 308 386 337 Justitia
394 311 429 343 ",
445 312 509 345 quia
525 319 573 345 pro
586 312 682 339 merito
697 313 806 346 prtemia
823 317 849 340 et
867 319 961 347 poenas
972 311 1064 338 distri-

280 356 348 387 buit,
360 363 521 391 {equumque
531 357 649 390 judicem
663 365 691 385 se
702 359 803 392 praebet
818 358 869 390 his,
886 358 931 392 qui
945 357 994 384 sub
1008 357 1066 392 lege

280 406 353 432 sunt,
369 406 396 428 et
423 401 475 433 his,
495 403 539 435 qui
570 403 620 429 sub
643 403 746 438 gratia;
764 403 923 437 corporique
955 403 1017 430 item
1039 407 1065 429 et

281 447 389 478 animm,
403 452 432 483 ut
449 447 513 475 illud
533 453 637 482 pareat,
655 449 714 476 haec
735 449 826 482 praesit
841 453 922 483 atque
940 449 1064 482 imperet,

282 494 505 527 praestantiorqu
531 501 592 528 pars
615 494 796 529 principatum
809 495 939 521 adversus
954 493 1064 520 inferio-

1124 264 1322 299 Ἀπολύτρωσις
1348 263 1394 297 δὲ,
1426 264 1464 295 ὡς
1490 263 1638 298 ὲλευοερῶν
1668 264 1750 298 ἡμᾶς,
1771 263 1822 289 ὑπὸ
1851 264 1900 298 τῆς

1119 310 1255 345 ἁμαρτίας
1276 310 1485 345 κατεχομένους,
1503 309 1550 336 καὶ
1573 309 1670 344 λύτρον
1687 309 1782 335 ἑαυτὸν
1802 309 1899 335 ἀντιδι-

1117 354 1178 386 δοὺς
1203 354 1281 389 ἡμῶν
1305 355 1354 390 τῆς
1374 354 1535 389 οἰκουμένης
1553 353 1710 389 καθάρσιον.
1743 354 1900 384 ’Δνὰστασις

1118 399 1157 431 δὲ,
1179 399 1216 431 ὼς
1243 399 1367 426 ἐντεῦθεν
1391 400 1464 435 ἡμᾶς
1490 400 1643 426 ἁπανιστῶν
1671 399 1737 435 (92),
1762 400 1808 426 καὶ
1834 400 1901 436 πρὸς

1117 446 1167 482 τὴν
1187 445 1259 481 ζωὴν
1278 446 1422 480 ἐπανάγων
1439 445 1655 482 νενεκρωμένους
1678 446 1731 472 ὑπὸ
1743 446 1792 481 τῆς
1809 446 1899 482 ἁμαρ-

1118 493 1178 524 τίας
1196 493 1262 529 (95).

282 550 339 570 rem
354 548 454 576 teneat,
472 552 522 571 nec
542 545 568 571 id
591 545 660 579 quod
680 545 798 572 deterius
816 549 868 576 est,
882 544 1011 571 adversus
1027 543 1062 575 id,
1083 543 1154 576 quod
1170 542 1265 570 melius
1282 546 1334 574 est,
1351 542 1485 578 insurgat.
1509 541 1693 570 Sanctiﬁcatio
1711 542 1729 573 ',
1758 540 1821 576 quia
1853 547 1898 574 pu-

282 589 359 623 ritas,
371 594 503 624 ulpurum
522 590 584 617 illud
598 598 696 618 numen
709 598 756 625 per
766 591 908 624 puritatem
921 592 1052 625 capiatur.
1082 589 1240 625 Redemptio
1248 591 1269 622 ¹,
1283 590 1345 624 quia
1357 597 1407 617 nos
1429 597 1443 617 a
1460 594 1571 624 peccato
1587 589 1708 616 detentos
1736 588 1762 614 in
1794 587 1898 614 liberta-

283 643 336 665 tem
356 638 462 669 asserit,
478 645 589 672 seseque
604 645 652 672 pro
674 638 761 669 nobis,
778 643 806 664 ut
828 637 901 665 orbis
925 643 1057 665 terrarum
1077 638 1211 673 expietur,
1233 637 1400 664 liberationis
1432 637 1547 671 pretium
1570 637 1626 664 dat.
1652 634 1824 662 Resurrectio
1833 634 1854 667 ',
1872 638 1901 660 ut

282 693 332 712 nos
354 685 418 712 hinc
446 685 576 712 abductos
604 685 750 717 suscitans,
766 691 818 712 eta
837 690 948 718 peccato
976 689 1063 712 morte
1084 684 1195 712 allectos
1209 685 1242 711 ad
1262 684 1343 710 vitam
1358 684 1498 710 reducens.

318 731 388 758 XXI.
409 731 497 766 Atque
519 732 576 758 haec
605 731 691 758 adhuc
707 732 860 758 communia
879 737 952 762 sunt.
968 737 1022 758 tam
1041 732 1064 758 ei

283 778 327 812 qui
345 784 425 811 supra
450 784 498 803 nos
511 781 562 809 est,
580 784 659 811 quam
675 778 721 811 qui
737 782 844 811 propter
860 785 918 804 nos.
938 776 1015 803 Nunc
1033 777 1065 804 ad

283 830 313 849 ca
337 822 485 852 veniamus,
501 829 561 856 qnxe
584 821 693 855 proprie
716 826 807 848 nostra
824 826 898 853 sunt,
913 821 1066 847 humanita-

1154 730 1216 758 ΚΝ.
1232 731 1322 757 Ταῦτα
1344 730 1393 765 μὲν
1405 727 1452 757 οὖν
1468 730 1507 756 ἔτι
1529 729 1604 756 κοινὰ
1622 729 1669 755 τοῦ
1684 724 1721 754 ’τε
1735 727 1805 763 ὑπὲρ
1818 728 1899 762 ἡμᾶς,

1118 778 1165 804 καὶ
1178 777 1225 803 τοῦ
1243 777 1275 803 δι’
1295 777 1368 812 ἡμᾶς
1385 775 1440 811 (94)
1453 784 1460 792 ·
1474 776 1491 802 ἃ
1506 776 1533 802 δὲ
1551 776 1621 807 ἰδίως
1637 775 1757 810 ἡμέτερα
1767 795 1774 807 ,
1793 773 1839 800 καὶ
1852 773 1899 807 τῆς

1119 822 1242 848 ἐντεῦθεν
1258 821 1434 857 προσλήψεως
1451 821 1505 856 (95)
1536 820 1695 856 Ἀνθρωπος
1715 820 1780 855 μὲν,
1796 819 1843 853 οὐχ
1858 819 1900 845 ἵνα

284 868 371 902 lisque
385 870 536 902 assumptze.
551 866 655 894 Homo‘
677 867 766 901 itaque
780 867 890 899 dicitur,
912 874 964 893 non
979 867 1064 894 solum

1120 868 1228 904 χωρηθῇ
1246 868 1325 904 μόνον
1344 868 1388 894 διὰ
1410 867 1532 903 σώματος
1558 867 1691 902 σώμασιν,
1707 866 1796 897 ἄλλως
1808 866 1857 891 οὐκ
1869 865 1900 891 ἂν

283 918 312 940 nt
339 921 387 948 per
413 920 512 948 corpus
532 921 545 939 a
566 913 725 947 corporibus
746 913 879 947 capiatur,
895 913 940 947 qui
968 912 1066 947 alioqui

282 959 317 986 ob
338 958 638 993 incomprehensibilem
674 962 798 985 naturam
824 966 900 985 suam
926 958 985 992 capi
1015 966 1067 984 non

283 1008 403 1038 poterat;
430 1004 477 1031 sed
503 1004 585 1031 etiam
611 1009 641 1030 nt
665 1011 713 1038 per
727 1011 756 1031 se
772 1004 908 1031 hominem
926 1003 1069 1031 sanctitate

284 1049 392 1082 alliciat,
418 1050 597 1084 l'ermentique
627 1050 713 1077 instar
737 1049 870 1077 universae
903 1056 1000 1077 massae
1022 1048 1066 1080 sit,

283 1096 389 1130 sibique
399 1095 501 1128 ,uniens
524 1095 595 1130 quod
621 1095 830 1123 condemnatum
861 1094 959 1126 fuerat,
984 1098 1067 1121 totum

284 1141 348 1168 illud
370 1149 384 1168 a
401 1142 625 1169 condetnnalione
649 1141 757 1173 liberet,
787 1140 879 1167 omnia
903 1146 953 1174 pro
980 1139 1066 1171 nobis,

284 1195 344 1222 quae
376 1196 425 1215 nos
454 1196 557 1220 sumus,
571 1191 685 1221 excepto
711 1190 833 1220 peccato,
849 1186 948 1218 factus,
960 1192 1067 1220 corpus,

284 1234 386 1264 anima,
416 1240 493 1261 mens
510 1234 569 1267 (per
582 1241 640 1267 quae
653 1233 778 1259 videlicet
792 1239 864 1258 mors
882 1232 1047 1265 pervaserat)
1060 1239 1067 1263 ;

285 1282 322 1308 et,
337 1278 408 1312 quod
422 1285 455 1304 cx
466 1278 509 1305 his
523 1284 666 1305 commune
677 1281 728 1308 est,
747 1277 839 1308 homo,
857 1276 972 1303 visibilis
988 1276 1068 1308 Deus,

285 1328 395 1358 propter
409 1323 434 1349 itl
448 1323 519 1357 qttod
534 1323 625 1350 animo
639 1327 720 1356 atque
735 1322 874 1349 intellectu
889 1322 1069 1356 comprehen-

285 1369 409 1396 debatur.
441 1369 525 1396 Filius
559 1369 708 1400 hominis',
738 1373 846 1403 propter
872 1368 1013 1402 Adamum,
1039 1376 1070 1395 ac

288 1415 434 1450 Virginem,
448 1422 481 1442 ex
508 1415 608 1449 quibus
634 1415 749 1446 exstitit,
764 1414 810 1440 illo
827 1414 953 1441 nimirum
978 1419 1006 1441 ut
1026 1421 1070 1449 ge-

285 1460 359 1487 neris
385 1465 506 1491 auctore.
525 1461 576 1488 hac
593 1466 683 1487 autem
709 1465 739 1487 ut
765 1466 862 1492 matre,
874 1460 950 1494 juxta
975 1461 1070 1487 matris

287 1506 384 1539 legem,
400 1511 427 1533 et
446 1513 499 1533 non
511 1506 587 1540 juxta
600 1505 684 1540 legem
700 1506 891 1540 generationis.
916 1506 1067 1538 Christus“,

286 1555 395 1584 propter
416 1550 582 1576 divinitatem
597 1557 645 1576 :ea
669 1550 741 1576 enim
771 1550 948 1578 humanitatis
976 1551 1069 1577 unctio

287 1602 337 1627 est,
357 1603 408 1622 non
423 1595 590 1630 operatione,
608 1600 637 1622 ut
652 1595 677 1622 in
700 1596 759 1622 aliis
778 1596 898 1627 christis,
920 1597 966 1623 sed
986 1596 1069 1623 totius

287 1641 415 1676 nngcntis
432 1641 574 1674 prmsentia
590 1641 764 1668 sanctiﬁcans
783 1650 790 1667 :
809 1641 885 1674 cujus
901 1641 945 1668 hic
956 1641 1069 1669 eﬂ'ectus

286 1692 339 1719 est,
355 1691 384 1713 ut
398 1687 435 1720 id,
446 1687 516 1721 quod
532 1687 618 1722 ungit,
635 1687 715 1714 homo
730 1692 852 1719 vocetur,
867 1691 905 1718 ct,
925 1687 995 1721 quod
1016 1695 1067 1714 un-

286 1731 368 1766 gitur,
399 1731 469 1758 Deus
499 1732 544 1759 liat
562 1741 568 1758 :
589 1732 664 1765 Via’,
695 1737 724 1759 ut
750 1740 797 1766 per
826 1740 854 1759 se
884 1740 931 1759 nos
947 1733 1067 1766 ducens;

287 1777 392 1804 Ostium
405 1777 426 1808 ⁸,
442 1781 471 1803 ut
495 1777 683 1805 introductor:
701 1778 830 1811 Pastor",
856 1783 885 1804 ut
902 1785 951 1805 nos
970 1778 997 1804 in
1013 1778 1070 1804 loco

287 1831 393 1858 pascuae
420 1823 568 1855 collocans,
586 1828 614 1851 et
633 1831 702 1858 aqua
729 1825 885 1852 refectionis
909 1824 1068 1855 educans”,

287 1873 369 1903 atque
383 1868 446 1896 hinc
457 1869 533 1896 nobis
550 1869 656 1896 itineris
669 1870 762 1896 ducem
778 1877 807 1896 se
816 1869 949 1903 prtebens.
967 1876 1070 1896 necnon

287 1915 416 1941 adversus
432 1914 535 1941 belluas
560 1922 609 1948 pro
633 1915 709 1941 nobis
740 1915 870 1942 dimicans
884 1922 891 1940 ι
906 1917 961 1941 tum
977 1915 1068 1943 etiam.

288 1963 317 1985 ut
341 1964 465 1985 errantes
490 1966 627 1992 revocans,
644 1963 672 1986 et
687 1959 768 1994 556
790 1959 908 1993 perditos
928 1959 1069 1990 reducens,

287 2003 476 2031 ctconlractos
489 2004 622 2037 obligans,
636 2009 663 2032 et
681 2005 802 2032 inﬁrmos
827 2005 967 2036 rohorans,
984 2009 1010 2031 et
1027 2005 1071 2030 ﬁr-

288 2057 345 2076 mos
369 2057 402 2076 ac
421 2050 523 2076 validos
549 2051 713 2083 custodiens,
729 2056 809 2085 atque
833 2050 867 2076 ad
892 2050 988 2077 futura:
1010 2050 1071 2076 vitae

288 2095 404 2127 caulam,
417 2103 463 2128 per
479 2095 621 2129 pastoralis
637 2096 758 2123 scientiae
781 2095 911 2127 rationes,
925 2095 1069 2130 colligens:

288 2142 352 2168 Ovis
366 2142 385 2157 “
400 2149 490 2176 porro,
519 2148 548 2168 ut
570 2141 678 2168 victima
699 2151 706 2168 ι
724 2142 857 2176 Agnus",
874 2147 900 2168 ut
918 2140 1070 2175 perlectus:

323 2212 344 2227 ³³
361 2211 369 2237 l
383 2211 444 2239 Cor.
462 2220 481 2244 t,
496 2212 540 2238 50.
580 2212 587 2226 ¹
601 2211 664 2238 ibid.
709 2211 793 2238 'ibiil.
844 2212 854 2227 ³
867 2211 943 2238 Joan.
957 2220 995 2242 xi,
1009 2211 1054 2238 25.

289 2247 334 2274 16.
359 2246 522 2280 7.loan.xtv,
534 2247 560 2273 6.
598 2247 609 2262 ⁸
624 2245 701 2273 Joan.
718 2254 746 2278 x,
764 2246 791 2273 9.
828 2249 838 2264 ³
853 2245 931 2274 Joan.
947 2254 974 2278 x,
987 2246 1030 2273 ll.

1103 2212 1113 2227 ⁸
1123 2213 1199 2240 Joan.
1216 2222 1252 2244 Ix.
1272 2214 1314 2240 ‘ll.

1069 2247 1090 2262 ‘°
1102 2248 1172 2275 Psal.
1190 2257 1258 2282 xxn,
1272 2249 1300 2276 2.

1118 914 1252 950 χωρηθεὶς
1266 914 1309 941 διὰ
1323 914 1353 940 τὸ
1369 914 1417 949 τῆς
1434 913 1540 948 φύσεως
1563 913 1681 948 ἄληπτον
1697 912 1751 947 (96)
1762 921 1768 927 -
1785 911 1842 938 ἀλλ’
1859 911 1900 936 ἴνα

1118 962 1165 988 καὶ
1177 961 1275 995 ἁγιάσῃ
1288 961 1321 986 δι’
1331 959 1426 986 ἑαυτοῦ
1436 959 1480 985 τὸν
1491 959 1642 994 ᾶνϋρωπον,
1653 958 1746 994 ὥσπερ
1761 957 1833 992 ζύμη
1846 957 1899 991 (97)

1118 1008 1262 1042 γενόμενος
1276 1006 1315 1042 τῷ
1329 1007 1409 1033 παντὶ
1423 1006 1572 1041 φυράματι,
1590 1005 1637 1031 καὶ
1651 1005 1717 1039 πρὸς
1731 1004 1827 1030 ἑαυτὸν
1837 1002 1900 1029 ἑνώ-

1120 1062 1168 1085 σας
1187 1054 1217 1079 τὸ
1245 1052 1426 1087 κατακριθὲν,
1453 1052 1512 1078 ὅλον
1534 1051 1602 1087 λύσῃ
1619 1050 1665 1076 τοῦ
1687 1049 1899 1085 κατακρίματος,

1119 1100 1208 1126 πάντα
1225 1100 1294 1134 ὑπὲρ
1308 1099 1416 1125 πάντων
1433 1097 1585 1133 γενόμενος,
1599 1098 1649 1124 ὅσα
1664 1098 1753 1132 ἡμεῖς.
1770 1096 1839 1129 πλὴν
1851 1096 1901 1131 τῆς

1119 1144 1267 1180 ἁμαρτίας,
1281 1144 1370 1179 σῶμα,
1381 1144 1464 1179 ψυχὴ,
1477 1143 1549 1174 νοῦς,
1564 1143 1596 1169 δι’
1609 1143 1670 1169 ὅσον
1682 1143 1735 1178 (98)
1748 1143 1761 1168 ό
1777 1142 1899 1173 Θάνατος

1119 1190 1149 1216 τὸ
1164 1190 1251 1216 κοινὸν
1266 1191 1298 1216 ἐκ
1316 1189 1428 1221 τούτων,
1445 1189 1595 1225 ἄνθρωπος,
1616 1189 1680 1220 Θεὸς
1697 1188 1844 1223 ὁρώμενος,
1859 1187 1901 1214 διὰ

1120 1236 1150 1262 τὸ
1163 1236 1307 1271 νοούμενον
1320 1236 1384 1271 (99).
1418 1236 1480 1267 Υἱὸς
1504 1236 1531 1262 δὲ
1556 1235 1710 1271 ἀνθρώπου,
1732 1236 1777 1262 καὶ
1799 1235 1842 1261 διὰ
1859 1235 1902 1260 τὸν

1127 1282 1222 1317 Ἀδὰμ,
1248 1281 1294 1308 καὶ
1318 1281 1362 1307 διὰ
1379 1281 1426 1316 τὴν
1442 1281 1588 1316 Παρθένον,
1606 1281 1635 1313 ἐξ
1656 1278 1692 1307 ὧν
1716 1281 1838 1314 ἐγένετο*
1856 1279 1902 1306 τοῦ

1123 1328 1181 1363 μὲν,
1204 1327 1242 1359 ὡς
1262 1327 1443 1362 προπάτορος,
1460 1327 1510 1361 τῆς
1532 1327 1570 1359 δὲ,
1591 1326 1628 1358 ὡς
1645 1326 1746 1361 μητρὸς
1760 1326 1834 1361 νόμῳ
1853 1325 1901 1360 (ι),

1121 1374 1167 1400 καὶ
1183 1373 1213 1399 οὐ
1235 1374 1308 1408 νόμῳ
1333 1373 1499 1407 γεννήσεως·
1521 1372 1637 1407 Χριστὸς
1657 1371 1696 1403 δὲ,
1720 1371 1762 1397 διὰ
1777 1371 1827 1406 τὴν
1844 1371 1902 1397 0εὸ-

1120 1428 1208 1455 τητα·
1239 1419 1327 1455 χρίσις
1353 1418 1407 1454 γὰρ
1438 1418 1505 1453 αὕτη
1530 1419 1578 1453 τῆς
1601 1417 1828 1452 ἀνθρωπότητος,
1854 1417 1903 1443 οὐκ

1122 1466 1246 1501 ἐνεργείᾳ.
1263 1465 1333 1492 κατὰ
1353 1465 1414 1496 τοὺς
1433 1465 1528 1495 ἄλλους
1548 1464 1674 1499 χριστοὺς
1689 1464 1727 1498 (2)
1744 1463 1902 1497 ὰγιάζουσα,

1123 1512 1258 1547 παρουσίᾳ
1273 1511 1300 1537 δὲ
1315 1511 1375 1537 ὅλου
1388 1510 1434 1536 τοῦ
1450 1510 1570 1544 χρίοντος
1580 1517 1586 1523 ⁸
1607 1505 1641 1544 ἧς
1657 1508 1747 1544 ἔργον,
1761 1509 1903 1544 ἄνθρωπον

1085 1545 1105 1573 C
1122 1545 1235 1583 ἀκοῦσαι
1247 1545 1291 1591 (5)
1305 1556 1335 1582 τὸ
1349 1556 1434 1591 χρῖον,
1448 1555 1493 1581 καὶ
1509 1555 1619 1590 ποιῆσαι
1632 1555 1698 1581 Θεὸν
1710 1554 1740 1580 τὸ
1751 1555 1902 1590 χριόμενον·

1128 1602 1201 1633 Ὁδὸς
1217 1602 1255 1633 δὲ,
1281 1601 1319 1633 ὡς
1338 1601 1371 1627 δι’
1395 1600 1490 1627 ἑαυτοῦ
1509 1601 1599 1636 φέρων
1617 1601 1703 1636 ἡμᾶς’
1726 1600 1801 1636 Θύρα
1815 1600 1852 1631 δὲ,
1867 1601 1904 1632 ὡς

1123 1647 1288 1682 εἰσαγωγεύς
1302 1655 1310 1662 ·
1334 1647 1440 1681 Ποιμὴν
1455 1647 1493 1679 δὲ,
1510 1647 1547 1677 ὡς
1563 1647 1602 1678 εἰς
1620 1646 1701 1672 τόπον
1722 1646 1803 1681 χλόης
1822 1655 1904 1672 κατα-

1124 1693 1242 1727 σκηνῶν,
1259 1693 1306 1719 καὶ
1320 1692 1458 1727 ἐκτρέφων
1480 1692 1526 1718 ἐπὶ
1547 1692 1641 1723 ὕδατος
1657 1692 1844 1722 ἀναπαύσεως,
1859 1691 1905 1717 καὶ

1123 1736 1246 1763 ἐντεῦθεν
1261 1737 1376 1772 ὁδηγῶν,
1391 1737 1438 1762 καὶ
1449 1736 1628 1772 προπολεμῶν
1644 1737 1713 1763 κατὰ
1726 1736 1781 1762 τῶν
1792 1736 1903 1771 Θηρίων·

1122 1782 1153 1808 τὸ
1165 1781 1340 1816 πλανώμενον
1355 1783 1535 1817 ἐπιστρέφων,
1549 1783 1579 1808 τὸ
1595 1782 1733 1814 ἀπολωλὸς
1751 1782 1903 1815 ἐπανάγων,

1122 1829 1152 1854 τὸ
1175 1828 1402 1863 συντετριμμένον
1429 1828 1616 1863 καταδεσμῶν,
1635 1828 1663 1854 τὸ
1683 1828 1789 1863 ἰσχυρὸν
1809 1827 1906 1862 φυλάσ-

1124 1881 1189 1904 σων,
1206 1873 1252 1899 καὶ
1268 1874 1335 1908 πρὸς
1349 1874 1399 1908 τὴν
1414 1873 1518 1900 ἐκεῖθεν
1535 1874 1654 1908 μάνδραν
1675 1873 1798 1907 συνάγων
1817 1873 1906 1906 λόγοις

1124 1919 1303 1954 ποιμαντικῆς
1323 1920 1476 1954 ἐπιστήμης
1489 1927 1497 1934 ο
1513 1919 1650 1954 Πρόϐατον
1673 1919 1710 1951 δὲ,
1728 1920 1765 1950 ὡς
1779 1921 1903 1954 σφάγιον·

1130 1964 1227 1998 Ἀμνὸς
1246 1965 1285 1996 δὲ,
1298 1964 1335 1995 ὡς
1347 1964 1457 1990 τέλειον·
1484 1966 1640 2000 ’Λρχιερεὺς
1658 1965 1696 2000 (4)
1712 1965 1749 1995 δὲ,
1765 1966 1802 1996 ὠς
1822 1973 1905 2000 προσ-

1120 2009 1255 2043 αγωγεύς·
1287 2010 1454 2044 Μελχισεδὲκ
1467 2010 1506 2043 δὲ,
1519 2011 1556 2041 ὡς
1570 2011 1683 2046 ἀμήτωρ
1696 2010 1726 2036 τὸ
1740 2011 1809 2046 ὑπὲρ
1822 2011 1904 2046 ἡμᾶς.

1121 2056 1167 2081 καὶ
1182 2056 1297 2091 ἀπάτωρ
1311 2057 1340 2082 τὸ
1354 2057 1412 2083 καθ’
1426 2057 1516 2091 ἡμᾶς·
1534 2057 1580 2082 καὶ
1595 2057 1632 2088 ὡς
1646 2056 1856 2090 ἀγενεαλόγητος
1869 2057 1905 2091 (ὅ)

1120 2101 1150 2127 τὸ
1170 2102 1242 2129 ἀνω·
1260 2103 1319 2137 Τὴν
1335 2103 1387 2139 γὰρ
1403 2104 1504 2138 γενεὰν
1530 2104 1632 2135 αὑτοῦ,
1649 2103 1726 2138 φησὶ,
1744 2104 1788 2136 τίς
1806 2103 1906 2137 διηγή-

1127 2154 1209 2174 σεται
1220 2156 1228 2178 ;
1245 2149 1290 2174 καὶ
1302 2148 1339 2179 ὡς
1351 2149 1476 2183 βασιλεὺς
1489 2148 1592 2184 Σαλὴμ,
1604 2148 1706 2183 εἰρήνη
1718 2149 1745 2175 δὲ
1759 2148 1847 2182 τοῦτο,
1862 2149 1906 2175 καὶ

1353 2215 1363 2230 ³
1384 2215 1475 2241 Matth.
1497 2223 1568 2248 xxtv,
1587 2215 1631 2245 27,
1652 2215 1695 2242 LL
1744 2216 1755 2231 ⁸
1769 2215 1860 2242 Matth.
1882 2223 1900 2246 ι,

1340 2250 1359 2264 ¹¹
1373 2248 1421 2277 lsa.
1441 2258 1497 2282 Llll,
1512 2251 1536 2276 7.
1590 2251 1612 2265 ¹¹
1626 2250 1703 2277 Joan.
1725 2258 1743 2282 ι,
1756 2250 1801 2278 29.

324 2304 379 2341 (92)
393 2305 584 2343 ᾈπανιστῶν.
599 2304 665 2332 Tres
677 2305 772 2341 Regg.,
788 2305 949 2337 ἀπανιστάς.
964 2304 1066 2338 Oxon.,

1124 2317 1133 2333 ι
1153 2308 1259 2342 regibus
1274 2314 1301 2334 et
1312 2308 1494 2342 pontificibus.
1515 2318 1524 2333 ι
1541 2309 1586 2343 qui
1601 2308 1736 2336 unctionis
1756 2314 1904 2341 consortes,

288 2340 444 2372 ὲπανιστάς.

324 2376 378 2412 (95)
399 2376 565 2412 Ἀμςιρζίαςὶ
579 2374 661 2412 Cois]:
675 2374 701 2402 1.
716 2374 845 2412 γεύσεως.

324 2409 379 2452 (94)
394 2410 534 2452 ριξῂμᾶς.
550 2410 628 2445 Βεεη
641 2410 734 2444 Cypr.,
744 2409 804 2436 καθ’
816 2410 899 2444 ἡμᾶς,
912 2418 921 2435 ι
937 2417 1017 2444 quam
1026 2410 1071 2444 qui

287 2447 366 2473 nobis
380 2446 486 2472 similis.
504 2455 513 2470 ι

324 2481 378 2514 (95)
393 2480 605 2514 Προσλήψεως.
618 2479 685 2515 Reg.
702 2480 756 2512 bm,
773 2479 946 2515 προλήψεως.

323 2516 379 2548 (96)
395 2517 554 2548 Ἀληπτοικ
571 2514 630 2541 Bill.
652 2525 660 2540 ι
681 2514 927 2549 Ιιηρθγςοριὶὺίιοιιι.
943 2524 952 2539 ι

324 2550 380 2586 (97)
396 2552 488 2585 Ζύμη.
508 2550 637 2586 Divinitas
650 2549 817 2586 intelligitur.
834 2556 893 2583 quae
907 2549 932 2574 in
946 2548 1071 2585 _Christo,

291 2594 300 2610 (
323 2586 408 2611 instar
421 2586 558 2615 frumenti,
577 2594 585 2609 ι
602 2585 760 2611 humanitati
772 2585 864 2618 juncta
882 2588 932 2610 est.

315 2620 379 2664 ,(98)
393 2621 431 2646 Δι’
447 2620 531 2647 ὅσον.
548 2619 628 2647 Coisl.
652 2619 680 2652 2,
704 2617 818 2654 quatuor
835 2618 910 2646 Colb.
933 2621 960 2645 et
981 2617 1028 2645 Or.
1045 2618 1073 2650 1.

325 2664 444 2730 (Efﬂuit):
452 2690 484 2716 τὸ
492 2691 664 2725 νοούμενον.
677 2698 686 2715 t
702 2689 813 2724 Propter
826 2690 862 2722 id,
874 2698 884 2715 ›
894 2692 946 2716 etc.
959 2688 1073 2716 Ratione

290 2724 446 2752 divinitatis.

326 2760 364 2793 (l)
385 2759 432 2791 Ὠς
450 2759 561 2793 μητρὸς
586 2759 682 2793 νόμῳ,
703 2759 769 2791 καί,
791 2765 842 2787 etc.
861 2759 919 2785 Bill.
937 2758 1011 2792 legit,
1034 2759 1071 2790 ὼς

292 2794 404 2830 μη-ρὸς,
417 2794 490 2829 νόμῳ
504 2795 559 2826 καί,
573 2799 625 2821 etc.
643 2803 652 2819 ι
673 2794 705 2821 Ut
721 2800 816 2827 matre,
832 2799 859 2821 et
876 2794 951 2828 juxta
974 2794 1070 2828 legem,

290 2834 318 2857 et
331 2837 410 2863 supra
424 2829 508 2863 legem
522 2829 711 2863 generationis.
725 2839 734 2854 ι

326 2865 365 2900 (2)
380 2865 510 2896 ’Ἄλλους
523 2864 675 2899 χριστούς.
696 2873 704 2890 t
721 2863 788 2893 Aliis
813 2864 930 2898 christis,
945 2873 954 2890 ι
979 2864 1006 2892 id
1018 2868 1068 2898 est,

1125 2352 1134 2368 ‹
1157 2344 1228 2369 uncti
1249 2352 1259 2368 ι
1281 2343 1415 2374 diettntur,
1431 2344 1507 2376 juxta
1525 2344 1587 2370 illud
1601 2351 1642 2377 ps.
1655 2351 1726 2374 XLIV,
1745 2353 1754 2369 t
1773 2344 1856 2371 Unin
1878 2351 1903 2371 te

1122 2377 1193 2404 Deus
1220 2378 1279 2404 olco
1307 2378 1404 2405 Imtitim
1430 2386 1484 2412 pra:
1503 2379 1672 2406 consortibus
1689 2379 1750 2405 tuis.
1770 2388 1779 2405 ι
1807 2377 1905 2405 Verum

1123 2413 1166 2439 isti
1191 2420 1242 2439 non
1269 2413 1318 2439 nisi
1341 2421 1388 2447 per
1405 2413 1519 2446 gratiam
1546 2414 1759 2445 sanctiticantur,
1773 2421 1833 2440 eum
1855 2422 1906 2440 un-

1123 2448 1237 2473 ctionem
1252 2455 1355 2474 sacram
1367 2448 1518 2482 accipiunt;
1535 2457 1544 2473 ι
1563 2448 1588 2474 in
1602 2448 1708 2474 Christo
1730 2453 1831 2480 autem,
1851 2457 1859 2473 ι
1880 2453 1906 2474 ιιι

1124 2482 1163 2508 ait
1188 2482 1290 2513 Billius,
1309 2491 1318 2508 t
1342 2483 1474 2516 ipsissima
1489 2483 1790 2516 divinitatisprmscntia
1819 2483 1907 2510 locum

1124 2517 1256 2543 unctionis
1278 2519 1394 2544 tenebat.
1408 2527 1416 2542 I

1163 2550 1199 2586 (3)
1217 2552 1384 2585 Ἄνθρωπον
1402 2551 1540 2580 ἀκοῦσαι.
1558 2552 1599 2580 Ob
1619 2552 1744 2579 unionem
1767 2552 1864 2579 divinze
1877 2560 1909 2579 ac

1126 2585 1249 2612 humanm
1264 2592 1366 2612 natura:
1381 2587 1406 2612 ili
1422 2594 1474 2613 una
1492 2595 1618 2621 persona,
1633 2593 1658 2614 et
1675 2596 1684 2612 Ι
1705 2587 1786 2614 homo
1803 2596 1813 2613 ι
1827 2594 1907 2614 νοςιι-

1128 2625 1171 2646 tur
1187 2630 1195 2646 I
1212 2621 1289 2653 Deus,
1307 2631 1315 2646 ι
1334 2627 1360 2647 et
1378 2631 1386 2646 α
1407 2621 1476 2648 Deus
1488 2631 1497 2647 ι
1516 2622 1664 2656 appellatur
1678 2631 1687 2647 ι
1704 2622 1795 2648 homo:
1808 2631 1817 2647 ι

1164 2655 1201 2691 (4)
1219 2656 1394 2690 Ἀρχιερεύς,
1423 2661 1476 2683 etc.
1504 2656 1575 2683 Talis
1604 2662 1645 2683 est
1670 2657 1790 2690 pontifex
1816 2660 1908 2683 noster

1125 2689 1257 2722 Chﬁslus,
1275 2689 1319 2724 qui
1338 2699 1385 2717 nos
1399 2690 1470 2717 Patri
1487 2692 1623 2723 conciliat,
1640 2700 1649 2717 ί
1671 2689 1721 2725 per
1737 2699 1833 2725 quem,
1851 2700 1860 2716 ›
1880 2694 1909 2716 ut.

1110 2725 1164 2760 .ait
1176 2726 1327 2760 Apostolus,
1346 2726 1422 2752 ltnin.
1439 2733 1465 2757 v,
1481 2727 1515 2758 2,
1533 2735 1541 2752 ι
1561 2727 1689 2753 habemus
1705 2733 1844 2753 accessum
1862 2732 1908 2759 per

1125 2759 1206 2787 ﬁdem
1218 2762 1243 2786 in
1254 2761 1367 2795 gratiam
1382 2761 1471 2793 istam,
1487 2762 1513 2788 in
1528 2769 1579 2795 qua
1593 2766 1705 2792 stamus,
1721 2771 1730 2787 ι
1751 2766 1803 2787 etc.

1162 2795 1200 2831 (5)
1227 2796 1479 2830 Arsacem/16171105,
1496 2801 1549 2825 etc.
1567 2805 1576 2822 t
1591 2797 1672 2831 Cujus
1687 2796 1777 2824 divina
1791 2801 1908 2831 genera-

1125 2831 1162 2859 tio
1175 2835 1215 2858 est
1230 2831 1379 2858 inctl‘abilis.
1391 2840 1400 2856 ι
