2049 3131
153 187 206 214 153

664 185 793 213 ORATIO
817 186 914 212 XXXI.
935 200 970 206 ι-
989 186 1207 215 ΤΙΙΕΟΙ,Ο(]ΙΟᾹ
1229 188 1258 216 ν.

1727 188 1779 215 154

152 247 190 278 ὡς
203 246 353 280 βασιλεὺς
367 246 571 280 δικαιοσύνης,
584 246 631 272 καὶ
645 246 682 277 ὡς
704 247 879 273 ἁποδεκατῶν
893 256 941 274 πα-

994 246 1117 274 Pontifex
1131 248 1163 281 ί³,
1178 252 1207 275 ιιι
1226 248 1352 276 oblator:
1371 247 1610 282 Melchisedech”,
1627 252 1654 276 ut
1682 249 1777 276 matris

151 294 285 329 τριάρχας
308 293 378 319 κατὰ
398 293 452 319 τῶν
475 292 599 328 πονηρῶν
616 292 757 326 δυνάμεων
781 293 937 327 ἀριστεύον-

151 347 211 369 τας.
226 339 319 372 Ἔχεις
330 338 378 368 τὰς
387 338 433 364 τοῦ
444 337 508 364 Υίοῦ
521 337 704 373 προσηγορίας
713 345 719 352 '
737 337 825 372 βάδιζε
842 337 874 363 δι’
892 337 940 363 αὺ-

152 382 206 408 τῶν
217 390 223 396 ’
236 382 294 408 ὅσα(
308 390 338 408 τε
351 381 461 416 ὑψηλαὶ,
476 381 573 412 θεῖκῶς
582 381 630 416 (6),
644 381 690 406 καὶ
703 382 762 407 ὅσαι
775 381 937 415 σωματικαὶ,

154 426 319 460 συμπαθῶς·
343 426 442 461 μᾶλλον
460 426 488 452 δὲ
511 425 570 452 ὅλον
593 424 700 456 θεῖκώς,
717 425 763 451 ῖνα
785 425 851 461 γένῃ
874 425 939 456 θεὸς

153 470 276 497 κάτωθεν
286 471 416 501 ἀνελθὼν,
428 471 471 497 διὰ
485 471 531 496 τὸν
552 470 716 496 κατελθόντα
729 470 763 496 δι’
781 471 853 505 ἡμᾶς
871 470 940 496 ἄνω-

154 513 209 540 θεν.
235 514 295 540 Ἐπὶ
310 516 386 548 πᾶσι,
404 516 450 541 καὶ
467 515 520 550 πρὸ
537 514 646 541 πάντων
658 535 664 545 ,
684 516 771 541 ἐκεῖνο
787 516 880 550 τήρει·
894 516 939 541 καὶ

152 559 202 585 οὐκ
215 559 248 586 ἂν
262 561 391 596 σφαλείης
405 562 433 587 ὲν
449 562 505 592 τοῖς
521 561 696 596 ὑψηλοτέροις
712 561 728 596 ἦ
741 562 940 596 ταπεινοτέροις

153 606 291 641 ὀνόμασιν.
312 607 413 642 Ἰησοῦς
429 607 556 643 Χριστὸς,
571 607 633 642 χθὲς
654 608 700 633 καὶ
718 608 836 643 σήμερον
848 616 939 642 σωμα-

152 651 247 683 τικῶς.
265 653 280 678 ὁ
303 652 384 684 αὐτὸς
404 653 609 687 πνευματικῶς,
634 653 682 679 καὶ
700 653 740 684 εἰς
756 653 819 685 τοὺς
837 654 938 685 αἰῶνας

151 698 206 724 τῶν
225 698 338 725 αἰώνων.
363 699 459 734 Ἀμήν.

995 300 1103 326 expers,
1125 294 1246 327 quod.ad
1263 298 1388 320 naturam
1403 293 1475 320 illam
1490 297 1582 320 nostra
1598 293 1775 320 excelsiorem

998 338 1107 370 attinet,
1123 344 1199 374 patre
1216 344 1304 366 autern
1319 346 1423 371 carens,
1442 344 1572 373 quantum
1590 338 1622 365 ad
1638 343 1775 365 nostram:

993 388 1047 410 tum
1065 384 1146 411 etiam
1176 386 1238 418 quia
1255 385 1406 412 sublimitus
1430 386 1532 419 absque
1547 384 1702 420 genealogia
1726 390 1777 411 est.

993 429 1205 464 ((icnerationem
1219 431 1287 458 enim
1307 431 1390 465 illius,
1403 431 1500 465 inquit.
1511 431 1568 465 quis
1578 429 1711 456 enarrabit
1729 429 1749 444 ¹⁵
1757 430 1778 464 '2)

990 474 1028 501 Ac
1040 479 1178 508 przeterea,
1193 481 1221 502 ut
1239 476 1292 502 Rea:
1306 476 1394 503 Salem
1405 477 1437 508 ’⁸,
1458 477 1508 502 hoc
1519 479 1571 508 cst,
1586 476 1667 510 pacis,
1683 479 1709 501 et
1724 474 1779 501 Rex

987 520 1115 554 justitiw,
1139 529 1170 549 ac
1196 522 1309 556 denique
1327 528 1356 549 ut
1371 530 1385 548 a
1400 522 1560 556 patriarcbis
1584 523 1714 548 adversus
1732 528 1780 554 pe-

991 566 1099 594 stiferas
1115 572 1260 600 potestates
1275 573 1384 595 strenue
1405 576 1460 594 rem
1480 567 1644 602 gerentibus,
1660 566 1778 593 decimas

992 613 1138 647 accipiens.
1155 612 1242 640 Habes
1261 613 1320 640 Filii
1341 613 1544 648 appellationes.
1565 613 1615 639 Per
1631 619 1677 638 eas
1701 611 1777 638 ince-

991 657 1039 688 de;
1057 666 1104 692 per
1120 666 1176 690 eas,
1196 659 1317 693 inquam,
1336 667 1440 690 omnes.
1466 667 1524 693 qua!
1550 658 1678 685 sublimes
1702 662 1776 688 sunt,

991 703 1090 735 divine,
1117 712 1165 738 per
1190 712 1334 739 corporeaa
1357 709 1457 736 autem,
1483 705 1621 731 humane:
1639 705 1693 730 imo
1711 711 1777 730 vero

154 751 266 777 prorsus
293 745 395 777 divine,
415 750 444 771 ut
472 752 504 772 ex
528 745 588 772 imis
615 746 688 773 hisce
717 746 877 778 ascendens,
890 746 939 774 fias
959 747 1028 775 Deus
1042 755 1150 784 propter
1161 758 1233 783 cum,
1249 751 1294 785 qui
1307 756 1416 785 propter
1445 758 1494 777 nos
1528 751 1560 776 de
1592 750 1715 784 supernis
1731 749 1778 775 de-

153 794 272 817 scendit.
288 789 390 818 Praeter
402 791 504 817 omnia.
522 798 548 818 et
563 797 625 818 ante
638 792 739 823 omnia,
756 792 819 818 illud
835 800 911 820 serva
927 803 933 820 :
956 802 1005 821 nec
1023 800 1069 822 aut
1080 796 1105 822 in
1120 797 1332 829 sublimioribus,
1365 801 1411 823 aut
1444 796 1632 830 abjectioribus
1662 795 1779 822 nomini-

155 836 207 863 bus
224 837 343 865 errabis.
376 837 452 864 Jesus
465 838 598 870 Christus,
633 839 690 866 heri
723 845 749 866 et
783 839 862 867 hodie
879 841 1066 875 corporaliter,
1094 843 1217 879 idemque
1243 844 1429 878 Spiritualiter,
1453 849 1479 871 et
1496 843 1524 870 in
1548 844 1644 871 smcula
1664 842 1780 870 szeculou

154 891 224 910 rum.
238 884 335 910 Amen.

188 929 211 944 “
226 929 306 956 Hebr.
318 937 357 962 vt,
372 930 415 956 20.
455 930 476 946 ”
490 930 569 957 llebr.
585 938 632 962 vn,
651 931 676 957 1.
725 931 746 947 ιδ
760 930 813 958 lsa.
830 939 890 964 LIII,
905 931 931 958 8.

983 932 1004 947 “
1016 932 1096 959 llebr.
1114 941 1159 964 vn.
1175 933 1200 960 ἓ.

188 985 225 1020 (6)
247 985 363 1018 Θεὶνιῶς.
384 995 393 1011 ι
408 986 510 1017 Divine,
526 997 536 1012 θ
556 987 580 1013 id
596 992 647 1019 est,
662 996 672 1012 ε
696 987 799 1014 ratione
812 987 1066 1015 Dcoconsentanca.
1085 997 1094 1013 ›

407 1119 589 1187 ΛΟΓΟΣ
605 1141 702 1186 AA'.

331 1237 560 1264 ΘΕΟΛΟΙἾΚΟΣ
579 1238 762 1263 ΠΕΜΠΙῸΣ.

331 1303 398 1337 Περὶ
415 1302 466 1329 τοῦ
483 1295 761 1337 ἁγίουΠνεύματος.

145 1388 152 1392 λ
188 1382 227 1407 A'.
252 1381 280 1407 Ὀ
302 1381 349 1416 μὲν
366 1381 396 1416 δὴ
413 1380 476 1416 περὶ
492 1380 538 1406 τοῦ
554 1379 619 1407 Υἱοῦ
643 1380 732 1414 λόγος,
748 1379 867 1411 τοιοῦτος
883 1379 938 1415 (7)·

154 1427 201 1452 καὶ
218 1426 289 1452 οὕτω
308 1426 471 1460 διαπέφευγε
491 1426 553 1457 τοὺς
573 1425 745 1457 λιθάζοντας,
767 1424 877 1451 διελθὼν
898 1425 941 1452 διὰ

157 1471 239 1505 μέσου
257 1471 295 1506 (8)
316 1471 414 1497 αὐτῶν.
438 1470 468 1498 'O
484 1471 562 1504 λόγος
577 1471 630 1506 γὰρ
649 1471 679 1496 οὺ
701 1471 848 1502 λιθάζεται,
871 1470 940 1497 λιθο-

155 1515 228 1541 ϐολεῐ
242 1515 280 1547 δὲ,
292 1515 355 1541 ὅταν
370 1515 458 1550 ἐθέλῃ,
473 1515 519 1541 καὶ
537 1515 664 1550 σςενδονᾷ
680 1515 771 1550 θηρία,
784 1515 878 1549 λόγους
893 1523 942 1541 κα‹

157 1561 266 1596 κῶς¹τῴ
295 1561 351 1596 ὄρει
382 1560 595 1595 προσϐαίνοντας
621 1561 669 1595 (9).
696 1561 729 1586 Τί
750 1560 772 1586 δ’
792 1560 824 1586 ἂν
844 1561 940 1592 εἴποις,

156 1607 234 1641 φασὶ,
250 1608 313 1641 περὶ
326 1606 371 1633 τοῦ
391 1606 468 1640 ἁγίου
486 1606 660 1641 Πνεύματος;
682 1606 763 1633 πόθεν
776 1607 840 1641 ἡμῖν
852 1607 943 1632 ἐπεισ-

156 1654 249 1687 άγεις,
269 1653 342 1685 ξένον
364 1653 423 1679 θεὸν
446 1653 493 1679 καὶ
514 1653 657 1688 ἄγραφονς
685 1653 769 1679 Τοῦτο
784 1652 834 1687 ἤδη
854 1652 900 1679 καὶ
918 1653 942 1679 οἱ

157 1700 221 1734 περὶ
233 1699 278 1725 τὸν
291 1698 353 1725 Υὶὸν
369 1699 569 1734 μετριάζοντες.
583 1699 671 1733 Ὅπερ
684 1698 738 1734 γὰρ
751 1699 797 1724 ἐπὶ
811 1698 865 1724 τῶν
876 1698 942 1724 ὁδῶν

158 1747 246 1779 εὑρεῖν
263 1745 320 1770 εστι
339 1745 381 1770 καὶ
401 1744 454 1771 τῶν
474 1744 614 1780 ποταμῶν,
634 1744 770 1779 σχίζονταί
783 1753 812 1770 τε
833 1745 879 1771 ἀπ’
897 1745 944 1770 ἀλ-

157 1792 254 1827 λήλων,
272 1791 319 1818 καὶ
340 1791 379 1821 εἰς
394 1790 494 1825 ἄλληλα
511 1798 688 1824 συναπέονται·
708 1790 787 1816 τοῦτο
806 1789 943 1816 κάνταῦθα

159 1837 310 1872 συμϐαίνει,
329 1837 373 1864 διὰ
389 1837 434 1863 τδν
456 1837 570 1863 πλοῦτον
592 1838 640 1872 τῆς
663 1840 801 1868 ασεῧείας,
818 1841 865 1863 και
881 1846 944 1868 τους

156 1882 191 1908 τὰ
208 1882 274 1908 ἄλλα
287 1882 433 1913 διεστῶτας
443 1884 472 1909 ὲν
486 1882 575 1914 ἄλλοις
589 1882 782 1918 συμφέρεσθαι,
794 1882 863 1908 ὥστε
877 1882 942 1918 μηδὲ

1213 1147 1402 1185 ORATIO
1413 1148 1564 1185 XXXI".

1180 1237 1412 1266 TIIEOLOGICA
1435 1239 1586 1272 QUINTA.

1250 1304 1287 1331 De
1304 1303 1403 1339 Spiritu
1417 1311 1516 1333 smn-lu.

1028 1381 1048 1407 l.
1069 1381 1108 1408 Ac
1128 1381 1160 1408 dc
1183 1381 1252 1409 Filio
1266 1383 1372 1417 quidem
1400 1383 1461 1411 talis
1488 1389 1530 1411 est
1552 1390 1644 1413 nostra
1667 1386 1774 1414 oratio:

994 1431 1074 1461 atque
1090 1427 1123 1454 ad
1139 1427 1212 1455 hunc
1234 1429 1341 1456 modum
1364 1428 1538 1463 lapidantium
1563 1431 1691 1465 impetum
1709 1432 1776 1458 eﬁ'u-

994 1474 1041 1507 git.
1057 1481 1105 1507 per
1128 1473 1244 1500 medium
1273 1473 1391 1509 ipsorum
1409 1476 1555 1503 transiens.
1569 1477 1662 1505 Oratio
1677 1478 1776 1512 quippe

994 1526 1046 1546 non
1061 1519 1196 1553 lapidatur
1208 1529 1214 1545 :
1228 1527 1320 1546 verum
1337 1519 1439 1555 lapides
1452 1521 1519 1554 ipsa,
1530 1529 1590 1549 cum
1604 1522 1687 1555 lubet,
1698 1522 1775 1557 jacit,

993 1572 1025 1591 ac
1049 1564 1163 1597 belluas.
1193 1566 1244 1592 hoc
1268 1570 1318 1599 est,
1332 1574 1483 1600 sermones,
1510 1567 1580 1595 male
1603 1569 1635 1595 ad
1658 1574 1775 1596 montem

993 1611 1168 1638 ascendentes
1185 1611 1219 1642 ’⁷,
1243 1611 1324 1638 funda
1353 1612 1509 1641 insectatur.
1534 1614 1586 1641 Sed
1612 1615 1644 1642 de
1674 1614 1776 1650 Spiritu

993 1660 1098 1687 sancto,
1127 1656 1260 1690 inquiunt,
1288 1657 1352 1690 quid
1381 1656 1502 1685 dixe‘ris?
1516 1658 1593 1686 Unde
1607 1660 1684 1688 nobis
1700 1668 1777 1694 pere-

993 1701 1099 1734 grinum
1121 1701 1217 1734 Deum,
1235 1702 1361 1737 nulloque
1387 1701 1534 1738 Scriptura:
1559 1704 1618 1732 loco
1643 1707 1776 1739 proditum

995 1746 1168 1774 introducis?
1186 1748 1275 1782 Atque
1290 1749 1341 1774 hoc
1361 1748 1397 1775 illi
1412 1756 1519 1784 quoque
1530 1750 1672 1784 objiciunt,
1688 1751 1731 1785 qui
1744 1752 1777 1778 de

995 1790 1064 1820 Fjlio
1078 1793 1244 1820 moderatius
1260 1794 1388 1820 sentiunt.
1405 1794 1470 1822 Nam
1489 1796 1602 1830 quodin
1625 1796 1674 1824 viis
1688 1797 1778 1824 (ει-11η-

993 1837 1045 1864 viis
1070 1845 1188 1872 reperire
1204 1845 1256 1871 est,
1273 1846 1326 1866 uta
1341 1848 1370 1866 se
1383 1841 1497 1867 invicem
1510 1847 1645 1874 secentur,
1667 1851 1699 1870 ac
1717 1851 1777 1869 rur-

994 1890 1041 1910 sus
1066 1884 1136 1911 iuter
1162 1891 1191 1912 se
1218 1890 1334 1918 coeant;
1352 1886 1424 1912 idem
1460 1886 1503 1912 hic
1522 1894 1628 1920 quoque
1641 1887 1724 1923 (tanta
1736 1893 1778 1915 cst

157 1929 300 1962 γινώσκειν
315 1928 442 1964 καθαρῶς
456 1928 586 1956 δύνασθαι
601 1928 631 1954 τὸ
645 1929 793 1964 συμφέρον,
814 1929 830 1964 ἢ
843 1929 872 1955 τὸ
892 1937 941 1964 μα-

995 1928 1141 1963 impietatis
1165 1929 1274 1958 ubertas
1302 1935 1328 1957 et
1341 1931 1416 1965 copia
1429 1931 1455 1967 ί)
1473 1939 1519 1958 usu
1533 1933 1615 1964 venit,
1635 1938 1674 1964 ut,
1688 1934 1732 1968 qni
1750 1934 1776 1960 in

156 1975 279 2010 χύμενον.

997 1974 1056 2002 aliis
1071 1975 1150 2003 rebus
1175 1977 1244 2003 inter
1256 1984 1285 2004 se
1298 1976 1439 2009 dissident,
1458 1979 1483 2004 in
1508 1978 1666 2011 quibusdam
1683 1987 1776 2007 rursus

157 2021 336 2052 consentiant,
367 2020 402 2047 ita
429 2024 458 2047 ut
485 2028 518 2048 ne
544 2020 623 2054 plane
649 2020 755 2054 quidem
777 2019 890 2054 intelligi
925 2027 957 2046 ac
993 2021 1109 2054 perspici
1128 2022 1224 2055 possit,
1241 2021 1281 2048 vel
1300 2029 1352 2056 qua
1381 2022 1407 2048 in
1436 2029 1464 2049 rc
1489 2024 1671 2056 consentiant,
1691 2025 1732 2052 vel
1750 2026 1776 2053 in

156 2075 209 2101 qua
222 2067 393 2094 contendant.

192 2115 229 2141 B’.
248 2115 324 2149 Ἔχει
338 2115 386 2149 μὲν
401 2112 446 2141 οὖν
457 2123 483 2140 τι
497 2114 544 2140 καὶ
555 2114 685 2150 δυσχερὲς
696 2116 710 2141 ὁ
724 2113 842 2149 περὶτοῦ
856 2113 940 2140 Ilvati-

159 2168 241 2195 ματος
255 2159 343 2193 λόγος,
359 2160 390 2186 οὐ
407 2161 486 2195 μόνον
504 2161 544 2187 ὅτι
560 2162 588 2187 ἐν
605 2162 662 2192 τοῖς
677 2160 740 2196 περὶ
754 2160 802 2186 τοῦ
816 2159 881 2186 Tia-3
897 2159 941 2185 λό-

157 2213 214 2240 γοις
230 2206 416 2240 ἀποκαμὸντες
426 2207 450 2232 οἰ
467 2206 613 2241 ἄνθρωποι,
627 2195 790 2241 θερμότερον
803 2205 842 2241 τῷ
855 2205 941 2232 Πνεύ-

159 2261 224 2287 ματι
241 2252 456 2286 προσπαλαίουσι
483 2253 545 2288 (χρὴ
573 2252 626 2288 γάρ
653 2261 680 2278 τι
709 2252 815 2282 πάντως
844 2251 942 2282 αὐτοὺς

157 2296 275 2327 ἀσεϐεῖν,
293 2296 309 2331 ἢ
335 2297 395 2322 οὐδὲ
422 2296 517 2331 βιωτός
541 2298 614 2323 ἐστιν
637 2297 728 2328 αὐτοῖς
748 2297 761 2322 ὀ
779 2295 863 2330 βίος),
885 2296 940 2322 ἀλλ’

157 2342 196 2368 ὅτι
217 2342 264 2368 καὶ
277 2343 357 2376 ἡμεῖς
375 2341 413 2377 τῷ
440 2342 536 2377 πλήθει
554 2342 607 2368 τῶν
627 2343 791 2378 ζητημάτων
814 2342 944 2368 ἀποκναι-

158 2385 266 2417 σθέντες
283 2386 349 2421 (10),
362 2387 460 2413 ταυτὸν
475 2386 530 2420 (Η)
547 2387 688 2421 πάσχομεν
706 2388 761 2418 τοῖς
777 2386 941 2417 κακοσίτοις·

157 2431 181 2457 οἳ
195 2431 304 2458 ἐπειδὰν
321 2432 389 2467 πρός
405 2441 431 2458 τι
450 2432 504 2458 τῶν
523 2432 676 2467 βρωμάτων
699 2431 856 2467 ἀηδισθῶσι,
876 2431 944 2466 πρὸς

158 2478 245 2504 πάντα
259 2478 337 2512 λόγον
363 2478 472 2513 ὁμοίως,
498 2478 591 2513 ὥσπερ
617 2479 716 2504 ἐκεῖνοι
741 2478 809 2514 πρὸς
830 2477 942 2513 τροφὴν,

158 2523 377 2559 δυσχεραίνομεν.
389 2525 483 2559 Ὅμως
495 2524 589 2551 διδότω
597 2525 627 2550 τὸ
638 2524 759 2558 Πνεῦμα,
774 2524 821 2550 καὶ
836 2525 848 2549 ὁ
866 2523 944 2557 λόγος

159 2569 312 2604 δραμεῖται,
337 2570 383 2596 καὶ
408 2571 422 2596 ὁ
445 2570 510 2601 Θεὸς
536 2569 738 2605 δοξασθήσεται,
766 2570 802 2595 Τὸ
828 2569 877 2603 μὲν
897 2566 943 2595 οὖν

1030 2113 1110 2149 557
1126 2112 1155 2140 ll.
1173 2113 1205 2139 Et
1218 2113 1325 2147 quidem
1342 2112 1367 2138 in
1384 2113 1434 2140 hac
1450 2113 1482 2140 de
1497 2112 1596 2147 Spiritu
1611 2120 1704 2142 sancto
1720 2116 1777 2143 dis-

995 2161 1148 2196 putatione,
1165 2158 1286 2186 nonnihil
1303 2158 1372 2185 inest
1390 2158 1552 2186 difﬁcultatis
1579 2164 1605 2188 et
1634 2161 1776 2195 molestus,

995 2214 1047 2233 non
1065 2206 1115 2234 ltoc
1126 2206 1210 2232 solum
1225 2205 1341 2238 nomine,
1354 2206 1424 2238 quod
1435 2205 1556 2233 homines
1566 2207 1591 2232 in
1606 2209 1777 2235 sermonibus

995 2253 1028 2279 tle
1040 2252 1107 2279 Filio
1122 2251 1200 2278 fraeti
1219 2259 1250 2278 ac
1278 2251 1422 2282 debilitati,
1449 2252 1598 2279 actioribus
1617 2254 1713 2280 animis
1731 2255 1779 2281 ad-

996 2305 1090 2325 versus
1119 2297 1249 2332 Spiritum
1267 2297 1403 2323 luctantur
1430 2296 1551 2330 (omnino
1571 2299 1641 2330 enim
1667 2306 1714 2326 eos
1727 2300 1778 2326 ali-

996 2344 1088 2378 quain
1105 2351 1134 2371 re
1158 2344 1255 2377 impios
1276 2351 1305 2370 se
1331 2343 1450 2377 praebere
1477 2351 1587 2370 necesse
1615 2349 1666 2378 est,
1681 2349 1726 2372 aut
1743 2353 1778 2372 ne

995 2390 1085 2418 vitalis
1100 2390 1219 2425 quidem,
1233 2394 1262 2416 ut
1280 2389 1330 2416 dici
1360 2390 1438 2424 solet,
1456 2391 1504 2425 ipsi
1529 2391 1582 2417 vita
1601 2390 1666 2425 est),
1685 2398 1778 2418 verum

995 2434 1076 2460 etiam
1092 2433 1155 2467 quia
1180 2440 1229 2459 nos
1254 2440 1370 2467 qttoque,
1398 2435 1576 2468 quaestionum
1607 2435 1778 2462 multitudine

995 2477 1097 2512 fatigati
1115 2483 1141 2505 et
1152 2479 1250 2511 enecti,
1265 2479 1368 2505 similes
1390 2487 1485 2507 sumus
1511 2481 1556 2513 iis,
1582 2480 1626 2514 qui
1654 2481 1776 2507 ciborum

997 2524 1105 2551 fastidio
1115 2525 1246 2551 laborant.
1258 2524 1564 2557 Quemadmodumcnint
1578 2526 1624 2557 illi,
1637 2530 1779 2560 po<tquatn

997 2570 1111 2604 alicujus
1127 2571 1178 2598 cibi
1194 2571 1330 2598 fastidium
1345 2576 1547 2602 contraxerunt,
1565 2579 1658 2598 omnes
1671 2580 1778 2607 quoque

159 2614 294 2649 ἐπιμελῶς
316 2614 452 2647 ἐξετάζειν
475 2615 521 2641 καὶ
539 2615 719 2651 διαιρεῖσθαι,
739 2613 864 2650 ποσαχῶς
883 2614 899 2649 ἢ
917 2615 941 2641 τὶ

999 2617 1073 2644 cibos
1087 2622 1258 2650 aversantur,
1275 2617 1369 2644 eodem
1389 2625 1495 2652 quoque
1509 2617 1588 2644 modo
1598 2625 1645 2644 nos
1657 2625 1688 2645 ex
1702 2619 1781 2645 unius

195 2665 215 2699 (⁷
231 2684 318 2712 Exod.
333 2693 390 2717 ιιι,
412 2686 453 2714 1:2.

195 2768 208 2781 α
223 2762 296 2789 Alias
310 2770 420 2794 xxxv";
445 2771 505 2797 qum
526 2768 613 2791 autem
628 2763 660 2790 31
677 2768 750 2794 erat,
769 2770 839 2790 nunc
853 2762 897 2791 57.
914 2777 945 2783 —-

161 2796 253 2824 Habita
269 2805 339 2824 anno
358 2797 419 2824 580.

195 2833 231 2866 (7)
250 2831 397 2865 Τοιοῦτος.
412 2832 459 2859 Or.
479 2833 502 2863 l,
515 2833 650 2866 τοσοῦτος.

196 2867 233 2903 (8)
249 2867 419 2901 Διὰμέσου.
436 2867 536 2895 Alludit
548 2869 579 2896 ad
588 2869 646 2898 haec
660 2868 748 2903 Lucae,
760 2876 798 2903 tv,
812 2869 857 2903 '50,
870 2878 879 2895 ‹
891 2867 944 2896 Per

161 2903 282 2931 medium
294 2903 400 2931 illorum
413 2902 480 2931 ibat.
494 2912 503 2928 ι

1037 2761 1074 2796 (9)
1089 2761 1339 2795 Προσϐαίνοντας.
1371 2761 1479 2796 Vulgata
1500 2769 1604 2794 vcrsro,
1628 2771 1637 2788 ι
1653 2762 1782 2790 acceden-

1000 2802 1099 2872 testlllt
1111 2830 1378 2863 Ἀποκναισθέντες.
1399 2831 1523 2864 Budaeus,
1541 2841 1550 2858 (
1567 2833 1665 2866 enecti,
1682 2832 1782 2865 vexati,

998 2871 1111 2904 gravati.
1130 2875 1139 2892 ι

1034 2902 1089 2938 (ll)
1108 2901 1228 2928 Ταυτόν.
1247 2901 1304 2930 Duo
1316 2902 1411 2937 chg.,
1425 2902 1534 2930 τάὺτό.
