2049 3131
138 144 189 172 l5“!

651 143 781 173 ORATIO
798 144 896 172 XXXI.
918 161 952 166 —
972 145 1195 174 TllEOLOGlCA
1216 147 1248 174 V.

1710 146 1761 174 I58

138 201 218 238 μεθα.
241 202 272 228 El
284 201 311 228 δὲ
327 202 372 228 καὶ
391 201 611 238 φοϐηθησόμεθα,
626 203 818 240 ἡσυχάζοντες,
832 204 861 230 οὐ
879 213 925 239 κη-

980 205 1095 233 diamur.
1113 205 1241 239 Spiritum
1264 204 1416 238 elferemus,
1433 212 1485 232 non
1511 210 1670 233 metuemus.
1685 205 1761 239 Quod

137 247 294 284 ρύσσοντες.

172 337 209 365 Δ¹.
224 337 256 364 Εἰ
272 335 307 373 ἦν
331 339 376 365 ὅτε
394 339 444 365 οὐκ
466 336 500 374 ἦν
516 340 530 365 ὁ
550 339 653 376 Πατὴρ,
672 337 706 375 ἦν
728 341 771 367 ὅτε
791 340 840 367 οὐκ
858 339 892 376 ἦν
910 341 924 366 ὁ

137 383 212 414 Υἱός.
227 383 259 410 Εἰ
271 381 304 419 ἦν
320 384 364 411 ὅτε
379 385 429 411 οὐκ
439 383 473 420 ἦν
485 386 498 411 ὁ
511 385 585 417 Υἱὸς,
601 383 634 420 ἦν
646 386 689 412 ὅτε
700 385 801 412 οὐδὲτὸ
812 386 924 422 Πνεῦμα

135 428 168 455 τὸ
184 429 260 464 ἅγιον
278 430 345 464 (21).
362 431 393 457 El
413 430 443 456 τὸ
462 430 490 457 ἓν
508 429 543 466 ἧν
562 431 610 458 ἀπ’
629 431 797 467 ἀρχῆςμκω.
813 432 846 459 τὰ
861 432 924 468 τρία

135 473 171 510 ἧν
184 475 252 511 (2‘2).
266 476 297 502 Εῑ
319 476 350 503 τὸ
369 476 396 503 ἓν
421 476 496 504 κάτω
519 477 634 512 βάλλεις,
653 477 755 513 τολμῶ,
776 479 823 505 καὶ
841 479 923 514 λέγω,

138 521 206 556 μηδὲ
223 521 257 548 τὰ
267 521 314 548 δύο
329 522 378 557 Θῇς
391 522 447 549 ἄνω
463 522 530 558 (25).
547 523 594 555 Τίς
609 523 663 559 γὰρ
676 523 786 556 ἀτελοῦς
799 524 924 560 θεότητος

135 567 249 602 among;
274 568 383 594 Μᾶλλον
402 568 430 594 δὲ
451 568 493 600 τίς
515 568 622 605 θεότης,
646 571 670 596 et
691 570 728 605 μὴ
741 570 831 597 τελεία
847 571 923 606 (ﬁt);

136 613 234 640 Τελεία
247 613 274 640 δὲ
289 614 357 646 πῶς,
413 614 499 642 λείπει
521 624 548 642 τι
567 615 635 652 πρὸς
655 616 811 648 τελείωσιν;
829 617 924 644 Λείπει

134 659 166 686 δέ
182 669 250 692 πως,
271 660 308 696 μὴ
332 662 431 698 ἐχούσῃ
449 662 479 688 τὸ
503 662 590 696 ἅγιον.
609 663 686 697 Ἔχοι
704 662 728 689 δ’
744 663 777 690 ἂν
798 663 868 695 πῶς,
887 664 924 700 μὴ

134 705 214 732 τοῦτο
229 705 344 741 ἐχουσα;
361 707 393 733 Εἰ
412 707 467 743 γὰρ
490 707 545 743 (ἓῦ)
565 708 631 743 ἄλλη
658 717 701 740 τις
720 708 795 744 παρὰ
812 709 890 736 τοῦτο
907 711 923 746 ὴ

136 751 260 787 ἁγιάτης,
275 752 322 779 καὶ
332 753 392 788 ἥτις
407 753 475 789 αὕτη
493 755 604 786 νοεῖται,
625 754 727 789 λεγέτω
741 764 782 787 τις
794 764 801 771 ⁶
815 755 832 792 ἤ
845 756 924 792 εἴπερ

134 797 152 831 ἠ
167 796 247 832 αὐτὴ,
263 797 321 829 πῶς
336 798 386 824 οὐκ
401 799 448 824 ἀπ’
462 799 548 834 ἀρχῆς
561 808 568 832 ;
586 798 682 834 ὥσπερ
696 798 750 835 (26)
767 798 882 835 ἄμεινον’
894 800 924 827 ὃν

134 841 175 877 τῷ
189 842 258 878 Θεῷ,
273 840 341 870 εἶναί
356 852 420 870 ποτε
437 844 535 876 ἀτελεῖ,
553 844 599 870 καὶ
612 844 673 880 δίχα
688 844 734 871 τοῦ
753 845 920 881 Πνεύματος.

975 251 998 278 si
1020 251 1102 278 etiam
1125 256 1288 284 metuemus,
1311 252 1337 278 id
1359 252 1394 278 ila
1407 251 1469 284 erit,
1487 255 1517 278 ut
1536 251 1687 286 quiescere,
1708 259 1771 281 non,

975 296 1132 331 praedicare,
1147 301 1309 324 metuamus.

1009 341 1053 369 IV.
1069 342 1097 370 Si
1129 341 1179 369 fuit
1206 347 1311 378 tempus
1341 350 1402 370 cum
1432 349 1485 370 non
1512 346 1584 370 esset
1598 341 1689 375 Pater,
1712 341 1762 370 fuit

974 396 1080 423 quoque
1105 395 1167 416 cum
1198 396 1251 415 non
1280 393 1353 415 esset
1385 388 1480 415 Filius.
1508 388 1537 415 Si
1573 388 1625 416 fuit
1657 393 1762 424 tempus

975 441 1035 461 cum
1067 442 1121 461 non
1155 439 1228 462 esset
1257 433 1365 467 Filius,
1410 434 1461 461 fuit
1500 441 1606 469 quoque
1643 441 1704 462 cum
1728 441 1763 461 ne

976 479 1093 515 Spiritus
1106 480 1214 515 quidem
1240 484 1321 507 esset.
1351 479 1380 507 Si
1394 488 1475 506 unutn
1498 487 1514 507 a
1541 480 1673 515 principio
1692 483 1760 512 erat,

975 525 1069 560 utique
1082 530 1110 553 et
1127 525 1188 552 tria.
1205 524 1232 552 Si
1258 533 1340 552 unum
1361 525 1465 560 dejicis,
1490 525 1578 552 audax
1594 526 1647 553 hoc
1662 525 1760 556 dicam,

975 578 1009 598 ne
1021 572 1072 598 duo
1089 571 1198 606 quidem
1212 571 1351 606 superiore
1380 570 1440 598 loco
1459 570 1583 598 colloces.
1609 570 1674 604 Qua:
1688 570 1761 597 enim

976 615 1141 650 imperfectae
1158 616 1268 643 deitatis
1281 615 1401 643 utilitas?
1415 616 1471 643 lmo
1485 623 1544 650 qua:
1557 615 1654 648 deitas,
1672 615 1694 642 si
1715 615 1762 642 im-

974 661 1246 696 perfecta?Perl‘ecta
1265 667 1355 688 autent
1369 661 1502 696 quomodo
1530 661 1593 695 erit,
1615 661 1641 688 in
1661 668 1714 696 qua
1728 661 1761 689 ad

973 700 1167 742 perfectionem
1179 706 1281 741 aliquid
1297 706 1482 734 desideretur?
1494 707 1668 734 Desideratur
1677 706 1760 739 enim,

974 753 996 780 si
1005 753 1147 781 sanctitate
1153 752 1331 780 careat.llanc
1338 760 1419 788 porro
1428 752 1563 788 quomodo
1572 752 1671 779 habere
1678 756 1761 787 queat

974 798 1002 826 ni
1017 798 1148 833 Spiritum
1167 798 1286 826 habeat?
1300 797 1330 826 Si
1355 799 1426 826 enim
1455 799 1507 826 alia
1524 798 1646 833 quaedam
1665 803 1774 833 praeter

976 844 1049 872 illum
1064 843 1196 872 sanctitas
1224 849 1278 877 est,
1294 852 1353 880 qua:
1381 844 1488 872 tandem
1519 844 1563 871 illa
1588 843 1761 879 intelligenda

134 888 168 915 El
185 888 222 924 μὴ
235 889 282 915 ἀπ’
296 890 384 925 ἀρχῆς
398 887 442 925 ἦν.
458 891 516 925 μετ’
531 890 598 925 ἐμοῦ
620 877 759 923 τέτακται,
771 877 860 918 καὶ-ει
877 877 922 927 μι-

976 891 1011 919 sit
1028 891 1099 919 dicat
1111 891 1261 926 quispiam:
1278 895 1338 924 aut,
1350 891 1372 918 si
1388 891 1497 926 quidem
1520 891 1613 918 eadem
1639 877 1696 919 hate
1709 894 1761 922 est,

134 933 202 969 κρὸν
215 934 268 970 πρὸ
280 934 362 970 ἐμοῦ·
376 936 464 971 χρόνῳ
476 936 530 971 γὰρ
542 936 596 963 ἀπὸ
606 936 673 963 Θεοῦ
687 935 743 973 (27)
754 937 921 972 τεμνόμεθα.

976 936 1038 971 quid
1072 935 1161 964 an‘erri
1187 941 1288 972 potest,
1313 937 1489 972 quamobrem
1522 944 1574 964 non
1595 936 1649 971 jam
1673 935 1760 963 indea

134 979 168 1005 El.
180 979 311 1006 τέτακται
327 981 386 1016 μετ’
404 980 482 1016 ἐμοῦ,
497 981 556 1013 πῶς
576 981 625 1016 ἐμὲ
650 982 721 1008 ποιεῖ
733 980 813 1015 θεόν;
831 982 847 1017 ἥ
864 981 924 1014 πῶς

976 982 1106 1017 principio
1115 981 1208 1010 fuerit?
1216 981 1298 1015 Quasi
1306 989 1369 1009 vero
1378 982 1532 1017 praestiterit
1543 981 1608 1014 Deo,
1618 982 1762 1017 aliquando

134 1025 267 1052 συνάπει
284 1025 390 1062 θεότητι
399 1034 406 1059 ;

976 1027 1163 1063 imperfectum
1177 1028 1325 1062 exstitisse,
1341 1035 1372 1055 ac
1398 1023 1515 1062 Spiritus
1542 1032 1689 1062 expertem.
1701 1027 1730 1055 Si
1746 1035 1761 1054 a

135 1074 269 1108 principio
284 1082 336 1101 non
363 1079 432 1107 erat,
461 1082 528 1102 meae
554 1075 650 1102 classis
670 1079 751 1109 atque
764 1074 867 1102 ordinis
886 1079 939 1108 est,
957 1075 1063 1103 etiamsi
1079 1083 1122 1104 me
1138 1075 1259 1103 nonnihil
1278 1075 1427 1103 antecedat.
1443 1075 1583 1110 Temporis
1595 1075 1665 1103 enim
1681 1075 1763 1103 inter-

135 1119 213 1147 stitio
239 1129 254 1147 a
274 1121 329 1148 Deo
353 1121 517 1148 dirimimur.
551 1120 634 1149 Porro
664 1121 685 1148 si
707 1121 826 1157 ejusdem
861 1129 965 1149 mecum
987 1122 1082 1150 classis
1100 1127 1152 1156 est,
1168 1130 1222 1158 quo
1232 1127 1311 1158 pacto
1334 1129 1377 1150 me
1410 1122 1489 1149 deum
1519 1121 1619 1150 edicit?
1642 1126 1688 1149 aut
1709 1129 1762 1157 quo

135 1171 214 1200 pacto
231 1174 292 1193 cum
306 1167 406 1194 deitatc
424 1167 581 1202 conjungit?

170 1213 209 1241 E'.
227 1213 335 1242 Μᾶλλον
348 1214 376 1241 δὲ
396 1214 569 1250 φιλοσοφήσω
585 1223 626 1241 σοι
645 1215 710 1250 περὶ
723 1214 806 1242 αὑτοῦ
825 1214 922 1250 μικρὸν

135 1260 253 1288 ἄνωθεν·
271 1261 335 1296 περὶ
348 1261 462 1297 Τριάδος
487 1261 541 1297 γὰρ
559 1262 606 1288 καὶ
635 1261 766 1297 πρότερον
783 1261 923 1297 διειλήφα-

135 1315 197 1342 μεν.
230 1307 267 1333 Τδ
285 1306 397 1342 Πνεῦμα
423 1308 453 1333 τὸ
478 1307 555 1341 ἅγιον
585 1307 756 1334 Σαδδουκαῖοι
781 1307 831 1342 μὲν
863 1307 923 1334 οὐδὲ

135 1351 204 1379 εἶναι
228 1352 259 1378 τὺ
281 1353 410 1388 παράπαν
437 1353 581 1388 ἐνόμισαν
608 1352 668 1379 οὐδὲ
697 1352 751 1388 γὰρ
778 1352 922 1387 ἀγγέλους,

135 1398 195 1425 οὐδὲ
211 1398 358 1425 ἀνάστασιν
372 1407 378 1413 '
405 1399 453 1425 οὐκ
480 1397 527 1425 οἷδ’
544 1398 604 1425 ὅθεν
633 1398 681 1428 τὰς
704 1398 839 1430 τοσαύτας
861 1399 924 1434 περὶ

136 1444 219 1472 αὐτοῦ
241 1444 393 1480 μαρτυρίας
409 1445 438 1471 ἐν
465 1446 497 1480 τῇ
517 1444 623 1480 Παλαιᾷ
643 1444 848 1476 διαπτύσαντες.
869 1445 927 1471 Ἑλ-

135 1492 225 1527 λήνων
248 1492 276 1518 δὲ
297 1492 321 1518 οἱ
339 1491 569 1527 θεολογικώτεροι,
587 1491 634 1518 καὶ
649 1491 747 1525 μᾶλλον
763 1493 829 1527 ἡμῖν
841 1499 926 1526 προσ-

136 1537 296 1571 εγγίσαντες
309 1557 315 1569 ,
334 1537 541 1572 ἐφαντάσθησαν
557 1537 617 1572 μὲν,
630 1537 668 1568 ὡς
686 1538 747 1572 ἐμοὶ
758 1538 848 1564 δοκεῖ’
861 1538 926 1573 περὶ

1013 1215 1046 1242 V.
1065 1215 1118 1244 Sed
1153 1223 1242 1251 opera:
1265 1216 1381 1251 pretium
1403 1215 1537 1243 facturum
1571 1223 1614 1243 me
1636 1220 1711 1251 puto,
1737 1215 1762 1244 si

979 1260 1012 1288 de
1022 1268 1058 1288 eo
1069 1261 1150 1289 altius
1164 1262 1302 1297 aliquanto
1331 1257 1538 1297 disputationem
1549 1266 1680 1296 repetam.
1693 1261 1761 1289 Nam

976 1307 1010 1335 de
1020 1307 1153 1334 Trinitale
1168 1307 1242 1342 prius
1252 1307 1308 1341 jam
1320 1315 1334 1334 a
1349 1307 1427 1335 nobis
1438 1311 1479 1335 est
1490 1311 1691 1342 pertractatum.
1702 1306 1762 1342 Spi-

976 1353 1058 1380 ritum
1073 1358 1196 1381 sanctum
1209 1353 1348 1381 Sadducaei
1365 1353 1473 1388 penitus
1498 1361 1552 1380 non
1567 1361 1627 1381 esse
1646 1360 1760 1381 censue—

978 1403 1055 1432 runt;
1070 1399 1294 1434 quemadmodum
1322 1406 1371 1426 nec
1386 1398 1506 1433 angelos,
1523 1405 1573 1426 nec
1587 1399 1762 1426 resurrectio-

976 1452 1054 1471 nem:
1073 1445 1170 1479 quibus
1197 1444 1267 1471 haud
1296 1445 1352 1472 scio
1377 1444 1441 1479 quid
1473 1444 1612 1477 acciderit,
1634 1448 1715 1471 uttot
1730 1451 1762 1471 ae

976 1495 1050 1518 tanta
1072 1492 1105 1519 de
1119 1498 1152 1519 eo
1167 1492 1193 1518 in
1220 1491 1403 1518 lnstrumenlo
1426 1490 1517 1518 Veteri
1535 1490 1688 1518 testimonia
1713 1498 1761 1525 pro

976 1537 1060 1564 nihilo
1074 1536 1216 1564 haberent.
1233 1527 1283 1570 Qui
1297 1543 1387 1564 autem
1400 1537 1470 1571 apud
1486 1536 1606 1564 ethnicus
1622 1536 1762 1572 theologia:

135 1583 166 1610 δὲ
193 1583 243 1618 τὴν
266 1583 361 1618 κλῆσιν
387 1582 578 1619 διηνέχθησαν,
599 1582 662 1610 νοῦν
683 1583 730 1610 τοῦ
749 1584 859 1616 παντὸς,
878 1584 924 1611 καὶ

976 1582 1056 1610 laude
1069 1583 1154 1618 magis
1166 1583 1362 1616 excelluerunt,
1383 1582 1465 1617 559
1488 1582 1649 1617 propiusque
1666 1582 1698 1609 ad
1712 1589 1762 1609 nos

136 1629 182 1657 τδν
199 1629 314 1665 Θύραθεν
331 1629 401 1661 νοῦν,
412 1630 458 1656 καὶ
471 1629 503 1656 τὰ
518 1629 630 1656 τοιαῦτα
644 1630 922 1666 προσαγορεύσαντες.

136 1674 198 1701 Τῶν
221 1675 250 1702 δὲ
270 1675 330 1701 καθ’
351 1676 424 1711 ἡμᾶς
448 1675 538 1710 σοερῶν
558 1675 632 1711 (28),
656 1676 679 1701 οἱ
710 1675 759 1710 μὲν
785 1676 924 1710 ἐνέργειαν

137 1720 215 1747 τοῦτο
231 1720 374 1752 ὑπέλαϐον,
390 1721 415 1746 οἱ
431 1720 458 1746 δὲ
478 1720 591 1755 κτίσμα,
614 1721 638 1746 οἱ
653 1720 681 1746 δὲ
698 1719 774 1751 Θεὸν,
794 1720 817 1745 οἱ
831 1719 859 1746 δὲ
875 1720 924 1746 οὐκ

137 1765 260 1800 ιγνωσαν
283 1765 411 1801 ὁπότερον
433 1766 546 1797 τούτων,
570 1765 639 1791 αἰδοῖ
656 1765 707 1799 τῆς
724 1765 835 1800 Γραφῆς
855 1764 922 1799 (29),

137 1811 176 1843 ὣς
189 1819 280 1845 φασιν,
298 1810 335 1842 ὡς
354 1811 430 1837 οὐδὲν
446 1811 538 1846 ἕτερον
557 1810 612 1845 (50)
637 1809 729 1844 σαφῶς
753 1809 922 1845 δηλωσάσης.

137 1857 194 1884 Καὶ
208 1857 251 1883 διὰ
266 1857 354 1889 τοῦτο,
368 1856 429 1883 οὔτε
452 1857 585 1889 σέϐουσιν,
604 1855 665 1882 οὔτε
682 1854 856 1890 ἀτιμάζουσι,
878 1855 925 1890 μέ-

139 1912 194 1935 σως
209 1912 266 1935 πως
280 1903 345 1938 περὶ
355 1902 436 1929 αὑτοῦ
453 1902 628 1937 διακείμενοι,
646 1901 745 1936 μᾶλλον
758 1901 786 1927 δὲ
801 1901 847 1927 καὶ
864 1900 924 1927 λίαν

139 1948 249 1980 ἀολίως.
268 1950 323 1975 Καὶ
352 1949 406 1975 τῶν
428 1948 493 1974 Θεὸν
518 1947 720 1982 ὑπειληφὸτων,
744 1947 768 1973 οἱ
796 1946 845 1981 μὲν
861 1946 924 1981 ἄχρι

138 1995 257 2026 διανοίας
277 1995 346 2021 εἰσὶν
362 1994 493 2027 εὐσεὸεῖς,
507 1995 532 2020 οἱ
547 1994 575 2020 δὲ
588 1992 727 2030 τολμῶσιν
743 1992 863 2018 εὐσεϐεῖν
878 1991 925 2017 καὶ

138 2041 196 2071 τοῖς
210 2040 335 2075 χείλεσιν.
352 2039 454 2066 Ἀλλων
468 2039 496 2065 δὲ
510 2039 616 2074 ἠκουσα
628 2037 797 2073 μετρούντων
811 2036 925 2071 ϐεὸτητα

139 2085 300 2120 σοφωτέρων
314 2084 381 2120 (51),
399 2085 423 2111 οἳ
440 2084 503 2120 τρία
518 2084 567 2119 μὲν
580 2081 650 2110 εἶναι
663 2082 725 2110 καθ’
743 2083 816 2118 ἡμᾶς
831 2082 926 2116 ὁμολο-

138 2130 218 2165 γοῦσι
233 2130 268 2157 τὰ
286 2130 426 2166 νοούμενα,
443 2130 567 2157 τοσοῦτον
588 2129 616 2155 δὲ
635 2128 756 2164 ἀλλήλων
771 2127 925 2162 διέστησαν,

139 2177 178 2209 ὡς
192 2177 223 2203 τὺ
238 2177 297 2213 μὲν,
315 2177 363 2204 καὶ
383 2176 461 2212 οὐσίᾳ
483 2177 528 2203 καὶ
548 2175 662 2210 δυνάμει
683 2175 768 2200 ποιεῖν
783 2173 906 2209 ἀόριστον
917 2180 924 2187 ⁸

138 2223 169 2250 τδ
182 2223 221 2255 δὲ,
234 2223 347 2259 δυνάμει
368 2223 426 2258 μὲν,
441 2223 490 2249 οὐκ
510 2222 588 2257 οὐσίᾳ
603 2221 632 2247 δέ
643 2230 650 2236 ·
665 2221 695 2247 τὺ
714 2220 742 2246 δὲ
762 2219 926 2255 ἀμφοτέροις
941 2242 965 2271 D

139 2270 341 2306 περιγραπτόν·
362 2270 440 2297 ἄλλον
465 2269 563 2304 τρόπον
592 2267 765 2303 μιμούμενοι,
788 2266 851 2297 τοὺς
876 2265 924 2300 δη-

142 2317 279 2353 μιουργὺν,
293 2316 341 2343 καὶ
353 2315 492 2351 συνεργὸν,
507 2315 552 2341 καὶ
565 2313 718 2348 λειτουργὸν
731 2312 922 2347 ὀνομάζοντας,

141 2363 188 2389 καὶ
199 2362 247 2398 τὴν
269 2363 297 2389 ὲν
312 2363 368 2394 τοῖς
385 2362 497 2396 ὀνόμασι
512 2360 588 2392 τάξιν
608 2360 655 2386 καὶ
677 2359 765 2395 χάριν,
785 2358 840 2384 τῶν
854 2366 924 2393 πρα-

140 2409 252 2444 γμάτων
268 2408 322 2442 (52)
337 2407 495 2434 ἀκολουθίαν
510 2404 579 2432 εἶναι
598 2404 758 2440 νομίζοντας
775 2403 840 2438 (55).

186 2476 231 2511 21)
244 2475 280 2511 Τὸ
296 2475 388 2510 ἄτιον.
401 2474 480 2511 Deest
493 2474 519 2511 in
535 2473 638 2511 duoblts
651 2472 772 2511 Regg._et
783 2469 828 2497 0r.

186 2477 231 2511 21)
244 2477 280 2503 Τὸ
296 2477 388 2510 ἅγιον.
401 2477 480 2502 Deest
493 2477 519 2500 in
535 2477 638 2501 duobus
652 2477 772 2511 ltegg._et
783 2477 828 2497 ur.
844 2477 869 2495 ι.

140 2477 234 2574 acini}:
246 2509 412 2573 ἐξέᾇειῗεθει
429 2510 456 2536 in
485 2509 587 2536 duobus
602 2507 685 2542 Regg.
700 2513 818 2540 qumque
846 2504 923 2531 Colb.

246 2552 466 2617 SA££f.Par.__ed.
476 2576 675 2617 εὐδίη-λέγειν,
683 2575 754 2611 quod
765 2573 926 2601 auctoritate

141 2613 260 2644 melioris
275 2620 345 2642 noue
364 2614 488 2641 codicum
501 2613 644 2640 erasimus.

176 2651 232 2686 (θλ)
253 2651 301 2682 Τίς
325 2648 482 2686 θεότηςηεὶ
502 2647 544 2686 μῂ
563 2645 786 2686 τεᾈεζαςιοοίει,
802 2645 820 2686 Ι,
833 2643 923 2686 habet,

139 2677 185 2718 τίξ
192 2677 317 2718 eset-n10;
330 2677 484 2720 ἠμιτέλᾷίτκ
497 2677 510 2708 ἱ
522 2677 585 2720 Qum
599 2680 706 2720 deitatis
723 2677 918 2720 iuniperrectio?r

175 2693 317 2718 ῖυεοτητος
351 2693 484 2720 pnsum;
497 2693 506 2708 ι
522 2693 585 2715 ulla:
599 2693 706 2708 uettutts
723 2693 918 2713 tit-ptumam;-

175 2721 232 2755 (25)
253 2721 289 2747 El
310 2693 377 2754 72p.
407 2719 501 2755 Plures
528 2717 613 2755 ιιι-ες.
646 2716 764 2755 quinque
895 2717 924 2739 et

140 2755 234 2783 Cotttb.
246 2755 263 2790 ἢ
276 2755 341 2790 γάρ.
352 2755 501 2790 «Αιιινθιιίιῐι
513 2755 622 2790 estaltzt
631 2755 750 2790 quaedam
762 2755 836 2790 sane!

176 2791 233 2825 (26)
245 2784 372 2823 ’Ὧοτὶεμ
391 2787 531 2825 _Sic_codd.
543 2787 671 2825 Mettdose
686 2785 711 2824 in
721 2784 795 2825 “edi,
824 2784 919 2817 ὅσπερ.

175 2818 230 2859 (τιτῆ
248 2824 320 2851 Ἀπὸ
333 2818 416 2851 eaea.
425 2823 490 2859 Duo
497 2822 580 2859 _Colb.
594 2821 647 2859 ὰτξὺ
659 2819 705 2846 τοῦ
717 2818 798 2859 θεοῦ.

178 2853 230 2895 =28)
248 2859 309 2887 Τῶν
319 2859 353 2885 δὲ
367 2858 431 2885 καθ’
449 2856 527 2891 ἡμᾶς
550 2855 664 2890 σοφῶν.
687 2865 696 2881 ι
717 2853 857 2882 Nostrates
875 2859 920 2880 sa-

298 2907 434 2938 ΡΑτιιοι..
451 2906 510 2936 Gtt.
530 2904 676 2937 XXXVI.

976 1633 1160 1660 accesserunt,
1191 1636 1238 1663 per
1255 1628 1397 1664 imaginem
1414 1630 1557 1663 quamdam
1587 1629 1684 1663 ipsum,
1702 1635 1762 1656 meo

976 1675 1085 1710 quidem
1109 1675 1220 1709 judicio,
1250 1678 1447 1709 conceperunt,
1472 1673 1578 1701 tametsi
1606 1673 1632 1701 in
1654 1674 1763 1701 nomine

976 1719 1172 1752 dissenserint,
1197 1718 1387 1746 Universitatis
1412 1726 1508 1753 nempe
1531 1723 1657 1751 mentem,
1672 1722 1700 1745 et
1714 1725 1762 1745 ex-

977 1766 1121 1792 trinsecam
1134 1770 1262 1797 mentem,
1274 1765 1387 1800 aliisque
1403 1765 1428 1792 id
1439 1772 1523 1800 genus
1536 1764 1690 1792 nominibus
1699 1772 1760 1792 eum

976 1811 1154 1846 appellantes.
1181 1810 1321 1838 Nostrates
1348 1817 1412 1838 vero
1436 1810 1579 1844 sapientes,
1594 1810 1692 1845 partim
1707 1811 1762 1836 vim

976 1856 1121 1890 quamdam
1136 1862 1163 1883 et
1179 1856 1334 1883 facultatem
1349 1856 1435 1890 ipsutn
1447 1855 1647 1888 existimarunt,
1663 1855 1762 1890 partim

976 1907 1151 1935 creaturam,
1179 1903 1277 1938 partim
1322 1903 1405 1930 Deum
1435 1928 1438 1931 ,
1475 1902 1574 1937 partim
1593 1922 1601 1935 ,
1625 1907 1687 1930 utro
1713 1909 1762 1937 po-

977 1948 1030 1975 tius
1057 1948 1166 1975 nomine
1201 1948 1336 1976 vocaudus
1370 1953 1443 1975 esset
1463 1967 1471 1980 ,
1513 1948 1622 1975 minitne
1657 1952 1762 1975 certum

977 2000 1003 2022 et
1028 1994 1197 2030 exploratum
1220 1994 1383 2027 habuerunt,
1412 2002 1461 2026 ea,
1482 1999 1512 2021 ut
1537 1994 1633 2027 aiunt,
1657 1993 1762 2021 ratione

977 2040 1074 2074 ducti,
1114 2039 1184 2074 quod
1217 2039 1356 2074 Scriptura
1394 2045 1518 2067 neutrutn
1551 2040 1647 2066 horum
1682 2038 1762 2073 plane

977 2090 1122 2120 aperteque
1153 2086 1374 2113 demonstrasset.
1407 2086 1446 2112 Ac
1470 2085 1583 2120 proinde
1597 2091 1647 2112 nec
1673 2084 1760 2119 ipsum

977 2135 1151 2162 venerantur.
1181 2138 1231 2157 nec
1264 2135 1452 2163 contemnunt,
1476 2131 1524 2158 sed
1542 2130 1630 2158 medio
1643 2129 1760 2165 quodam

978 2175 1066 2206 modo,
1092 2174 1134 2201 vel
1148 2174 1240 2209 potius
1255 2175 1351 2202 misere
1364 2175 1521 2209 perditeque
1544 2182 1610 2210 erga
1623 2181 1685 2202 eum
1704 2173 1762 2202 alli-

978 2221 1094 2248 cittntur.
1106 2220 1144 2247 Ex
1159 2220 1202 2247 his
1215 2227 1295 2255 porro
1308 2220 1355 2255 qui
1375 2216 1458 2247 Deum
1475 2220 1562 2254 ipsum
1583 2219 1761 2252 credunt,a|ii

978 2266 1068 2293 animo
1078 2270 1156 2293 tenus
1169 2266 1204 2301 pii
1229 2270 1309 2300 atque
1334 2266 1475 2294 orthodoxi
1505 2270 1585 2299 sunt;
1613 2265 1658 2292 alil
1683 2265 1763 2292 labiis

978 2319 1085 2346 quoque
1098 2311 1164 2346 ipsis
1178 2312 1304 2346 pietatem
1317 2311 1437 2347 proliteri
1462 2320 1514 2339 non
1531 2315 1669 2338 verentur.
1686 2309 1762 2338 Alios

977 2358 1058 2385 etiam
1075 2358 1205 2392 quosdatn
1223 2357 1403 2392 sapientiores
1419 2358 1519 2390 audivi,
1532 2357 1578 2392 qui
1592 2356 1761 2384 divinitatem

978 2403 1136 2436 metiuntur,
1151 2409 1182 2430 ac
1199 2402 1249 2429 tria
1263 2402 1382 2436 quidem,
1401 2401 1511 2436 perinde
1525 2408 1558 2428 ac
1572 2407 1632 2431 nos,
1648 2398 1761 2432 intelligi

978 2467 1092 2501 pientes.
1109 2476 1118 2492 ι
1142 2466 1201 2493 Bill.
1225 2474 1235 2491 ι
1258 2470 1357 2492 nostrze
1385 2465 1482 2492 :etatis.
1504 2474 1514 2491 ι
1534 2463 1688 2501 ‘Gregoritts
1717 2461 1762 2488 hic

977 2498 1094 2528 ethnicis
1105 2502 1218 2536 opponit
1232 2501 1377 2534 sapientes.
1395 2501 1451 2536 qui,
1468 2498 1762 2536 etsiChristiaﬂatnre-

976 2537 1101 2570 ligiouetn
1117 2531 1301 2570 proﬁteantur,
1311 2531 1447 2562 erroribus
1463 2534 1630 2570 tatnettcirca
1644 2531 1762 2570 Trinita-

977 2568 1030 2598 te—m
1043 2568 1213 2602 imbuuntur;
1231 2578 1281 2596 nou
1296 2575 1384 2596 autem
1397 2570 1492 2603 prisca:
1515 2568 1601 2595 aetatis
1612 2568 1759 2603 sapientes.

1024 2605 1163 2640 29)A160Z
1177 2605 1232 2638 τῆς
1243 2603 1375 2640 Γραφῇς.
1387 2601 1451 2631 {Ob
1465 2603 1493 2630 S.
1513 2604 1542 2640 S.
1555 2601 1759 2640 reverentiaer

973 2675 987 2701 ἒ
1013 2635 1069 2675 (50)
1085 2640 1182 2667 Οὐδὲν
1192 2635 1313 2674 ἐξερῶ-,⁷
1325 2635 1390 2674 lies.
1407 2641 1424 2666 b
1435 2644 1462 2666 et
1476 2639 1596 2673 quinque
1613 2637 1691 2665 Colb.
1706 2635 1762 2662 οὐδ’

990 2684 1077 2701 τεοον.

990 2684 1077 2703 τερον.

1009 2707 1065 2750 (51.)
1082 2709 1269 2744 Σοφωτέρων.
1284 2709 1312 2736 1η
1327 2707 1472 2740 nonnullis,
1495 2707 1659 2743 σοφώτερον,
1687 2714 1697 2732 ι
1719 2711 1758 2732 sar

276 2745 501 2790 ii'prtAuAtrenitn‘
513 2745 622 2790 estalizr
631 2745 750 2790 quaedam
762 2749 919 2790 sanctitas.»
972 2745 1124 2790 ρὶοριὲμεῶζ

1009 2780 1065 2814 (ὄῖ)
1084 2779 1146 2805 Τῶν
1158 2779 1346 2814 πραγμάτων.
1366 2788 1375 2804 ‹
1392 2778 1444 2805 Per
1460 2785 1502 2805 res
1519 2788 1529 2804 ι
1547 2777 1680 2813 signiﬁcat
1694 2775 1760 2804 Gre-

974 2815 1066 2851 gorius
1081 2819 1235 2851 {inatttraru
1241 2823 1264 2840 nt
1275 2815 1430 2851 discrimen.
1444 2822 1456 2851 ι

1008 2849 1064 2885 (55)
1076 2848 1264 2884 Νομίζοντας.
1275 2848 1370 2878 Camb.
1387 2847 1552 2884 νομίζοντες.

1584 2893 1604 2924 15
