2049 3131
315 157 366 186 159
933 155 961 183 S.
982 155 1091 184 GREGC

1142 157 1146 184 l
1167 156 1338 184 TIIEOLOGI
1891 158 1946 186 ΗΟ

313 218 484 248 conﬁtentur,
498 216 545 244 sed
560 223 591 243 ea
607 216 644 243 ita
661 215 730 242 inter
739 222 769 243 se
785 215 952 250 disjungunt,
971 220 1001 242 ut
1015 223 1096 242 unum
1117 224 1210 243 eorum
1226 220 1253 243 et
1282 215 1399 243 essentia
1425 218 1452 242 et
1485 218 1627 249 potestate.
1650 215 1783 243 inﬁnitum
1810 219 1946 248 statuant,

312 265 425 291 alterum
442 267 590 298 potestate,
620 271 672 290 non
687 263 750 289 item
775 262 905 294 essentia,
931 267 1097 296 postremum
1119 267 1232 297 utroque
1246 261 1492 296 circumscriptum.
1509 261 1555 289 Sic
1576 262 1628 288 alio
1643 262 1759 296 quodam
1789 263 1869 289 modo
1897 271 1946 289 eos

312 302 462 342 imitantur,
474 311 520 345 qui
533 310 669 345 opificem,
700 315 726 336 et
743 310 942 344 cooperarium,
986 315 1013 337 et
1047 310 1367 342 ministrumnominant,
1397 314 1478 344 atque
1507 309 1630 336 ordinem
1653 313 1681 336 et
1715 309 1842 344 gratiam,
1880 316 1944 343 Quae

311 357 464 384 nominibus
479 357 558 388 inest,
587 364 676 383 rerum
694 364 802 392 quoque
825 357 922 383 seriem
946 364 1005 384 esse
1025 357 1201 384 arbitrantur.

345 403 388 430 Vl.
404 403 457 430 Nos
470 411 544 434 vero,
561 411 609 430 ttec
622 411 683 431 eum
700 404 741 435 iis,
761 403 805 438 qui
832 411 864 429 ne
891 403 1022 437 Spiritum
1035 404 1096 438 qui-
1113 405 1136 432 Λ

310 450 370 477 dem
382 457 441 477 esse
463 455 586 480 censent,
613 457 661 476 nec
689 457 749 475 cum
782 450 958 484 nugatoribus
981 449 1098 476 ethnicis

309 494 392 522 verba
410 494 453 520 illa
470 494 706 521 commutabimus.
737 493 810 520 Absit
839 494 909 520 enim
933 499 960 520 ut
975 499 1099 528 peccato-

309 548 369 568 rum
386 540 446 567 oleo
460 547 613 567 sermonem
627 545 748 566 nOstrum
767 539 965 574 impinguemus
984 540 1019 565 ’³.
1030 539 1097 566 Cum

309 587 416 614 caeteris
433 591 522 613 autem
537 586 570 612 ad
591 586 662 612 hunc
674 585 783 612 modum
808 586 1023 619 disputabimus;
1038 585 1098 620 Spi—

309 634 378 661 ritus
392 637 511 665 sanctus,
540 632 581 659 vel
598 641 631 659 ex
656 640 748 659 eorum
779 640 900 664 numero,
927 640 986 666 qum
1004 640 1052 666 per
1068 640 1098 658 se

309 680 470 711 subsistunt,
497 678 607 705 omnino
639 678 799 705 statuendus
825 682 877 709 est,
905 678 946 703 vel
976 677 1046 703 ittter
1063 685 1094 704 ea

309 726 490 756 collocandus,
517 732 576 759 qua:
602 725 628 750 in
656 714 708 750 alio
730 724 957 755 considerantur;
977 731 1093 757 quorutn

308 772 422 799 alterum
439 771 631 801 substantiam,
650 770 764 796 alterunt
780 770 906 796 accidens
935 769 1095 802 vocant,qui

308 817 403 844 harum
421 824 510 843 rerum
532 815 672 842 scientiam
691 814 799 841 callent.
830 815 868 840 Ac
886 815 908 841 si
923 814 1031 848 quidem
1049 821 1095 840 ac-

308 863 410 894 cidens,
422 862 463 888 vis
477 862 569 895 utique
584 867 612 888 et
644 861 761 887 facultas
786 861 909 893 quautam
943 860 989 887 Dei
1004 860 1093 887 fuerit.

307 909 376 942 Quid
392 908 463 936 enim
482 908 564 939 aliud.
594 912 639 933 aut
664 906 760 941 cujus?
790 905 845 933 Hoc
871 905 994 941 profecto
1010 906 1095 940 magis

307 959 528 985 consentaneum,
558 952 814 986 compositionisque
837 959 944 985 expers.
971 951 998 978 Si
1016 951 1055 978 vis
1068 956 1095 978 et

306 1000 433 1031 facultas,
451 1005 545 1034 agetur
560 1000 629 1026 haud
644 999 735 1030 dubie,
757 1007 808 1026 non
837 1004 897 1032 aget
918 1008 924 1024 :
949 998 1093 1032 simulque,

306 1051 335 1073 ut
352 1051 428 1074 actus
442 1046 534 1077 fuerit,
551 1046 665 1073 desinet.
690 1046 830 1081 Ejusmodi
860 1046 959 1080 quippe
984 1049 1026 1071 est
1051 1051 1094 1070 ac-

306 1095 350 1119 tus
372 1096 480 1118 natura.
510 1092 558 1124 Qui
588 1092 616 1118 ﬁt
639 1099 720 1125 ergo,

306 1137 365 1165 haec
376 1142 403 1164 et
418 1137 462 1164 illa
477 1137 558 1169 dicat,
574 1143 600 1164 et
626 1141 750 1171 segreget
770 1136 803 1168 “,
825 1141 852 1163 et
870 1135 1046 1162 contristetur
1056 1136 1092 1166 “,

307 1188 335 1211 et
345 1183 377 1210 ad
391 1183 456 1210 iram
473 1183 610 1214 incitetur,
647 1187 674 1210 et
703 1190 871 1217 qurccunque
897 1181 934 1208 rei
951 1186 1023 1208 tnottt
1038 1181 1094 1216 agi-

309 1233 370 1255 tatae
387 1228 528 1262 perspicue
550 1233 623 1259 sunt,
652 1235 703 1254 non
724 1233 813 1254 autent
840 1227 966 1253 motionis
993 1225 1094 1261 ipsius?

306 1273 354 1301 Sin
370 1279 458 1300 autern
472 1273 621 1300 substantia
633 1277 683 1304 est,
696 1279 748 1299 non
759 1272 897 1303 accidens,
912 1271 955 1298 vel
968 1276 1094 1298 creatura

304 1320 469 1352 censebitur,
497 1319 538 1347 vel
563 1319 642 1346 Deus.
672 1318 788 1345 Medium
817 1319 889 1345 enim
906 1317 1092 1352 aliquidinter

304 1366 373 1397 hate,
383 1370 430 1392 aut
440 1365 510 1400 quod
526 1365 649 1392 neutrius
665 1366 801 1399 particeps
815 1364 862 1395 sit,
876 1368 924 1391 aut
935 1371 967 1390 ex
977 1368 1092 1398 utroque

304 1412 482 1447 compositum
494 1411 575 1446 560
601 1416 681 1445 atque
701 1410 862 1441 conﬂatum,
892 1417 925 1437 ne
937 1410 953 1436 ii
971 1410 1090 1444 quidem,

303 1457 350 1492 qui
367 1457 534 1492 tragelaphos
548 1456 749 1487 conﬁnxerunt,
764 1455 914 1490 intelligere
933 1461 1043 1490 queant.
1062 1455 1091 1482 Si

303 1507 440 1533 creatura,
454 1502 588 1536 quomodo
605 1501 632 1528 in
648 1508 709 1528 eum
725 1501 873 1533 credimus,
885 1505 932 1527 aut
945 1501 971 1527 in
986 1509 1018 1528 eo
1031 1509 1092 1535 pcr—

760 1097 788 1118 ut
811 1096 873 1126 agat
901 1091 979 1125 ipse,
1013 1095 1093 1124 atque
1109 1083 1130 1109 Β

1185 404 1230 436 ς’.
1252 403 1330 438 Ἡμῖν
1351 403 1378 429 δὲ
1399 403 1465 438 προς
1484 402 1534 437 μὲν
1552 402 1613 433 τοὺς
1636 401 1695 428 οὐδὲ
1711 400 1778 428 εἶναι
1799 401 1945 436 ὑπειληφό-

1152 457 1211 480 τας,
1225 448 1311 480 οὐδεὶς
1328 449 1384 483 (34)
1402 448 1490 482 λόγος,
1509 449 1525 483 ἦ
1548 449 1610 479 τοὺς
1632 447 1782 483 ληροῦντας
1799 448 1828 474 ἐν
1845 447 1945 482 ’Ἑλλη-

1151 503 1201 520 σιν.
1226 494 1301 528 Μηδὲ
1325 496 1379 530 γὰρ
1400 494 1570 529 ἁμαρτωλῶν
1593 493 1674 528 ἐλαίῳ
1701 493 1881 528 πιανθείημεν
1902 495 1944 525 εἰς

1149 543 1193 566 τὸν
1211 540 1299 574 λόγον.
1330 541 1401 575 Πρὸς
1427 540 1454 566 δὲ
1476 540 1538 571 τοὺς
1567 539 1663 570 ἄλλους
1688 539 1760 565 οὓτω
1789 539 1944 574 διαλεξόμε-

1149 586 1183 612 Οα
1196 587 1252 620 (533)
1265 594 1271 600 δ
1286 587 1315 612 τὸ
1338 586 1450 620 Πνεῦμα
1464 585 1494 611 τὺ
1510 586 1596 619 ἅγιον,
1615 586 1631 620 ἢ
1649 585 1701 612 τῶν
1719 586 1779 612 καὸ”
1793 585 1872 611 eam
1886 585 1943 620 (56)

1149 632 1351 668 ὑτεττηκότων,
1381 632 1490 663 πάντως
1514 631 1673 662 ὑποθετέον,
1695 631 1710 665 ἢ
1735 631 1787 656 τῶν
1808 632 1835 656 ἐν
1857 631 1944 666 ἑτέρῳ

1152 678 1345 714 θεωρουμένων
1359 687 1365 692 ·
1383 675 1420 705 ὧν
1441 678 1470 704 τὸ
1498 678 1556 713 μὲν,
1579 678 1672 704 οὐσίαν
1692 677 1819 704 καλοῦσιν
1835 678 1860 703 οἱ
1878 678 1942 711 περὶ

1150 724 1236 750 ταῦτα
1271 724 1373 754 δεινοὶ,
1399 724 1429 750 τὺ
1458 723 1505 755 δὲ,
1539 723 1721 758 συμϐεϐηκός.
1750 723 1782 748 Εἰ
1818 723 1867 757 μὲν
1896 720 1942 749 οὖν

1150 770 1341 805 συμϐέϐηκεν,
1368 769 1492 804 ἐνέργεια
1516 768 1594 795 τοῦτο
1611 769 1642 795 ἂν
1673 769 1715 804 εἴη
1733 768 1809 795 Θεοῦ.
1831 768 1862 794 Τί
1887 768 1940 804 γὰρ

1147 817 1252 852 ἕτερον,
1281 815 1297 851 ἦ
1315 816 1401 847 τίνος;
1422 815 1499 842 τοῦτο
1520 815 1574 851 γάρ
1599 824 1657 846 πως
1675 814 1784 850 μᾶλλον,
1802 815 1849 841 καὶ
1875 814 1941 849 φεύ-

1398 862 1452 889 Καὶ
1482 862 1505 888 εἰ
1544 862 1687 897 ἐνέργεια,
1729 861 1940 897 ὲνεργηθήςεται

1146 909 1268 944 δηλονότι
1297 909 1364 942 (57),
1390 909 1439 934 οὐκ
1467 909 1619 943 ἐνεργήσει,
1645 908 1691 935 καὶ
1717 908 1783 943 ὁμοῦ
1805 908 1843 943 τῷ
1869 909 1940 943 ἐνερ-

1146 953 1275 988 γηθῆναι,
1293 953 1436 979 παύσεται.
1459 952 1583 979 Τοιοῦτον
1603 953 1657 988 γὰρ
1684 954 1700 988 ἡ
1724 953 1858 989 ἐνέργεια.
1878 953 1940 984 Πῶς

1603 999 1650 1025 καὶ
1667 999 1801 1034 ἀφορίζει,
1826 999 1871 1025 καὶ
1892 998 1938 1024 λ’.)-

1148 872 1189 896 γει
1211 862 1357 890 ,σύνθεο-ιν.

1145 997 1191 1025 οὖν
1213 1001 1330 1034 ἐνεργεῖ,
1350 999 1396 1024 καὶ
1418 999 1479 1025 τάδε
1500 999 1584 1032 λέγει,

1146 1047 1245 1077 πεῖται,
1265 1045 1312 1070 καὶ
1330 1045 1520 1080 παροξύνεται.
1539 1046 1586 1071 καὶ
1602 1045 1651 1071 ὅσα
1669 1044 1828 1079 κινουμένου
1847 1045 1938 1079 σαφῶς

1144 1091 1228 1122 ἐστιν,
1244 1092 1273 1117 οὐ
1290 1092 1420 1125 κινήσεως
1434 1100 1441 1121 ;
1458 1091 1489 1116 Εἰ
1502 1091 1529 1116 δὲ
1544 1091 1622 1117 οὐσία
1638 1100 1688 1122 τις,
1701 1091 1730 1117 οὐ
1746 1090 1799 1116 τῶν
1812 1091 1875 1125 περὶ
1890 1089 1937 1125 τὴν

1142 1137 1245 1167 οὐσίαν,
1278 1138 1336 1173 ἦτοι
1365 1137 1468 1172 κτίσμα
1496 1136 1717 1172 ὑποληφθήσεται
1734 1137 1799 1171 (58).
1824 1136 1934 1172 ἢΘεός’

1145 1183 1225 1218 μέσον
1242 1183 1296 1218 γάρ
1313 1191 1337 1208 τι
1354 1182 1468 1214 τούτων,
1484 1182 1542 1217 ἦτοι
1568 1182 1715 1217 μηδετέρου
1735 1181 1858 1217 μετέχον,
1874 1181 1890 1217 ἦ
1908 1181 1937 1213 ἐξ

1144 1229 1245 1263 ἀμφοῖν
1262 1228 1401 1259 σύνθετον,
1418 1227 1470 1254 οὐδ’
1487 1227 1520 1254 ἂν
1531 1228 1555 1253 οἱ
1571 1228 1633 1259 τοὺς
1649 1227 1835 1263 τραγελάφους
1852 1227 1934 1254 πλατ-

1144 1282 1236 1303 τοντες
1251 1274 1416 1309 ἐννοήσαιεν.
1438 1273 1507 1299 Ἀλλ’
1519 1274 1543 1298 εἰ
1557 1273 1605 1309 μὲν
1618 1273 1728 1308 κτίσμα,
1743 1274 1801 1305 πῶς
1816 1275 1856 1306 εἰς
1871 1273 1935 1300 αὐτὸ

1142 1319 1317 1354 πιστεύομεν,
1333 1320 1349 1355 ἢ
1366 1321 1394 1346 ἐν
1416 1319 1490 1354 αὐτῷ
1506 1319 1699 1355 τελειοὺμεοα;
1720 1321 1749 1346 οὐ
1767 1319 1822 1355 γὰρ
1838 1321 1934 1346 ταυτόν

1141 1367 1200 1393 ἐστι
1220 1366 1356 1393 πιστεύειν
1376 1365 1416 1398 εἴς
1434 1375 1470 1397 τι,
1492 1367 1538 1392 καὶ
1556 1367 1620 1400 περὶ
1641 1365 1722 1392 αὑτοῦ
1738 1365 1884 1392 πιστεύειν.
1901 1366 1934 1392 Τὸ

1143 1411 1193 1446 μὲν
1215 1412 1270 1446 γάρ
1295 1412 1352 1437 ἐστι
1371 1410 1508 1446 θεότητος,
1532 1411 1562 1436 τὸ
1586 1410 1614 1437 δὲ
1641 1411 1740 1442 παντὸς
1761 1410 1933 1446 πράγματος.

1143 1459 1175 1484 Εἰ
1189 1458 1217 1484 δὲ
1235 1457 1311 1489 Θεὸς,
1330 1457 1386 1483 ἀλλ’
1401 1458 1432 1483 οὐ
1450 1457 1562 1491 κτίσμα,
1585 1457 1645 1483 οὐδὲ
1663 1457 1780 1491 ποίημα,
1794 1457 1854 1483 οὐδὲ
1872 1457 1934 1483 σύν-

1141 1503 1243 1534 δουλον,
1256 1503 1310 1530 οὐδ’
1326 1503 1394 1534 ὅλως
1409 1503 1435 1529 τὶ
1454 1503 1508 1529 τῶν
1525 1503 1660 1530 ταπεινῶν
1677 1503 1828 1538 ὀνομάτων.

303 1549 427 1577 ﬁcimur?
441 1548 532 1584 Neque
546 1549 618 1576 enim
647 1548 717 1575 idem
743 1552 795 1580 est,
812 1547 923 1574 credere
948 1547 974 1574 in
991 1547 1102 1582 aliquid,
1120 1554 1147 1576 et
1180 1549 1290 1577 credere
1311 1549 1343 1576 de
1370 1548 1470 1583 aliquo.
1485 1548 1552 1575 lllud
1566 1549 1637 1575 enim
1655 1548 1787 1576 divinitati
1799 1549 1933 1578 convenit.

303 1597 356 1624 hoc
367 1597 476 1624 cuilibet
491 1597 540 1624 rei.
557 1596 584 1624 Si
597 1601 687 1623 autem
709 1596 789 1627 Deus,
813 1599 887 1623 certe
924 1602 974 1622 nee
1003 1600 1128 1623 creatura
1149 1601 1202 1628 est,
1218 1605 1266 1624 nec
1284 1596 1399 1628 factura,
1418 1604 1465 1624 ttec
1480 1603 1638 1628 conservus.
1653 1604 1702 1624 nec
1719 1597 1835 1631 denique
1852 1597 1932 1624 ullum

301 1645 374 1672 aliud
390 1643 490 1671 humile
505 1647 586 1677 atque
600 1642 732 1677 abjectum
745 1649 851 1669 nomen.

338 1692 393 1720 Vll.
414 1691 472 1720 Jam
506 1691 596 1725 lingua
625 1696 668 1718 tua
687 1691 721 1718 ad
744 1690 933 1726 disputandum
951 1691 1086 1725 prosiliat,

1175 1693 1211 1718 Z’.
1234 1692 1364 1719 Ἐνταῦοα
1378 1691 1423 1723 σὸς
1438 1693 1452 1718 ὁ
1467 1691 1555 1726 λόγος,
1572 1692 1600 1718 αἱ
1617 1691 1757 1726 σφενδόναι
1771 1692 1932 1727 πεμπέσθω-

304 1738 394 1766 funda:
408 1737 555 1771 jactentur,
571 1741 729 1771 argumenta
746 1742 900 1764 ncctantur.
914 1736 968 1764 Aut
982 1737 1089 1772 ingeni-

303 1789 348 1812 tus
364 1783 473 1811 omnino
485 1787 537 1814 est,
567 1782 667 1816 inquis,
691 1787 737 1809 aut
759 1782 875 1818 genitus.
893 1782 921 1809 Si
940 1782 1088 1817 ingenitus,

303 1837 367 1864 ergo
383 1831 436 1857 duo
447 1833 527 1856 erunt
543 1828 669 1863 principii
697 1832 831 1862 expertes.
866 1828 894 1855 Si
910 1832 1000 1855 autern
1011 1828 1087 1862 geni-

300 1877 356 1906 tus,
377 1881 471 1900 rursus
496 1873 660 1900 subdividis:
690 1878 735 1899 aut
761 1880 793 1900 ex
811 1872 889 1899 Patre
913 1873 1020 1908 genitus
1034 1878 1086 1905 est,

302 1925 351 1948 aut
365 1927 398 1947 ex
416 1919 494 1946 Filio.
510 1919 537 1946 Si
551 1927 582 1946 ex
597 1918 688 1950 Patre,
706 1919 759 1945 duo
788 1919 868 1953 igitur
887 1924 949 1946 sunt
971 1919 1031 1946 Filii
1057 1927 1089 1946 ac

302 1968 410 1994 lratres.
427 1964 562 1993 Gentellos
576 1965 657 1991 etiam
678 1966 757 1999 tinge,
775 1965 797 1991 si
814 1965 897 1996 lubet,
914 1969 960 1990 aut
972 1965 1087 1992 alterum

301 2017 368 2039 natu
383 2011 524 2046 majorem,
539 2010 652 2037 alterum
666 2010 814 2042 minorem;
828 2017 888 2036 cum
903 2010 937 2036 ita
948 2011 1088 2045 corporeis

301 2057 383 2084 rebus
395 2056 540 2084 immersus
559 2064 599 2083 es.
617 2055 645 2083 Si
663 2061 751 2082 autem
767 2063 799 2083 ex
823 2055 902 2086 Filio,
917 2056 974 2090 jam
998 2057 1086 2088 nobis,

302 2101 420 2137 inquies,
435 2108 518 2135 nepos
550 2099 620 2128 Deus
652 2101 764 2128 exstitit.
782 2100 841 2134 Quo
864 2101 927 2135 quid
945 2101 1088 2128 absurdius

301 2147 365 2182 ﬁngi
380 2146 482 2182 possit?
514 2146 575 2174 Hrec
599 2147 722 2174 homines
740 2147 772 2173 ad
803 2146 1025 2174 malefaciendum
1043 2155 1086 2174 sa-

300 2192 407 2227 pientes
425 2192 448 2207 ’³
460 2197 487 2218 et
499 2192 640 2227 ingeniosi,
661 2193 729 2218 bona
761 2197 848 2219 autem
877 2194 995 2220 scribere
1011 2202 1087 2220 recu-

300 2243 403 2264 santes.
425 2237 481 2272 Ego
496 2245 571 2266 vero.
600 2237 620 2264 si
639 2237 798 2264 divisionem
819 2238 887 2264 hanc
906 2230 1085 2265 necessariam

299 2283 430 2314 viderem,
461 2291 504 2310 res
532 2283 602 2317 ipsas
634 2283 756 2318 profecto
785 2284 1084 2318 excepissem,nomina

300 2329 369 2356 nihil
386 2329 498 2356 veritus.
512 2328 570 2356 Non
591 2329 674 2360 enim,
698 2329 763 2363 quia
781 2329 931 2356 secundum
950 2330 1084 2358 excelsio-

1142 1745 1201 1770 σαν,
1212 1738 1237 1763 οἱ
1252 1737 1426 1772 συλλογισμοὶ
1438 1737 1639 1764 πλεκέσθωσαν.
1657 1738 1691 1763 Ἦ
1704 1737 1852 1773 ἀγέννητον
1867 1739 1931 1765 πὰν-

1140 1784 1236 1819 τως,ἣ
1262 1783 1401 1818 γεννητόν.
1434 1784 1489 1810 Καὶ
1513 1784 1536 1810 εἰ
1569 1783 1617 1818 μὲν
1645 1783 1803 1819 ἀγέννητον,
1832 1785 1878 1811 δύο
1898 1785 1931 1811 τὰ

1139 1829 1255 1865 ἄναρχα.
1274 1830 1306 1856 Et
1322 1829 1349 1855 δὲ
1369 1829 1507 1864 γεννητὸν,
1520 1829 1671 1863 ὐποδιαίρει
1684 1829 1739 1864 (59)
1756 1829 1850 1856 πάλιν·
1868 1830 1884 1865 ἢ
1900 1831 1931 1857 ἐκ

1139 1874 1185 1901 τοῦ
1200 1875 1306 1910 Πατρὸς
1325 1873 1415 1905 τοῦτο,
1434 1875 1450 1908 ἣ
1468 1875 1499 1900 ἐκ
1511 1875 1557 1900 τοῦ
1575 1874 1650 1900 Υἱοῦ.
1665 1875 1720 1901 Καὶ
1736 1876 1759 1902 sl
1777 1875 1828 1910 μὲν
1840 1877 1872 1902 ἐκ
1885 1875 1929 1902 τοῦ

1139 1921 1256 1957 Πατρὸς,
1277 1921 1337 1947 Υἱοῖ⁸
1352 1921 1398 1947 δύο
1416 1921 1462 1947 καὶ
1477 1920 1595 1955 ἀδελφοί.
1611 1921 1646 1946 Σὺ
1661 1921 1689 1947 δέ
1708 1930 1752 1956 μοι
1769 1921 1868 1947 mam
1886 1922 1931 1948 καὶ

1138 1966 1275 2001 διδύμους,
1290 1967 1313 1992 εἰ
1330 1966 1428 2001 βούλει,
1447 1965 1463 2000 ἢ
1488 1966 1532 1992 τὸν
1558 1966 1607 2000 μὲν
1630 1966 1823 2001 πρεσϐύτερον,
1842 1967 1888 1993 τὸν
1902 1967 1930 1993 δὲ

1139 2012 1282 2048 νεώτερον·
1300 2011 1392 2047 ἐπειδὴ
1412 2011 1472 2037 λίαν
1492 2009 1516 2037 εἷ
1536 2011 1733 2047 φιλοσώματος.
1748 2012 1818 2039 Εἱδὲ
1834 2014 1865 2039 ὲκ
1881 2012 1929 2038 τοῦ

1139 2056 1214 2088 Υἰοῦ,
1232 2057 1347 2091 πέφηνε,
1365 2057 1442 2091 φησὶ,
1460 2056 1506 2082 καὶ
1524 2057 1618 2088 υἱωνὸς
1635 2058 1700 2092 ἡμῖν
1717 2058 1796 2089 θεός”
1812 2055 1842 2084 οὗ
1857 2059 1883 2084 τί
1898 2059 1930 2085 Ξιν

1139 2104 1243 2137 γένοιτο
1259 2103 1473 2138 παραδοξότερον
1487 2112 1494 2133 ;
1514 2103 1600 2130 ταῦτα
1624 2104 1673 2138 μὲν
1695 2102 1741 2130 οὖν
1755 2105 1778 2130 οἱ
1793 2106 1870 2139 σοφοὶ
1883 2105 1928 2132 τοῦ

1139 2149 1330 2184 κακοποιῆσαι,
1344 2149 1417 2175 τὰδὲ
1432 2149 1521 2182 ἀγαθὰ
1536 2149 1652 2183 γράφειν
1664 2150 1694 2176 οὐ
1710 2149 1841 2181 θέλοντες.
1859 2151 1929 2185 Ἐγὼ

1137 2195 1165 2222 δὲ
1180 2196 1204 2221 εἰ
1220 2195 1270 2230 μὲν
1289 2194 1382 2230 ἐώρων
1402 2195 1555 2229 ἀναγκαίαν
1570 2196 1618 2230 τὴν
1635 2195 1776 2231 διαίρεσιν,
1795 2197 1928 2232 ἐδεξάμην

1137 2239 1170 2266 ἂν
1186 2242 1219 2266 τὰ
1234 2239 1394 2275 πράγματα,
1411 2240 1441 2266 οὐ
1461 2241 1589 2276 φοϐηθεὶς
1606 2241 1640 2267 τὰ
1655 2241 1787 2276 ὀνόματα.
1809 2242 1846 2268 Οὐ
1863 2243 1926 2278 γὰρ,

1137 2285 1231 2321 ἐπειδὴ
1245 2286 1315 2312 κατά
1324 2294 1384 2311 τινα
1400 2285 1490 2320 σχέσιν
1501 2285 1669 2322 ὑψηλοτέραν
1679 2286 1741 2319 Υἱὸς
1753 2289 1767 2313 ὁ
1780 2287 1843 2319 Υἱὸς
1859 2289 1926 2323 (Ml),

1137 2331 1166 2357 οὐ
1178 2331 1345 2366 δυνηθέντων
1356 2331 1433 2366 ἡμῶν
1445 2331 1541 2363 ἄλλως,
1554 2332 1569 2367 ἢ
1580 2331 1665 2364 οὕτως
1676 2332 1844 2366 ἐνδείξασθαι
1854 2335 1883 2361 τὸ
1896 2335 1927 2362 ἐκ

300 2382 357 2403 rem
369 2374 514 2410 quamdam
548 2374 705 2402 relationem
729 2374 816 2402 Filius
835 2380 877 2402 est
892 2374 976 2402 Filius
1002 2376 1085 2410 (quod

1142 2377 1185 2403 τοῦ
1198 2376 1264 2403 Θεοῦ
1278 2376 1324 2403 καὶ
1340 2377 1490 2411 ὀμοούσιον,
1504 2377 1553 2412 ἤδη
1566 2379 1611 2404 καὶ
1623 2379 1711 2410 πάσας
1726 2379 1831 2415 οἰητέον
1844 2381 1927 2415 ἀναγ-

299 2421 425 2448 videlicet
441 2421 529 2453 aliter,
546 2428 625 2454 quam
639 2421 690 2448 hoc
703 2421 792 2452 modo,
819 2420 939 2447 indicare
963 2429 1084 2456 nequea~

299 2474 359 2493 mus
376 2466 402 2493 id
426 2467 497 2500 quod
523 2473 555 2492 ex
572 2465 626 2493 Deo
643 2470 694 2498 est,
725 2466 898 2500 essentiaque
926 2466 996 2492 idem
1021 2473 1083 2494 eum

298 2512 381 2548 ipso),
400 2512 501 2540 idcirco
519 2519 625 2539 terrena
636 2518 743 2546 quoque
753 2512 845 2539 omnia
860 2512 1083 2547 cognationisque

299 2564 399 2588 nostra:
416 2559 526 2584 nomina
554 2558 587 2585 ad
616 2557 698 2584 Deutn
720 2558 872 2584 necessario
895 2558 1080 2586 transferenda

297 2611 357 2631 esse
369 2605 516 2638 putandum
533 2609 584 2631 est.
609 2603 729 2638 Alioqui,
749 2603 814 2638 quid
832 2603 954 2637 impedit,
973 2605 1079 2638 quomi-

328 2650 352 2667 υ
363 2650 433 2677 Psal.
448 2658 508 2682 ενι..
524 2650 550 2678 5.
589 2651 614 2666 ’³
636 2651 696 2678 Act.
711 2657 770 2682 xm,
785 2651 813 2677 2.
851 2651 874 2666 ”
888 2649 988 2684 Ephes.
1005 2658 1042 2684 tv,
1054 2651 1100 2680 30.

331 2695 387 2731 (54)
399 2695 513 2729 Οὐδείς.
530 2697 587 2723 Duo
603 2696 687 2731 Regg.
699 2697 759 2723 οὐδὲ
774 2697 824 2728 εἴς.

330 2731 387 2766 ι55)
402 2732 608 2766 Διαλεξόμεθα.
624 2732 718 2760 Coutb.
730 2731 923 2767 διαλεξώμεϐα.

331 2767 387 2801 (56)
407 2768 477 2793 Καθ’
491 2767 589 2794 ἑαυτό.
607 2767 699 2794 Comi).
714 2767 774 2794 καθ’
794 2768 887 2794 ἑαυτά.

329 2802 548 2837 (ὂηΔηλονότι.
570 2802 665 2829 Cotnb.
682 2802 790 2836 μᾶλλον,
806 2811 814 2826 t
836 2804 932 2836 potius.
960 2813 968 2828 ι

329 2837 384 2872 (58)
399 2837 663 2873 Ὑπρληφθήσειιιι.
680 2839 727 2864 Ur.
748 2838 773 2868 l,
790 2837 1025 2873 ὑπολειφθήσεται.

328 2870 384 2903 (59)
408 2870 590 2906 Ὑείοδιαίρει,
605 2872 670 2907 ιίεε.
688 2873 767 2908 Cypr.
784 2870 983 2908 ﬁmﬁmtpﬁ'ost.

1140 2424 1215 2449 καῖον
1238 2419 1308 2448 εἶναι
1331 2421 1381 2453 τὰς
1403 2422 1478 2449 κάτω
1502 2422 1621 2457 κλήσεις,
1652 2425 1698 2450 καὶ
1721 2424 1770 2458 τῆς
1788 2425 1926 2461 ἡμετέρας

1139 2468 1296 2503 συγγενείας
1313 2468 1380 2503 (41),
1406 2467 1567 2503 μεταφέρειν
1590 2469 1636 2495 ἐπὶ
1661 2469 1691 2496 τὸ
1710 2468 1791 2498 Θεῖον.
1804 2471 1838 2496 Ἣ
1855 2472 1925 2506 τάχα

1135 2515 1168 2541 ἂν
1184 2515 1215 2541 σύ
1227 2523 1258 2548 γε
1275 2515 1322 2541 καὶ
1335 2515 1436 2550 ἄρρενα
1452 2515 1496 2540 τὸν
1514 2514 1579 2541 Θεὸν
1599 2515 1664 2550 ἡμῖν
1683 2515 1838 2547 ὑπολάϐοις,
1853 2518 1924 2544 κατὰ

1134 2561 1180 2588 τὸν
1195 2561 1273 2596 λόγον
1288 2561 1392 2593 τοῦτον,
1409 2561 1449 2587 ὅτι
1465 2561 1530 2593 Θεὸς
1543 2561 1716 2596 ὀνομάζεται,
1737 2562 1784 2588 καὶ
1809 2563 1922 2599 Πατήρ;

1134 2605 1181 2632 καὶ
1192 2605 1259 2640 θῆλύ
1277 2614 1303 2632 τι
1320 2605 1375 2640 (4'2)
1386 2605 1434 2640 τὴν
1447 2605 1571 2641 θεότητα,
1583 2606 1644 2632 ὅσον
1655 2607 1702 2633 ἐπὶ
1713 2609 1774 2639 ταῖς
1787 2607 1843 2643 (d5)
1859 2607 1924 2644 κλή-

1138 2652 1161 2668 ²⁶
1173 2652 1273 2679 Jerem.
1290 2660 1326 2685 tv,
1341 2653 1386 2680 22.

1171 2698 1227 2734 (40)
1245 2699 1276 2726 '0
1290 2700 1365 2732 Υἱός.
1384 2700 1500 2728 Montac.
1518 2699 1601 2731 addit,
1618 2699 1737 2734 λέγεται.

1168 2735 1225 2769 (41)
1237 2735 1424 2769 Συγγενείας.
1442 2746 1450 2761 ι
1467 2735 1640 2770 Cugnatiou'ts
1653 2742 1751 2765 nostra:
1762 2737 1883 2771 nomina,
1907 2745 1918 2763 ι

1133 2773 1162 2796 ut
1175 2771 1378 2797 sunt-vocabula
1392 2780 1401 2795 ι
1415 2771 1510 2797 fratris
1521 2774 1547 2798 et
1560 2772 1676 2804 nepotis.
1694 2780 1704 2797 ι

1168 2804 1223 2874 242)
1238 2805 1277 2831 Τί.
1292 2805 1369 2832 Deest
1384 2806 1408 2832 in
1426 2805 1491 2840 lleg.
1506 2814 1532 2831 a.

1179 2839 1224 2874 45)
1243 2839 1319 2873 Ταῖς.
1333 2841 1414 2868 Coisl.
1432 2841 1443 2868 1
1467 2841 1527 2868 addi

1179 2839 1224 2874 45)
1243 2839 1319 2873 Ταῖς.
1333 2841 1414 2868 Coisl.
1432 2841 1443 2868 1
1467 2839 1552 2874 addit,
1572 2842 1643 2873 σαῖς.
