2049 3131
99 176 144 203 ιιι

609 177 740 206 ORATIO
758 177 854 205 XXXI.
875 195 909 200 —
929 179 1148 207 TllEOLOGlCA
1169 179 1200 207 V.

1668 182 1719 210 “‘2

98 242 171 265 aest;
191 237 236 260 καὶ
254 234 284 260 τὸ
304 235 415 270 Πνεῦμα
428 236 577 272 οὐδέτερον,
595 236 635 262 ὃτι
653 237 690 272 μὴ
708 237 877 272 γεννητικόν;

936 245 986 263 nus
1002 237 1094 264 eadem
1110 239 1214 265 ratiOne
1239 238 1399 270 masculum,
1425 237 1508 265 Deum
1528 242 1648 265 nestrum
1661 240 1720 266 exi-

95 281 118 306 εε
129 279 156 305 δέ
173 288 214 306 σοι
236 280 281 306 καὶ
297 280 374 307 τοῦτο
389 281 528 317 παιχθείη,
544 283 576 318 τῇ
600 283 696 309 ἑαυτοῦ
713 282 821 318 θελήσει
838 283 883 308 τὸν

95 325 159 351 θεὸν
173 327 380 362 συγγενόμενον,
396 328 467 354 κατὰ
483 328 546 359 τοὺς
567 327 699 360 παλαιοὺς
718 328 818 364 λήρους
836 329 882 355 καὶ

96 371 207 406 μύθους,
222 373 403 408 γεννήσασθαι
424 373 470 399 τὸν
488 373 560 404 Υξὸν,
578 373 691 409 εἰσήχθη
707 383 747 406 τις
758 375 824 409 ἡμῖν
836 375 882 400 καὶ

94 417 265 452 Μαρκίωνος,
280 419 327 445 καὶ
343 419 502 445 Βαλεντίνου
525 419 581 455 (.M)
605 421 671 450 θεὸς
687 420 879 455 ἀρῤενόθηλυς,

93 462 138 489 τοῦ
151 464 214 495 τοὺς
226 465 337 496 καινοὺς
350 465 451 496 αἰῶνας
465 465 702 497 ἁνατυπὼσαντος.

936 284 1041 316 stimes,
1055 285 1180 318 quoniam
1195 284 1264 311 Deus
1278 289 1305 310 et
1331 284 1410 311 Pater
1427 284 1600 312 nominatur?
1625 285 1665 313 Ae
1681 284 1719 312 fe-

935 330 1053 356 mineum
1079 330 1219 364 quiddam,
1243 330 1384 363 Deitatem,
1406 335 1536 364 quantum
1559 331 1668 366 quidem
1685 339 1719 358 ex

933 375 1007 402 vocis
1024 382 1122 409 genere
1138 375 1267 402 mstimari
1284 376 1392 409 potest?
1405 375 1437 402 Et
1454 376 1569 411 (lenique
1577 375 1718 410 Spiritum,

934 427 1069 455 neutrum,
1083 422 1210 456 quoniam
1240 422 1305 449 nihil
1328 422 1433 456 gignit?
1452 422 1528 455 Quod
1543 423 1564 449 si
1577 422 1656 457 juxta
1675 430 1722 450 ve-

933 470 1004 493 teres
1022 466 1124 493 fabulas
1135 471 1161 493 et
1179 474 1262 500 nugas
1275 467 1325 493 hoc
1339 474 1447 501 quoque
1469 467 1547 494 modo
1564 466 1676 501 luseris,
1690 471 1720 494 ut

93 508 175 541 dicas,
201 509 286 536 Deum
300 517 361 536 eum
374 509 512 536 voluntate
528 517 574 536 sua
590 517 765 545 congressum
782 509 879 536 Filium
895 510 1033 544 genuisse,
1050 509 1196 537 Marcionis
1211 510 1320 545 quidem
1347 517 1379 537 ac
1403 509 1547 543 Valentini,
1564 512 1609 546 qui
1635 519 1720 540 novos

92 564 180 584 zonas
196 562 365 583 commentus
380 561 430 588 est,
447 557 695 592 hermaphroditum
719 557 862 591 quemdam
883 557 965 584 Deum
983 558 1129 584 induxeris.

125 603 164 628 H‘.
194 602 272 628 Ἐπεὶ
292 602 320 628 δέ
345 611 390 628 σου
412 602 461 638 τὴν
483 602 594 638 πρώτην
617 602 748 638 διαίρεσιν
761 602 790 628 οὐ
807 602 882 636 δεχό-

94 648 171 684 μεθα,
190 648 240 683 τὴν
257 648 340 683 μηδὲν
357 649 504 683 ἀγεννήτοι)
520 649 566 674 καὶ
579 647 709 683 γεννητοῦ
725 648 805 683 μέσον
817 648 882 674 ὑπο-

92 693 290 729 λαμϐάνουσιν,
303 693 402 720 αὐτίκα
417 693 570 728 οἰχήσονταί
582 701 623 719 σοι
640 693 707 728 μετὰ
719 693 768 728 τῆς
780 693 882 728 σεμνῆς

91 740 246 775 διαιρέσεως
271 741 295 766 οἱ
312 741 420 775 ἀδελφοὶ
442 740 488 767 καὶ
509 741 532 766 οἱ
559 740 670 772 υἱωνοὶ,
694 740 788 776 ὥσπερ
806 740 880 771 τινὸς

91 786 188 821 δεσμοῦ
219 786 389 813 πολυπλόκου
417 787 466 821 τῆς
500 786 610 822 πρώτης
634 787 721 822 ἀρχῆς
749 786 880 813 διαλυθεί-

93 841 140 867 σης
154 832 220 868 (45),
242 832 473 865 συνδιαλυθέντες,
495 833 540 858 καὶ
555 834 603 868 τῆς
619 832 758 866 θεολογίας
773 833 879 868 ὑποχω-

93 879 228 915 ρήσαντες.
249 878 304 905 Ποῦ
320 879 375 915 γὰρ
391 879 482 915 θήσεις
503 879 535 905 τὸ
553 879 728 914 ὲκπορευτὺν,
744 879 804 905 εἰπέ
820 887 877 913 μοι,

972 602 1036 629 \‘lll.
1057 603 1188 635 Quoniam
1216 610 1296 637 porro
1321 603 1480 630 divisionem
1499 608 1571 631 tuam
1588 605 1715 638 primam,

934 656 985 683 qua
1007 649 1078 674 inter
1096 649 1242 683 ingenitum
1258 654 1284 676 et
1305 649 1425 684 genitum
1442 649 1509 676 nihil
1527 651 1645 678 medium
1658 657 1719 679 esse

935 694 1088 724 arbitraris,
1103 694 1311 729 haudquaquam
1328 695 1506 729 admittimus,
1530 699 1654 731 protinus
1669 698 1717 726 tibi

933 746 994 765 cum
1009 739 1136 773 przeclara
1163 745 1207 766 tua
1235 740 1369 767 divisione
1386 741 1483 769 fratres
1509 742 1546 769 illi
1561 748 1589 771 et
1606 749 1718 779 nepotes

932 785 1069 818 peribunt,
1086 789 1114 811 ut
1133 785 1191 819 qui,
1221 785 1308 819 primo
1339 785 1384 814 illo
1398 787 1587 822 disputationis
1602 793 1654 816 tua:
1673 797 1718 816 ca-

932 830 997 865 pite,
1009 830 1085 864 quasi
1103 831 1257 864 multiplicis
1275 831 1415 866 cujusdam
1434 841 1520 860 nexus
1538 834 1614 867 ipitio
1630 835 1717 868 primo

931 874 1112 905 soluto,simul
1126 883 1231 910 quoque
1245 876 1323 903 soluti
1335 884 1365 903 ac
1373 876 1466 912 dilapsi
1477 878 1555 914 561
1564 879 1718 915 sint,atque

93 925 170 960 μέσον
191 925 327 959 ἁναφανὲν
347 927 396 960 τῆς
414 925 463 960 σῆς
483 925 538 960 (46)
556 925 724 960 διαιρέσεως,
745 925 792 951 καὶ
807 924 877 960 παρὰ

935 928 947 946 a
968 920 1120 947 divinitatis
1132 921 1254 948 doctrina
1282 929 1342 949 sese
1366 923 1552 952 subduxerint.
1571 925 1621 953 Ubi
1633 926 1716 958 enim,

91 969 246 1004 κρείσσονος
262 970 279 1005 ἢ
296 971 366 997 κατὰ
383 970 412 996 σὲ
427 969 563 1004 θεολόγον,
581 969 629 995 τοῦ
647 969 772 1004 Σωτῆρος
788 969 879 1005 ἡμῶν,

92 1015 266 1050 εἰσαγόμενον
278 1016 349 1050 (47);
366 1015 397 1041 El
413 1016 450 1051 μὴ
465 1015 513 1049 τὴν
532 1015 622 1050 φωνὴν
637 1015 743 1050 ἐκείνην
756 1015 809 1042 τῶν
828 1015 880 1041 σῶν

92 1060 187 1093 ἐξεῖλες
205 1062 391 1096 Εὐαγγελίων,
409 1061 452 1088 διὰ
472 1062 521 1096 τὴν
546 1062 641 1096 τρίτην
667 1070 713 1088 σου
733 1061 879 1096 Διαθήκην,

91 1107 121 1133 τὸ
138 1108 258 1142 Πνεῦμα
271 1108 301 1134 τὸ
314 1108 408 1143 ἅγιον,
421 1107 436 1134 ὃ
448 1109 528 1141 παρὰ
539 1107 589 1134 τοῦ
602 1107 880 1140 ﬂama-earumde-

92 1161 149 1179 ται·
167 1154 181 1179 ὃ
200 1154 262 1180 καθ’
284 1155 345 1180 ὅσον
368 1155 416 1189 μὲν
435 1153 540 1180 ἐκεῖθεν
560 1153 755 1188 ἐκπορεύεται,
777 1153 806 1178 οὐ
822 1153 880 1178 κτί-

93 1207 160 1233 σμα·
180 1199 241 1226 καθ’
263 1200 325 1226 ὅσον
337 1200 366 1226 δὲ
378 1200 407 1226 οὐ
425 1199 563 1234 γεννητὸν,
583 1200 632 1234 οὐχ
654 1198 732 1229 Υἱός·
748 1198 808 1224 καθ’
820 1199 880 1224 ὅσον

91 1244 117 1270 δὲ
124 1245 270 1280 ἀγεννήτου
284 1246 331 1272 καὶ
342 1245 470 1280 γεννητοῦ
481 1245 572 1280 μέσον,
584 1245 649 1276 Θεός
660 1265 666 1271 .
677 1245 731 1271 Καὶ
745 1243 816 1270 οὕτω
825 1244 879 1278 (48)

93 1299 136 1318 σου
149 1292 197 1324 τὰς
208 1292 263 1318 τῶν
281 1291 469 1327 συλλογισμῶν
484 1292 569 1326 ἄρκυς
581 1290 720 1324 διαφυγὼν
731 1290 797 1325 (49).
814 1289 881 1321 Θεὸς

92 1338 258 1373 ἀναπέφηνε.
283 1337 336 1364 τῶν
359 1338 413 1364 σῶν
436 1338 594 1373 διαιρέσεων
619 1336 791 1374 ἰᾳχυρότερος
812 1334 878 1371 (50).

92 1383 137 1415 Τίς
151 1381 194 1410 οὖν
209 1385 226 1419 ὴ
244 1384 428 1419 ὲκπόρευσις;
447 1383 515 1410 Εἰπὲ
534 1384 566 1410 σὺ
586 1382 635 1418 τὴν
652 1382 815 1417 ἁγεννησίαν
834 1381 879 1408 τοῦ

93 1429 204 1465 Πατρὺς,
219 1429 299 1464 κάγὼ
312 1430 360 1464 τὴν
381 1429 507 1464 γέννησιν
526 1428 573 1454 τοῦ
594 1428 658 1454 Υἱοῦ
679 1427 879 1462 φυσιολογήαω,

93 1475 136 1501 καὶ
148 1475 195 1511 τὴν
208 1475 371 1511 ὲκπόρευσιν
386 1475 432 1501 τοῦ
448 1474 616 1508 Πνεύματος,
631 1473 678 1499 καὶ
693 1472 880 1508 παραπληκτί-

94 1529 170 1556 σομεν
181 1521 238 1556 (51)
253 1521 341 1556 ἄμφω
355 1521 394 1552 εἰς
404 1519 471 1546 ε)εοῦ
490 1521 626 1555 μυστήρια
638 1519 862 1554 παρακύπτοντες
872 1526 878 1533 ·

93 1566 135 1592 καὶ
149 1566 234 1592 ταῦτα
252 1566 341 1597 τίνεςς
358 1566 388 1591 Οἱ
405 1564 472 1600 μηδὲ
492 1564 526 1590 τὰ
543 1565 572 1590 ὲν
587 1564 665 1590 ποσὶν
687 1563 785 1590 εἰδέναι
800 1563 879 1590 δυνά-

934 973 1037 1000 quaeso,
1050 974 1133 1000 pones
1147 967 1183 998 id,
1199 967 1271 1001 quod
1287 969 1417 1002 procedit,
1433 971 1505 1004 quod
1527 971 1634 1005 quidem
1646 973 1718 1000 inter

932 1011 999 1038 duas
1018 1012 1159 1040 divisionis
1183 1018 1234 1040 tua:
1259 1018 1352 1048 partes
1383 1014 1556 1050 interjeelum
1580 1023 1640 1044 esse
1652 1024 1717 1044 cou-

931 1062 995 1090 stat,
1011 1062 1093 1092 atque
1117 1066 1131 1084 a
1154 1059 1289 1094 theologo,
1305 1060 1389 1088 multo
1417 1066 1443 1088 te
1466 1063 1657 1096 praestantiori,
1675 1064 1716 1090 ni-

931 1102 1028 1128 mirum
1044 1109 1058 1128 a
1074 1102 1214 1130 Salvatore
1225 1109 1330 1136 nostro,
1347 1105 1543 1133 introducitur?
1557 1106 1613 1134 Nisi
1635 1108 1715 1141 forte,

931 1153 1042 1182 propter
1056 1149 1165 1176 tertium
1193 1154 1266 1177 tuum
1296 1151 1510 1185 Testamentum,
1537 1161 1629 1181 vocem
1643 1154 1715 1182 illam

931 1201 963 1220 ex
991 1193 1142 1228 Evangeliis
1171 1196 1334 1229 sustuleris,
1358 1197 1474 1232 Spiritus
1504 1205 1622 1234 sanctus,
1635 1203 1680 1237 qui
1699 1211 1716 1229 a

930 1237 1014 1264 Patre
1030 1239 1147 1272 procedit
1164 1239 1186 1255 "
1202 1240 1278 1275 ;qui,
1305 1246 1438 1275 quatenus
1464 1243 1497 1269 ab
1520 1243 1565 1270 illo
1582 1245 1714 1278 procedit,

931 1290 1054 1312 creatura
1069 1293 1121 1313 non
1133 1290 1175 1313 est
1190 1295 1196 1313 Σ
1213 1291 1348 1321 quatenus
1367 1295 1462 1315 rursus
1477 1289 1583 1323 genitus
1600 1297 1652 1316 non
1663 1296 1714 1321 est.

930 1329 1014 1358 Filius
1026 1338 1079 1358 non
1092 1336 1147 1359 est:
1161 1337 1295 1367 quatenus
1312 1337 1401 1360 autem
1431 1333 1503 1361 inter
1519 1335 1667 1370 ingenitum
1689 1343 1716 1363 et

931 1377 1050 1410 genitum
1059 1378 1164 1405 medius
1173 1382 1223 1411 est,
1234 1378 1303 1406 Deus
1315 1384 1367 1406 est.
1376 1380 1464 1413 Atque
1477 1380 1514 1407 ita
1528 1381 1619 1409 vitatis
1633 1382 1715 1418 syllo-

931 1423 1081 1458 gismorum
1117 1427 1223 1450 tuorum
1241 1424 1354 1458 laqueis,
1381 1425 1451 1452 Deus
1473 1426 1617 1454 manifeste
1632 1435 1716 1462 appa-

931 1469 997 1500 ruit,
1011 1469 1188 1496 divisionibus
1204 1470 1255 1497 tuis
1268 1470 1372 1497 ﬁrmior
1384 1476 1411 1498 et
1424 1471 1566 1500 valentior.
1576 1472 1641 1506 Qua:
1651 1480 1715 1508 ergo

931 1519 972 1542 est
985 1514 1041 1542 haec
1056 1515 1209 1549 processio?
1224 1515 1338 1550 inquies.
1358 1516 1406 1544 Die
1419 1520 1446 1544 tu
1460 1525 1520 1552 quae
1540 1517 1628 1546 Patris
1641 1519 1716 1554 inge-

931 1560 1021 1588 nitura
1037 1561 1081 1594 sit,
1104 1566 1131 1588 et
1157 1568 1207 1596 ego
1222 1561 1283 1588 Filii
1313 1563 1526 1597 generationem,
1557 1570 1584 1592 et
1597 1563 1715 1600 Spiritus

94 1619 174 1646 μενοι,
192 1611 259 1647 μηδὲ
276 1611 390 1646 ψάμμον
409 1610 563 1642 Θαλασσῶν,
578 1610 626 1637 καὶ
642 1610 773 1644 σταγόνας
787 1609 876 1642 ὑετοῦ,

931 1607 1132 1642 processionem
1149 1607 1286 1642 explicare
1298 1609 1451 1643 aggrediar,
1464 1617 1516 1644 quo
1530 1609 1576 1637 ﬁet
1591 1616 1620 1638 ut
1634 1612 1715 1639 ambo

92 1657 136 1683 καὶ
150 1657 256 1693 ἡμέρας
276 1657 374 1689 αἰῶνος
398 1656 612 1692 ἐξαριθμεῖσθαι,
631 1656 668 1691 μὴ
693 1656 734 1682 ὅτι
755 1664 787 1690 γε
810 1654 877 1682 Θεοῦ

94 1701 198 1737 βάθεσιν
219 1703 399 1739 ἐμϐατεύειν,
422 1704 469 1731 καὶ
491 1704 570 1738 λόγον
587 1703 698 1738 ὑπέχειν
723 1703 773 1738 τῆς
793 1703 878 1734 οὕτως

92 1748 207 1785 ἀρρήτου
226 1750 274 1776 καὶ
287 1749 357 1786 ὑπὲρ
374 1749 452 1784 λόγον
465 1749 582 1784 φύσεως.

932 1652 1086 1685 deliremus,
1101 1651 1128 1678 in
1139 1651 1187 1679 Dei
1203 1653 1332 1687 mysteria
1345 1653 1437 1681 oculos
1446 1654 1604 1689 injicientes
1615 1665 1622 1683 :
1635 1656 1716 1691 idque

931 1699 976 1734 qui
995 1697 1124 1725 tandem?
1152 1697 1253 1732 Nempe
1281 1698 1327 1732 qui
1349 1706 1382 1726 ne
1396 1707 1427 1727 ea
1454 1701 1643 1736 quidemquae
1654 1707 1716 1729 ante

932 1745 1014 1780 pedes
1027 1749 1101 1777 sunt,
1118 1744 1199 1777 scire,
1226 1752 1276 1772 nec
1303 1752 1414 1773 arenam
1432 1747 1525 1780 maris,
1554 1753 1600 1776 aut
1618 1749 1716 1784 pluvia:

94 1803 190 1833 guttas,
204 1806 231 1827 et
248 1800 308 1828 dies
327 1801 418 1827 saeculi
435 1807 595 1827 enumerare
606 1807 759 1834 possumus,
775 1799 872 1826 nedum
893 1799 919 1825 in
937 1797 983 1825 Dei
996 1797 1127 1832 profunda
1145 1802 1299 1832 penetrare,
1329 1801 1487 1830 natumque
1515 1796 1583 1823 adeo
1593 1803 1713 1830 arcanae.

94 1849 168 1880 atque
180 1853 290 1874 omnem
304 1847 435 1873 orationis
448 1846 603 1872 facultatem
618 1853 703 1879 usque
718 1846 785 1872 adeo
798 1844 949 1879 superantis
962 1845 1079 1871 rationes
1098 1844 1220 1871 reddere.

125 1890 161 1918 ϐ’.
181 1891 213 1918 Τί
231 1889 278 1919 οὖν
296 1891 364 1924 ἔστι,
387 1892 479 1926 φησὶν,
501 1890 514 1917 ὃ
546 1891 633 1918 λείπει
655 1891 694 1926 τῷ
720 1890 873 1926 Πνεύματι,

93 1935 157 1970 πρὸς
172 1935 201 1962 τὺ
214 1933 285 1962 εἶναι
305 1935 370 1962 Υἱόν
387 1935 460 1970 (5‘2);
478 1935 509 1962 Et
531 1937 586 1971 γὰρ
610 1935 646 1971 μὴ
670 1935 763 1961 λεῖπάν
779 1944 805 1961 τι
829 1933 873 1970 ἦν,

94 1979 153 2012 Tib;
171 1981 203 2007 ἂν
227 1979 271 2017 ἦν.
299 1981 336 2007 Οὐ
360 1981 463 2007 λείπειν
487 1982 591 2016 φαμέν·
617 1981 678 2007 οὐδὲ
709 1981 761 2015 γὰρ
788 1980 875 2007 ἐλλει-

94 2026 143 2061 πὴς
159 2026 213 2062 (55)
227 2027 311 2058 Θεός’
324 2027 355 2053 τὸ
370 2027 398 2053 δὲ
415 2027 464 2062 τῆς
485 2027 642 2061 ἐκφάνσεως
657 2027 725 2063 (54),
747 2027 778 2053 ἵν’
791 2026 876 2058 οὕτως

93 2071 166 2103 εἴπω,
178 2072 194 2108 ἢ
207 2073 257 2108 τῆς
271 2073 342 2109 πρὸς
354 2072 454 2108 ἄλληλα
468 2072 586 2108 σχέσεως
598 2073 735 2108 διάᾳορον,
748 2072 875 2108 διάφορον

94 2117 176 2144 αὐτῶν
190 2120 237 2146 καὶ
255 2119 307 2154 τὴν
325 2119 420 2154 κλῆσιν
438 2118 597 2154 πεποίηκεν.
611 2118 679 2145 Οὐδὲ
692 2118 747 2153 γὰρ
764 2118 802 2153 τῷ
818 2118 875 2154 Υὶῷ

93 2162 174 2190 λείπει
185 2173 210 2190 τι
224 2165 281 2199 (55)
296 2165 365 2200 πρὸς
379 2164 409 2190 τὸ
428 2162 497 2190 εἶναι
513 2164 622 2199 Πατέρα
638 2163 707 2199 (οὐδὲ
723 2163 777 2199 γὰρ
792 2163 875 2190 ἐλλει-

93 2209 165 2245 ψιςὴ
186 2211 302 2246 υἱότης),
316 2211 373 2237 ἀλλ’
388 2211 419 2237 οὐ
438 2210 514 2246 παρὰ
528 2210 607 2237 τοῦτο
626 2211 730 2246 Πατήρ.
749 2210 783 2235 ’Ἡ
803 2209 874 2236 οὕτω

94 2256 180 2288 γε’καὶ
193 2257 231 2292 τῷ
249 2257 338 2292 Πατρὶ
355 2256 443 2282 λείπει
458 2265 485 2282 τι
499 2256 567 2291 πρὸς
582 2255 613 2282 τὸ
628 2253 697 2281 εἶναι
717 2255 781 2282 Υἱόν
800 2254 872 2288 (56)⁶

960 1889 1004 1916 ΙΧ.
1015 1889 1084 1922 Quid
1099 1896 1163 1924 ergo
1174 1893 1225 1921 est,
1236 1888 1369 1923 inquiunt,
1381 1887 1452 1923 quod
1464 1888 1575 1922 Spiritui
1586 1889 1671 1922 deest,
1681 1892 1715 1918 ad

924 1934 975 1961 hoc
991 1938 1021 1961 ut
1039 1934 1074 1962 sit
1085 1933 1187 1960 Filius?
1202 1932 1258 1960 Nisi
1280 1934 1352 1960 enim
1380 1933 1480 1968 aliquid
1499 1934 1612 1967 deesset,
1630 1935 1715 1963 Filius

924 1984 1006 2007 esset.
1019 1980 1116 2006 Deesse
1127 1979 1195 2006 nihil
1207 1979 1331 2006 dicimus.
1345 1979 1403 2006 Non
1417 1980 1488 2006 enim
1498 1979 1553 2007 Deo
1568 1981 1714 2015 quidquam

925 2027 1010 2055 deest.
1028 2027 1127 2055 Verum
1149 2026 1387 2060 manifestationis,
1412 2032 1440 2054 ut
1466 2027 1502 2054 ita
1522 2027 1631 2061 dicam,
1653 2036 1713 2055 mu-

927 2077 1032 2107 tuzeque
1042 2080 1134 2099 eorum
1148 2072 1285 2099 relationis
1304 2071 1464 2105 differentia,
1484 2072 1590 2100 diversa
1606 2081 1714 2108 quoque

925 2119 990 2154 ipsis
1009 2119 1118 2146 nomina
1139 2118 1302 2151 procreavit.
1325 2117 1418 2153 Neque
1434 2118 1505 2146 enim
1519 2118 1590 2146 Filio
1613 2118 1713 2154 aliquid

924 2165 1010 2197 deest,
1027 2164 1058 2191 ad
1074 2164 1125 2190 hoc
1140 2169 1170 2191 ut
1194 2164 1230 2191 sit
1252 2163 1334 2190 Pater
1361 2164 1422 2198 (nec
1451 2163 1523 2191 enim
1538 2163 1658 2193 defectus
1672 2169 1714 2192 est

924 2209 1039 2246 (iliatio),
1057 2217 1107 2236 nec
1121 2216 1262 2244 propterea
1277 2213 1366 2236 tamen
1378 2209 1459 2237 Pater
1472 2214 1525 2237 est.
1538 2209 1642 2245 Alioqui
1667 2218 1714 2238 ea-

926 2255 988 2282 dem
1004 2255 1109 2282 ratione
1121 2255 1193 2282 Patri
1206 2255 1306 2290 aliquid
1315 2255 1454 2287 deerit,ad
1466 2255 1517 2283 hoc
1533 2260 1560 2283 ut
1573 2256 1609 2284 sit
1618 2256 1711 2284 Filius.

93 2299 121 2325 οὖ
135 2300 186 2336 γὰρ
209 2291 273 2332 Υἱὸς
295 2291 317 2327 όν
331 2301 435 2337 Πατήρ.
454 2301 525 2327 Ἀλλ’
545 2301 596 2326 οὐκ
621 2300 767 2335 ἐλλείψεως
788 2299 874 2326 ταῦτὰ

930 2300 982 2327 Nec
994 2300 1067 2327 enim
1085 2299 1166 2327 Pater
1187 2300 1271 2327 Filius
1289 2306 1340 2328 est.
1358 2300 1410 2327 Sed
1426 2301 1483 2328 hazc
1499 2301 1631 2328 defectum
1650 2309 1713 2335 pro-

94 2345 178 2378 ‘MOEV,
196 2347 257 2373 οὐδὲ
272 2347 324 2382 τῆς
340 2347 410 2373 κατὰ
429 2347 478 2382 τὴν
500 2347 592 2373 οὐσίαν
608 2347 746 2380 ὺφέσεως·
763 2346 828 2372 αὐτὸ
845 2346 873 2372 δὲ

94 2390 130 2422 τὸ,
144 2391 189 2426 Μὴ
208 2391 387 2428 γεγεννῆσθαι
403 2392 470 2428 (57),
493 2392 543 2419 καὶ
566 2391 599 2418 τὸ
619 2392 804 2427 γεγεννῆσθαι,
827 2392 873 2418 καὶ

94 2434 121 2462 τὸ
139 2436 361 2472 ἐκπορεύεσθαι,
381 2438 427 2464 τὸν
442 2438 492 2474 μὲν
510 2438 629 2474 Πατέρα,
643 2438 688 2464 τὸν
702 2437 731 2464 δὲ
745 2437 819 2469 Υἱὸν,
841 2437 872 2463 τὸ

125 2513 146 2529 ’⁷
159 2514 233 2542 Joan.
249 2523 297 2548 xv,
313 2515 360 2543 26.

137 2595 178 2630 Η)
206 2597 402 2624 Βαλεντινου.
420 2595 501 2623 Cois].
518 2595 544 2629 Ι,
555 2595 742 2623 Οὐαλεντίνου.

137 2630 178 2664 45)
196 2632 403 2664 Διαλυθείσης.
417 2631 510 2658 Plures
524 2632 602 2660 codd.
612 2630 748 2665 λυθείσης.

127 2665 178 2701 (46)
197 2666 257 2701 Τῆς
272 2665 345 2700 σῆς.
363 2663 408 2693 Sic
422 2671 538 2700 quatuor
550 2666 647 2701 chg.,
660 2663 869 2700 quaiuorColb.,

95 2698 272 2739 duogoislget
287 2698 334 2729 0r.
355 2701 382 2728 1.
392 2698 471 2739 Deest
485 2701 535 2736 σῆς
549 2702 575 2728 ill
587 2698 628 2728 ed.
640 2698 643 2700 ’

95 2767 100 2773 η
126 2735 179 2770 (67)
202 2738 417 2772 Εἱσαγόμενον.
436 2736 483 2763 δὶα
498 2734 593 2764 omnes
611 2735 728 2764 codices.
743 2734 870 2763 Mendose

95 2775 118 2794 tn
133 2769 191 2797 Par.
199 2772 254 2798 ed..
265 2771 447 2798 eteavéusvm.

153 2778 191 2797 ar.
199 2778 254 2802 θα..
265 2778 447 2802 εισαγομενοι.

133 2781 191 2797 rar.
199 2781 254 2802 ευ..
265 2781 447 2807 εισαγομενοι.

125 2804 177 2842 (μζ)
199 2806 291 2834 Οὕτω.
309 2808 377 2842 Reg.
395 2807 450 2839 hin,
462 2806 558 2838 οὕτως.

191 2839 445 2877 Αιιιῑερυιινπιίιννῖ170111ξ
454 2842 470 2869 5
483 2847 510 2869 et
525 2843 572 2870 0r.
584 2842 612 2874 1,
623 2840 763 2876 διαφυγόν.

135 2875 178 2912 ξθ)
191 2875 409 2910 ’ἰσχυρότεροᾳ
424 2876 490 2904 Tres
505 2877 592 2910 Colb.,
610 2875 784 2912 ὑψηλότερος.

136 2909 487 2946 51)Παραπληιὶτισομεν.
509 2912 576 2941 Tres
591 2909 672 2948 ltegg'.
687 2917 714 2941 et
728 2909 813 2941 Coisl.
839 2912 867 2946 2,

927 2346 968 2373 cnl
980 2346 1060 2373 dubio
1071 2347 1247 2381 undequaque
1258 2354 1310 2374 non
1324 2351 1449 2381 arguunt,
1459 2355 1508 2375 nec
1514 2348 1640 2375 essentia:
1650 2349 1713 2376 sab-

927 2392 1082 2419 missionem
1096 2401 1103 2420 :
1123 2394 1187 2426 quin
1203 2393 1291 2428 potius
1307 2399 1338 2420 ex
1358 2393 1399 2421 his
1415 2394 1505 2421 verbis
1520 2403 1526 2421 :
1547 2393 1623 2426 Quod
1640 2396 1713 2429 geni-

927 2443 968 2464 tu:
984 2445 1036 2464 non
1046 2438 1090 2470 sit,
1117 2442 1142 2465 et
1163 2439 1232 2473 quod
1252 2439 1364 2474 genitus,
1384 2444 1408 2466 et
1429 2439 1498 2474 quod
1511 2440 1643 2474 procedat,
1661 2439 1712 2467 hoc

928 2603 965 2622 πα
969 2596 1090 2632 ραπληκτ
1096 2595 1103 2622 ῐ
1106 2604 1143 2622 σω
1147 2603 1207 2632 μεν.

955 2631 1011 2665 (52)
1033 2630 1112 2658 Πάν.
1123 2631 1204 2666 Coisl.
1218 2631 1244 2662 ι,
1256 2630 1323 2666 rte.

960 2666 1017 2699 (55)
1035 2665 1202 2698 Ἐλλειπήᾳ
1211 2666 1330 2701 Ουὶειζί.
1343 2665 1462 2701 ἐλλιπής.

961 2701 1017 2736 (54)
1036 2700 1231 2735 Έκφάνσεως.
1261 2709 1269 2725 ι
1289 2700 1453 2732 Locutiunis,
1477 2700 1682 2736 enuntiationis.
1699 2710 1708 2725 ι

961 2735 1018 2771 (55)
1029 2736 1130 2763 Ast-rat
1149 2744 1186 2761 τι.
1203 2736 1248 2762 Sic
1265 2740 1319 2763 tres
1334 2737 1430 2771 llegg.,
1445 2737 1563 2770 quinque
1579 2735 1655 2763 Colb.
1684 2741 1711 2762 et

925 2770 971 2798 0r.
986 2771 1052 2798 1.1η
1070 2771 1112 2797 ed.
1127 2771 1202 2797 deest
1218 2779 1254 2796 τι.

961 2805 1018 2842 (56)
1029 2805 1163 2842 ᾼεζξτει...
1179 2805 1259 2842 flor.
1273 2804 1338 2840 Reg.
1360 2805 1416 2837 bin,
1432 2805 1515 2833 Coisl.
1536 2806 1562 2837 1,
1578 2805 1625 2834 0r.
1641 2805 1666 2837 l,
1684 2809 1710 2832 et

924 2840 1018 2872 Basil.,
1038 2840 1157 2874 λείψει...
1179 2840 1245 2875 Υἰῷ.

961 2875 1017 2911 (57)
1037 2875 1234 2911 Γετενῆσθαι.
1251 2875 1317 2911 Reg.
1332 2882 1356 2906 a,
1368 2875 1556 2911 γεγεννῆσθαι.
1569 2875 1639 2909 Mox,
1667 2877 1707 2911 ξκμ

924 2910 1100 2946 πορεύεσθαι.
1117 2910 1184 2946 Reg.
1202 2910 1532 2947 Cypr.,éxnsr:opeﬁa0at.
