2049 3131
337 169 389 196 H5

960 171 988 199 S.
1010 171 1174 200 GREGORII
1194 171 1368 200 THEOLOGI

1915 177 1968 206 li!

335 226 456 254 echctum
473 231 525 259 est,
542 231 570 255 ut
584 227 653 256 alius
668 226 758 261 Pater,
780 229 847 256 alius
869 229 962 261 Filius,
978 230 1046 258 alius
1068 230 1120 262 Spit

1179 231 1207 257 δὲ
1226 230 1294 266 (58),
1315 230 1387 257 τοῦθ’
1408 231 1476 266 ὅπερ
1493 238 1618 265 λέγεται,
1638 231 1750 267 Πνεῦμα
1777 232 1854 267 ἅγιον
1879 242 1966 269 προσ-

337 273 406 299 ritus
417 278 528 299 sanctus
546 273 703 306 appelletur,
719 278 799 308 alque
825 274 861 300 ita
880 275 1022 302 inconl'usa
1044 277 1126 303 trium

334 325 511 352 personarum
527 317 665 346 distinctio
683 319 709 346 in
737 326 788 346 una
811 320 958 348 divinitatis
982 327 1077 349 natura
1100 327 1128 349 et

334 362 464 397 dig'nitats
477 369 663 390 conservetur.
678 363 769 399 Neque
783 365 854 392 enim
870 365 954 393 Filius
977 371 1018 394 est
1048 367 1128 394 Pater

333 408 419 442 (unus
430 409 500 436 enim
515 413 556 435 est
571 408 678 444 Pater).
702 411 748 437 sed
765 415 806 437 est
826 411 850 437 id
871 412 941 445 quod
964 411 1043 439 Pater
1058 422 1064 439 :
1078 420 1127 440 nec

334 453 452 488 Spiritus
471 458 512 482 est
534 454 629 487 Filius,
656 455 718 489 quia
740 463 773 482 ex
790 455 845 483 Deo
869 461 910 483 est
940 456 1027 492 (unus
1055 458 1126 484 enim

334 498 533 536 Uuigeuitus),
559 501 606 528 sed
634 506 675 528 est
694 501 719 528 id
748 502 818 536 quod
842 501 926 529 Filius
950 511 956 529 :
984 504 1034 530 tria
1069 504 1127 531 haec

334 554 426 579 unum,
442 547 463 574 si
476 547 642 574 divinitatem
657 546 736 583 562
753 552 872 583 spectes,
887 553 912 575 et
928 557 1008 575 unum
1027 550 1088 581 tria,
1103 550 1125 578 si

334 593 529 628 proprietatum
543 593 672 621 rationein
693 594 809 627 habeas;
826 599 854 621 ut
869 602 918 621 nec
934 603 1016 621 unum
1034 595 1127 623 Sabel-

333 639 369 666 lio
384 638 479 671 faveat,
507 646 556 666 nec
580 639 632 666 tria
670 639 804 674 pestiferae
828 640 972 672 divisioni,
990 647 1049 675 qua:
1078 642 1127 668 hac

334 690 493 720 tempestate
504 685 585 720 viget.

370 731 402 760 X.
417 732 486 766 Quid
498 732 582 767 ergo?
593 731 710 766 Spiritus
724 737 834 760 sanctus
845 737 885 760 est
900 732 989 760 Deus?
999 732 1124 760 Maxime.

333 777 572 806 Consubstantialis
601 777 701 812 igitur?
733 777 865 810 Prorsus,
886 778 1019 812 siquidem
1043 777 1124 804 Deus.

334 825 371 852 Da
386 826 468 860 igitur
483 825 559 856 mihi,
578 823 677 858 inquis,
693 831 725 850 ex
739 824 831 851 eodem
847 823 918 850 aliud
933 831 993 850 esse
1015 823 1124 856 Filium,

334 870 406 897 aliud
421 890 428 902 ,
444 870 514 904 quod
533 869 618 896 Filius
639 876 690 896 non
705 869 749 900 sit,
764 872 791 895 et
810 872 899 895 tamen
924 868 1045 902 ejusdem
1063 876 1124 895 cum

334 917 378 945 illo
393 916 559 950 substantiae,
580 924 609 943 ac
626 915 720 947 Deum,
737 921 764 942 et
779 916 861 942 Deum
877 916 1027 943 admittam.
1046 916 1080 943 Da
1094 921 1121 943 tu

1178 275 1336 310 ηγόρευσεν,
1347 275 1389 301 ἵνα
1402 274 1431 301 τὸ
1441 274 1592 309 ἀσύγχυτον
1605 274 1723 310 σώζηται
1737 275 1790 302 τῶν
1804 277 1886 312 τριῶν
1903 278 1966 304 61:0-

1179 321 1299 347 στάσεων
1313 321 1341 346 ὲν
1356 322 1388 355 τῇ
1407 321 1458 356 μιᾷ
1472 321 1552 356 φύσει
1565 330 1595 348 τε
1611 321 1657 348 καὶ
1671 321 1735 356 ἀξίᾳ
1755 321 1805 357 τῆς
1825 322 1963 358 θεότητος.

1180 364 1247 392 Οὔτε
1263 365 1316 401 γὰρ
1329 366 1343 392 6
1360 366 1420 396 ria;
1435 367 1530 402 Πατὴρ
1543 364 1594 402 (εἷς
1611 367 1664 402 γὰρ
1683 367 1800 403 Πατὴρ),
1821 367 1878 395 ἀλλ’
1894 369 1964 404 ὅπερ

1178 411 1191 436 6
1203 411 1297 447 Πατήρ
1307 419 1313 426 ·
1330 411 1391 438 οὒτε
1404 411 1434 438 τὺ
1447 412 1561 448 Πνεῦμα
1574 413 1636 444 Υἱὸς
1648 413 1714 448 (59),
1727 414 1767 440 ὅτι
1783 413 1817 441 ἐκ
1828 413 1875 440 τοῦ
1894 414 1962 441 Θεοῦ

1178 453 1229 490 (εἷς
1252 457 1305 492 γὰρ
1328 458 1341 484 6
1362 458 1542 494 Μονογενὴς),
1565 458 1622 485 ἀλλ’
1645 460 1714 494 ὅπερ
1736 460 1750 486 6
1773 460 1850 492 Υἱός·
1874 460 1904 486 ἓν
1928 461 1963 487 τὰ

1177 502 1240 538 τρία
1254 503 1287 538 τῇ
1305 502 1421 538 θεότητι.
1438 504 1483 531 καὶ
1496 505 1526 530 τὸ
1548 505 1659 540 ἓν,τρία
1671 506 1731 537 ταῖς
1751 505 1893 541 ἰδιότησιν·
1917 507 1961 532 ἴνα

1179 548 1247 582 μήτε
1260 547 1289 574 τὸ
1304 547 1333 573 ἓν
1350 549 1493 576 Σαϐέλλιον
1506 547 1533 586 ᾗ,
1553 550 1621 585 μήτε
1640 550 1672 577 τὰ
1690 550 1753 587 τρία
1770 551 1821 586 τῆς
1839 551 1961 586 πονηρᾶς

1177 593 1224 620 νῦν
1239 593 1293 628 (60)
1307 594 1473 630 διαιρέσεως.

1212 729 1240 756 1’.
1260 728 1292 755 Τί
1309 727 1369 761 οὖνς
1393 729 1459 761 Θεὸς
1482 729 1511 756 τὸ
1535 730 1661 766 Πνεῦμας
1686 730 1760 758 Πάνυ
1784 740 1826 766 γε.
1847 731 1880 758 Τί
1902 729 1959 765 οὖν,

1176 775 1332 810 ὀμοούσιον;
1349 775 1434 811 Εἴπερ
1451 775 1527 808 Θεός.
1548 777 1597 808 Δὸς
1617 775 1664 804 οὖν
1682 786 1736 812 μοι,
1751 777 1843 812 φησὶν,
1863 779 1896 804 ἐκ
1913 778 1958 805 τοῦ

1176 821 1270 851 αὑτοῦ,
1287 821 1315 847 τὸ
1340 821 1388 856 μὲν
1408 821 1481 852 Υίὸν,
1503 821 1534 848 τὸ
1549 822 1577 849 δὲ
1591 823 1638 858 οὐχ
1657 823 1730 855 Υἱὸν,
1747 821 1806 850 εἶτα
1818 824 1957 859 ὀμοοὺσια,

1176 867 1222 893 καὶ
1244 867 1357 902 δέχομαι
1376 867 1430 902 (61)
1455 867 1530 899 Θεὸν,
1552 869 1598 895 καὶ
1618 870 1693 896 Θεόν.
1717 870 1766 901 Δός
1789 879 1834 905 μοι
1858 871 1905 897 καὶ
1927 872 1958 898 σὺ

1174 912 1251 939 ἄλλον
1264 912 1340 943 Θεὸν,
1356 913 1403 939 καὶ
1421 913 1501 945 φύσιν
1518 913 1595 947 Θεοῦ,
1613 915 1660 940 καὶ
1682 914 1759 941 δώσω
1780 915 1835 951 (62)
1852 924 1893 943 σοι
1910 917 1958 951 τὴν

333 969 439 996 quoque
453 961 517 988 mihi
532 962 614 988 Deum
629 960 721 991 alium,
748 960 847 995 Deique
870 965 1006 992 naturam,
1024 966 1051 989 et
1075 961 1120 990 tibi

1173 959 1256 994 αὐτὴν
1278 959 1380 994 Τριάδα
1408 958 1476 994 μετὰ
1502 959 1555 986 τῶν
1580 961 1669 987 αὐτῶν
1696 961 1836 997 ὀνομάτων
1862 971 1892 989 τε
1914 964 1959 990 καὶ

333 1009 454 1035 eamdem
471 1006 631 1033 Trinitatem
645 1013 704 1032 cum
723 1005 817 1032 iisdeni
833 1005 988 1033 nominibus
1000 1013 1031 1033 ac
1042 1006 1120 1034 rebus

1174 1005 1355 1040 πραγμάτων.
1371 1005 1402 1031 EE
1421 1005 1449 1031 δὲ
1469 1003 1509 1036 εἷς
1525 1006 1539 1031 6
1554 1003 1620 1037 Θεός
1634 1015 1663 1032 τε
1678 1007 1725 1034 καὶ
1740 1007 1795 1042 (65)
1813 1008 1862 1042 μία
1879 1008 1959 1042 φύσις

333 1054 413 1081 dabo.
427 1053 493 1080 Cum
513 1060 575 1079 vero
592 1052 661 1079 Deus
671 1059 752 1084 unus,
765 1056 844 1086 atque
862 1059 913 1078 una
931 1059 1057 1087 suprema
1072 1059 1120 1079 na-

1173 1051 1190 1085 ὴ
1210 1051 1350 1081 ἀνωτάτω,
1365 1049 1447 1076 πόθεν
1464 1051 1629 1085 παραστήσω
1644 1059 1685 1078 σοι
1697 1052 1746 1085 τὴν
1762 1053 1908 1087 ὁμοίωσιν;
1924 1054 1958 1080 Ἦ

332 1104 393 1128 tura
407 1099 452 1130 sit,
465 1098 535 1125 unde
561 1097 666 1124 tandem
683 1097 886 1124 similitudinem
901 1097 947 1124 tibi
971 1104 1119 1132 repriesen-

1174 1095 1265 1130 ζητεῖς
1288 1095 1344 1130 (64)
1362 1094 1442 1120 πάλιν
1465 1095 1497 1120 ἐκ
1515 1094 1569 1121 τῶν
1590 1095 1665 1122 κάτω
1688 1097 1734 1122 καὶ
1756 1097 1808 1123 τῶν
1825 1099 1889 1132 περὶ
1912 1098 1957 1129 σέ;

335 1145 471 1173 tabo‘iAn
498 1147 592 1170 rursus
617 1143 736 1178 postulas
761 1150 793 1170 ex
816 1143 930 1170 terrenis
948 1148 975 1170 et
1000 1143 1120 1170 humanis

1172 1141 1240 1167 Δίαν
1266 1141 1314 1176 μὲν
1338 1140 1460 1176 αἰσχρὸν,
1485 1140 1532 1167 καὶ
1559 1141 1609 1167 οὐκ
1637 1142 1748 1177 αἰσχρὸν
1775 1142 1866 1178 μόνον,
1892 1143 1960 1171 ἀλλὰ

332 1198 391 1219 eam
404 1190 482 1217 duci?
495 1189 577 1216 Valde
588 1188 707 1223 profecto
722 1193 799 1223 turpe
814 1193 865 1220 est,
882 1196 930 1215 uec
944 1193 1020 1223 turpe
1033 1189 1122 1221 modo,

333 1237 381 1265 sed
397 1236 478 1263 etiam
489 1235 566 1263 valde
578 1234 690 1262 stultum
711 1239 737 1261 et
753 1234 841 1265 inane,
857 1241 891 1260 ex
918 1234 1065 1262 humilibus
1081 1241 1124 1261 re-

333 1283 394 1314 bus,
409 1288 566 1316 superarum
582 1279 785 1313 calestiumque
807 1278 980 1305 simulacrum
1005 1285 1122 1312 sumere,

334 1334 478 1361 rerumque
493 1331 626 1353 certarum
641 1329 722 1359 atque
732 1322 914 1351 constantium
932 1330 965 1350 ex
979 1322 1050 1350 ﬂuxa
1067 1323 1123 1349 fra-

334 1373 436 1409 gilique
451 1376 558 1403 natura,
570 1370 694 1404 quodque
719 1368 801 1396 Isaias
818 1369 857 1396 ait
873 1368 991 1395 viventia
1009 1369 1036 1395 in
1052 1375 1124 1395 mor-

332 1420 386 1448 tuis
393 1417 570 1453 requirere".
578 1415 609 1442 Et
617 1420 705 1442 tamen
716 1414 834 1446 adnitar,
844 1414 952 1448 quando
962 1414 998 1440 ita
1010 1414 1124 1446 vis,hinc

307 1466 311 1470 ’
331 1471 438 1500 quoque
462 1461 615 1491 nonnullam
645 1459 758 1487 orationi
787 1464 886 1486 nostra:
913 1465 991 1492 opem
1016 1457 1122 1485 ail‘erre.

331 1511 419 1545 Atque
432 1509 482 1536 alia
499 1507 606 1542 quidem
632 1504 859 1540 praetermittenda
872 1504 949 1536 duco,
964 1503 1014 1530 etsi
1041 1503 1123 1531 multa

332 1557 366 1583 de
380 1554 536 1582 animalium
555 1551 668 1579 historia
695 1557 909 1577 commemorare
924 1557 1032 1584 queam,
1061 1557 1123 1584 par-

333 1602 382 1629 tim
401 1600 478 1627 nobis
503 1602 576 1629 nota,
592 1597 686 1631 partim
713 1596 806 1630 paucis
830 1595 947 1630 cognita,
965 1603 1024 1630 quas
1050 1596 1122 1623 circa

333 1645 511 1675 animantium
523 1647 598 1670 ortus
620 1649 652 1669 ac
674 1642 863 1675 generationes
883 1645 978 1668 natura
996 1643 1064 1668 miro
1082 1649 1122 1668 ar-

334 1692 418 1721 tilicio
441 1690 532 1718 edidit.
551 1687 628 1722 Gigni
644 1687 742 1715 etenim
761 1686 899 1719 dicuntur,
922 1694 974 1713 non
991 1687 1069 1713 modo
1087 1693 1120 1714 ex

333 1738 426 1766 iisdem
442 1736 546 1766 eadem,
567 1739 647 1768 atque
657 1741 689 1760 ex
703 1732 816 1760 diversis
844 1732 966 1765 diversa;
979 1732 1025 1759 sed
1039 1732 1119 1759 etiam

331 1784 424 1813 eadem
438 1790 471 1810 ex
488 1781 613 1812 diversis,
637 1787 669 1806 ac
689 1779 793 1806 diversa
818 1785 852 1804 ex
881 1777 985 1804 iisdem.
1006 1776 1080 1811 Quod
1096 1777 1118 1804 si

332 1830 412 1858 etiam
429 1827 553 1862 cuiquam
570 1826 648 1853 [idem
668 1824 732 1851 facit
749 1823 793 1850 hic
817 1830 916 1854 sermo,
932 1822 1000 1850 alius
1016 1828 1057 1850 est
1073 1830 1116 1857 ge-

334 1873 481 1902 nerationis
495 1872 601 1903 modus,
617 1875 645 1898 ut
668 1869 737 1897 idem
753 1868 853 1896 animal
870 1876 884 1896 a
900 1868 988 1902 scipso
1016 1876 1117 1895 consu-

334 1922 423 1945 matur
437 1921 463 1944 et
476 1920 641 1950 procreetur.
654 1913 814 1942 Suntetiam
828 1921 898 1948 quae,
912 1913 983 1940 velut
1001 1913 1116 1947 quadam

332 1968 433 1990 natura:
450 1960 660 1996 magniﬁcentia,
684 1967 699 1986 a
731 1959 826 1993 seipsis
850 1958 1048 1993 quodammodo
1073 1958 1118 1985 de-

332 2009 460 2041 suiscant,
475 2012 554 2042 atque
566 2014 600 2034 ex
615 2006 676 2033 aliis
690 2005 851 2032 animalibus
864 2005 890 2031 in
911 2003 961 2030 alia
979 2007 1116 2030 transeant

332 2060 412 2090 atque
427 2055 612 2082 immuteutur.
625 2051 774 2085 Quinetiam
793 2051 863 2077 idem
879 2048 989 2080 animal,
1017 2048 1114 2083 partim

331 2109 383 2128 non
401 2101 530 2136 genitum,
552 2098 650 2134 partim
670 2097 798 2132 genitum,
828 2101 855 2123 et
872 2100 961 2123 tamen
991 2093 1112 2129 ejusdem

1173 1187 1220 1213 καὶ
1240 1187 1353 1221 μάταιον
1375 1186 1516 1219 επιεικῶς,
1537 1188 1570 1212 ἐκ
1597 1187 1649 1213 τῶν
1670 1188 1745 1214 κάτω
1761 1188 1813 1215 τῶν
1830 1188 1886 1216 ἄνω
1909 1190 1958 1225 τὴν

1173 1232 1297 1259 εἰκασίαν
1318 1232 1476 1268 λαμϐάνειν,
1490 1233 1537 1259 καὶ
1549 1233 1602 1259 τῶν
1627 1233 1761 1268 ἀκινήτων
1780 1235 1812 1260 ὲκ
1827 1234 1878 1269 τῆς
1895 1236 1971 1273 ῥευη

1175 1278 1241 1311 στῆς
1267 1276 1385 1311 φύσεως,
1412 1277 1478 1309 καὶ,
1502 1277 1516 1302 ὅ
1533 1285 1616 1312 φησιν
1637 1278 1759 1310 Ἡσαΐας,
1785 1278 1958 1315 ἐκζητείσθαι

1173 1321 1207 1347 τὰ
1230 1321 1319 1353 ζῶντα
1337 1321 1393 1356 (65)
1416 1322 1445 1349 ὲν
1460 1323 1516 1354 τοῖς
1540 1324 1655 1358 νεκροῖς.
1670 1324 1762 1359 Ὅμως
1776 1325 1803 1351 δὲ
1829 1326 1958 1361 πειράσο-

1176 1375 1235 1401 μαι,
1252 1366 1300 1402 σὴν
1317 1367 1406 1402 χάριν,
1422 1367 1569 1395 κάντεῦθεν
1581 1368 1671 1395 δοῦναί
1686 1378 1747 1396 τινα
1763 1370 1800 1406 τῷ
1817 1370 1888 1407 λόγῳ
1901 1372 1964 1407 (66)(

1175 1411 1308 1447 βοήθειαν.
1338 1412 1378 1439 Τὰ
1408 1413 1457 1448 μὲν
1480 1411 1526 1440 οὖν
1549 1413 1616 1441 ἄλλα
1645 1416 1778 1450 παρήσειν
1805 1425 1850 1451 μοι
1875 1409 1962 1450 δοκῶ,

1175 1457 1259 1484 πολλὰ
1276 1457 1308 1484 ἂν
1333 1457 1401 1492 ἔχων
1419 1458 1451 1485 ὲκ
1474 1459 1524 1493 τῆς
1539 1460 1603 1495 περὶ
1629 1460 1705 1492 ζώων
1724 1461 1841 1497 ἱστορίας
1856 1464 1956 1495 εἰπεῖν,

1173 1502 1208 1529 τὰ
1226 1503 1274 1538 μὲν
1295 1504 1360 1538 ἡμῖν
1375 1503 1510 1546 γνώριμα,
1531 1505 1566 1532 τὰ
1586 1506 1614 1533 δὲ
1629 1508 1684 1538 τοῖς
1698 1507 1810 1541 ὀλίγοις·
1827 1508 1877 1535 ὃσα
1895 1509 1957 1545 περὶ

1173 1549 1223 1580 τὰς
1249 1549 1302 1576 τῶν
1327 1548 1405 1581 ζώων
1431 1550 1584 1586 γενέσειςὴ
1612 1551 1693 1585 φύσις
1720 1553 1954 1590 ὲφιλοτεχνήσατο.

1173 1594 1319 1622 Γεννᾶσθαι
1337 1595 1390 1630 γὰρ
1406 1595 1523 1629 λέγεται,
1542 1597 1590 1623 οὐκ
1611 1598 1642 1623 ἐκ
1659 1597 1713 1624 τῶν
1735 1599 1823 1626 αὐτῶν
1838 1599 1870 1626 τὰ
1887 1601 1957 1627 αὐτὰ

1173 1640 1262 1676 μόνον,
1284 1641 1342 1668 οὐδὲ
1357 1641 1386 1674 ἐξ
1409 1642 1508 1676 ἑτέρων
1523 1643 1605 1678 ἕτερα
1619 1642 1684 1679 (67),
1706 1643 1773 1670 ἀλλὰ
1789 1645 1835 1671 καὶ
1857 1646 1887 1679 ἐξ
1902 1646 1957 1673 ἐτέ-

1171 1694 1226 1722 ρων
1239 1686 1273 1713 τὰ
1290 1687 1368 1719 αὐτὰ,
1383 1688 1429 1714 καὶ
1442 1688 1474 1714 ὲκ
1489 1688 1542 1715 τῶν
1553 1689 1641 1715 αὐτῶν
1656 1689 1745 1725 ἕτερα.
1758 1690 1789 1716 Ei
1801 1691 1829 1717 δέ
1843 1699 1883 1727 τῳ
1898 1691 1954 1727 (88)

1172 1733 1267 1764 πιστὸς
1281 1733 1295 1759 ὁ
1317 1733 1405 1767 λόγος,
1424 1735 1470 1761 καὶ
1488 1734 1566 1767 ἄλλος
1583 1736 1641 1762 ἐστὶ
1665 1736 1765 1772 τρόπος
1791 1739 1954 1774 γεννήσεως,

1172 1778 1237 1805 αὐτό
1257 1787 1282 1805 τι
1308 1779 1352 1814 ὑφ’
1372 1780 1468 1807 ἑαυτοῦ
1493 1780 1685 1817 δαπανώμενον
1710 1783 1757 1810 κα).
1785 1784 1953 1819 τικτόμενον.

1173 1824 1250 1851 Ἐστι
1266 1824 1295 1850 δὲ
1321 1824 1338 1851 ἂ
1355 1825 1402 1852 καὶ
1427 1825 1564 1857 ἐξίσταται
1595 1835 1653 1859 πως
1680 1827 1794 1861 ἑαυτῶν,
1819 1828 1849 1861 ἐξ
1867 1829 1954 1856 ἄλλων

1171 1868 1249 1902 ζώων
1263 1870 1302 1901 είς
1316 1870 1383 1897 ἄλλα
1407 1871 1592 1907 μεθιστάμενα
1606 1881 1634 1898 τε
1656 1873 1704 1899 καὶ
1724 1874 1952 1910 μεταποιούμενα,

1170 1914 1310 1950 φιλοτιμίᾳ
1331 1915 1446 1950 φύσεως.
1463 1916 1532 1951 Ἤδη
1554 1916 1582 1943 δὲ
1602 1918 1648 1944 καὶ
1671 1917 1717 1944 τοῦ
1740 1918 1833 1950 αὑτοῦ,
1854 1920 1885 1946 τὸ
1904 1919 1953 1955 μὲν

1167 1959 1197 1986 οὐ
1218 1959 1350 1995 γέννημα,
1366 1961 1399 1987 τὸ
1415 1961 1443 1986 δὲ
1462 1961 1594 1996 γέννημα,
1617 1962 1685 1998 πλὴν
1710 1963 1856 1998 ὁμοούσια·
1872 1965 1887 1991 ὃ
1907 1966 1954 1992 καὶ

1167 2005 1205 2040 τῷ
1226 2007 1340 2041 παρόντι
1357 2015 1416 2038 πως
1437 2006 1536 2042 μᾶλλον
1557 2008 1724 2042 προσέοικεν.
1742 2009 1790 2036 Ἓν
1809 2010 1838 2036 δέ
1855 2019 1880 2036 τι
1898 2010 1953 2037 τῶν

1166 2051 1307 2087 ἡμετέρων
1330 2051 1424 2085 εἰπὼν,
1445 2052 1459 2078 ὃ
1473 2053 1520 2079 καὶ
1544 2054 1610 2079 πᾶσι
1632 2052 1779 2090 γνώριμον,
1801 2056 1843 2090 ἐφ’
1860 2056 1951 2092 ἕτερον

1167 2097 1356 2133 μεταϐήσομαι
1371 2098 1458 2132 λόγον.

332 2147 488 2176 substantiae
503 2146 621 2180 reperire
631 2149 692 2173 est:
708 2144 778 2178 quod
796 2144 904 2179 quidem
940 2143 974 2170 ad
1007 2141 1149 2184 praesentis
1171 2146 1328 2178 quaestionis
1353 2145 1555 2173 similitudinem
1584 2147 1696 2181 propius
1722 2149 1836 2176 accedit.
1862 2149 1950 2177 Unum

330 2193 456 2228 quiddam
483 2199 517 2219 ex
548 2191 647 2219 nostris
676 2190 721 2218 ubi
753 2196 1014 2221 conimemoravero,
1043 2188 1114 2223 quod
1132 2189 1213 2217 etiam
1232 2192 1332 2219 nemitti
1345 2191 1465 2227 ignotum
1480 2197 1531 2225 est,
1548 2193 1601 2221 alio
1617 2199 1709 2229 postea
1737 2195 1861 2223 transibit
1890 2204 1952 2224 on-

332 2241 378 2266 lii).

367 2284 411 2312 XI.
428 2284 496 2317 Quid
521 2283 626 2311 tandem
651 2282 769 2310 Adamus
787 2283 862 2309 erat?
879 2282 927 2310 Dei
946 2283 1113 2317 ﬁgmentum.

1201 2283 1254 2310 IA’.
1281 2283 1309 2308 ’0
1328 2282 1413 2318 Ἀδὰμ
1432 2283 1459 2309 τί
1473 2291 1537 2309 ποτε
1556 2281 1607 2319 ἦν;
1625 2284 1740 2320 Πλάσμα
1755 2285 1833 2312 Θεοῦ.
1850 2287 1883 2313 Τί
1906 2287 1951 2315 δαὶ

332 2331 400 2365 Quid
415 2331 470 2358 Eva
479 2331 490 2357 2
498 2329 631 2365 Figmcnti
643 2328 899 2364 scgmentum.Quid
914 2329 979 2356 Seth
988 2328 999 2354 ?
1008 2327 1114 2356 Utrius-

365 2410 388 2427 "
404 2409 457 2439 lsa.
476 2416 527 2438 vni
537 2429 545 2442 ,
560 2409 602 2437 i9.

363 2488 419 2524 (58)
435 2488 469 2515 Τὸ
482 2486 665 2524 δέηδὶᾳγιίεκ.
677 2487 745 2518 bm.,
759 2487 836 2522 Reg.,
853 2486 934 2522 tIypr.
952 2491 978 2514 et
991 2491 1106 2521 quatuor

329 2522 446 2553 Colbfln
459 2524 501 2550 ed.
513 2522 557 2550 τὸν
570 2522 609 2549 δέ.

365 2559 420 2595 (59)
435 2559 510 2595 ηιές.
526 2558 590 2592 neg.
604 2558 658 2595 b_m,
676 2555 774 2595 ῥγιεες.
824 2591 840 2595 η
940 2589 953 2595 _

364 2589 434 2630 (60)_
446 2589 502 2627 Τῆξ·
513 2589 646 2630 σονῖηρᾶς
655 2591 723 2618 νῦν.
737 2591 802 2630 ilcg.
813 2591 913 2630 Δ(ἱγυικ,
923 2589 973 2624 τῆς
989 2589 1109 2630 ¹ιιονῃλρᾶς

330 2625 376 2656 σού
404 2625 461 2655 νῦν.
477 2625 550 2660 ’Ᾱιιί,
577 2625 696 2654 detracto
721 2625 778 2658 νῦν,
813 2625 911 2653 habent
938 2631 967 2652 ut
996 2625 1021 2651 in
1043 2625 1108 2659 Reg.

328 2664 409 2691 Cvur.

350 2671 418 2734 y(ei?)
433 2698 498 2734 Kal,
508 2697 640 2731 δέχομαι,
656 2701 742 2734 ριοηι
759 2697 797 2722 Ac
819 2695 901 2723 Deum
915 2699 940 2734 e_t
953 2695 1042 2734 Deurn~
1062 2694 1109 2721 ad-

329 2729 443 2760 mittam.
460 2741 469 2758 ι
489 2733 517 2759 Id
531 2729 584 2763 est;
598 2741 608 2757 ί
635 2736 690 2759 tam
716 2731 802 2763 illutn,
827 2739 907 2766 quam
927 2731 1009 2761 hunc,
1026 2729 1108 2757 Deum

328 2769 511 2803 admittam!
711 2801 730 2803 _
771 2801 777 2803 _
797 2800 803 2803 _
981 2799 988 2803 _
1049 2797 1093 2803 ...

362 2803 419 2839 (62)
433 2802 487 2829 Καὶ
500 2802 594 2834 δώσω,
607 2806 663 2839 etc.
682 2810 692 2826 ι
711 2801 743 2828 Et
758 2800 830 2839 dabo
845 2800 893 2839 tibi
911 2799 1032 2827 eamdem
1049 2797 1109 2825 Tri-

328 2835 452 2870 nitatem,
465 2845 524 2873 quae
537 2838 568 2865 iis
576 2837 679 2865 scilicet
692 2835 845 2864 nominibus
856 2836 988 2870 rebusque
1000 2841 1110 2868 respon-

327 2875 399 2900 deat.
420 2882 428 2898 ι

1167 2330 1184 2365 ἡ
1197 2326 1269 2361 Εὔας
1288 2329 1391 2364 Τμῆμα
1409 2328 1455 2355 τοῦ
1479 2329 1645 2365 πλάσματος.
1660 2331 1692 2357 Τί
1708 2331 1751 2358 δαὶ
1767 2333 1781 2359 6
1797 2332 1866 2368 Σήθς
1885 2334 1950 2369 Ἀμ-

1207 2482 1251 2518 65)
1271 2482 1301 2523 ’ρ
1330 2483 1403 2523 Qad}:
1424 2491 1460 2523 τε
1483 2484 1546 2523 μαι.
1575 2483 1669 2523 Plui-nes
1695 2484 1778 2523 Rege.
1802 2492 1830 2514 et
1854 2487 1944 2520 Colb.,

1196 2483 1251 2545 $65)
1271 2483 1301 2509 '0
1330 2483 1403 2522 Θειξς
1428 2491 1460 2523 τε
1487 2484 1546 2510 και.
1575 2483 1669 2512 Plures
1695 2484 1778 2519 Regg.
1802 2492 1830 2514 et
1854 2487 1944 2520 Colb.,

1160 2518 1227 2560 85';
1254 2517 1311 2550 καί,
1344 2519 1456 2552 abiectis
1478 2518 1492 2544 6
1516 2524 1543 2545 et
1562 2526 1602 2545 τε.
1629 2519 1694 2554 Reg.
1718 2520 1810 2556 Cypr..
1841 2523 1856 2548 ὸ
1878 2523 1945 2555 Θεὸς

1160 2562 1303 2635 fieri};
1315 2586 1419 2635 ζηςξῖς.
1448 2586 1514 2622 Reg.
1539 2587 1632 2624 Cypr.,
1645 2588 1677 2616 Ei
1687 2589 1716 2616 δὲ
1728 2590 1829 2626 ζητεῖς·
1847 2601 1857 2618 ι
1868 2591 1943 2626 Quod

1163 2627 1185 2650 si
1203 2630 1305 2653 rursus,
1320 2631 1329 2647 ι
1348 2627 1400 2649 etc.

1199 2657 1254 2700 iiii.)
1276 2657 1315 2700 7}!
1327 2655 1427 2700 ᾆξ’ττα·
1446 2658 1494 2700 οἰκ
1513 2658 1602 2700 HW
1621 2658 1696 2700 δνῖοι-

1196 2693 1251 2734 (66)
1279 2692 1320 2725 Τῷ
1337 2692 1429 2727 λόγῳ.
1449 2702 1458 2718 ι
1474 2694 1606 2727 Orationi,
1623 2703 1633 2720 ι
1662 2696 1688 2722 id
1710 2699 1761 2727 est,
1779 2705 1789 2721 ι
1808 2697 1943 2725 doctrina

1159 2727 1259 2798 Maii).
1279 2762 1329 2803 ’βξ
1343 2761 1451 2804 ἐτέρων
1464 2762 1559 2804 ἕτερα.
1580 2773 1590 2789 ι
1610 2764 1647 2791 Ex
1665 2765 1778 2793 diversis
1796 2765 1912 2800 diversa,
1929 2775 1942 2793 ι

1161 2805 1191 2825 ιιι
1205 2805 1242 2838 ea
1257 2799 1386 2838 asiiiii‘et
1399 2804 1467 2831 equa
1484 2798 1548 2838 muli
1563 2805 1736 2838 generantur.

1197 2833 1254 2868 (68)
1271 2834 1306 2872 Et
1319 2831 1352 2859 δέ
1373 2838 1488 2872 timete.
1510 2832 1554 2860 Sic
1564 2831 1662 2875 plures
1679 2834 1798 2876 codd._ln
1820 2836 1876 2870 ed.,
1901 2835 1942 2863 sl-

1162 2867 1241 2895 δέτω.
1254 2867 1300 2896 Hic
1319 2867 1465 2903 Gregorius
1477 2868 1510 2895 ad
1525 2869 1676 2902 phoenicem
1690 2869 1792 2898 alludit.
