2049 3131
313 157 364 183 Mi

917 154 946 181 S.
968 153 1132 182 GREGORII
1152 153 1327 182 THEOLOGI

1889 154 1938 182 “8

313 215 398 242 Proba
409 222 472 249 ergo
487 214 617 248 Spiritttm
633 214 732 242 factum
747 221 778 242 ac
799 220 969 249 procreatum
984 222 1055 246 esse,
1067 222 1099 241 ac

1152 214 1191 240 ὅτι
1208 214 1313 248 γέγονε.
1330 213 1377 240 καὶ
1394 213 1454 240 τότε
1470 214 1508 250 τῷ
1524 214 1580 249 Υῐῷ
1600 213 1654 246 δὸς,
1674 213 1720 240 καὶ
1739 213 1794 244 τοῖς
1807 218 1937 247 κτισμασι

312 268 367 289 ιιιιη
379 261 447 288 Filio
457 268 518 288 eum
529 261 574 292 da,
585 266 611 288 et
623 261 649 287 itt
661 266 846 288 creaturarum
860 268 973 288 numero
985 261 1095 288 colloca.

311 307 435 340 Quandiu
464 311 552 332 autem
576 306 601 332 id
616 306 732 341 probare
746 310 827 341 atque
843 307 988 333 ostendere
1003 305 1099 340 nequi-

311 354 394 385 veris,
409 353 475 380 nihil
491 352 538 380 libi
567 353 599 379 ad
626 352 792 387 impietatem
818 352 964 387 adiumenti
982 351 1099 385 comple-

311 400 356 426 xio
373 399 416 426 illa
441 398 554 425 allatura
579 402 631 424 est.
650 397 678 425 Si
692 399 764 425 enim
779 397 867 425 factus
881 401 939 430 est,
958 405 1006 431 per
1019 397 1098 424 Chri-

311 450 382 471 stum
397 443 491 478 utique
509 452 516 470 :
531 450 566 470 ne
581 443 638 477 ipse
654 442 762 477 quidem
778 442 882 469 inﬁcias
897 442 981 468 ivero.
1008 440 1035 468 Si
1051 449 1099 467 att-

312 495 365 516 tetn
379 489 467 516 factus
480 495 533 515 non
550 493 603 520 est,
618 487 763 522 quomodo,
780 491 826 514 attt
851 495 942 514 rerum
957 487 1099 513 universa-

311 543 371 562 rum
387 542 502 562 numero
516 528 684 567 inciudetur,
712 538 758 560 aut
784 541 833 568 per
855 533 993 560 Christum
1014 531 1100 559 factus

311 580 381 607 erit?
400 579 516 606 Proinde
530 579 672 611 desine,et
691 577 810 611 Patrem,
838 578 864 604 in
881 577 939 605 Filii
960 582 1099 604 contume<

313 626 376 653 liam
398 625 467 652 male
495 625 631 651 honorare
660 624 669 658 (
694 623 781 650 ntalus
798 623 869 650 enim
883 623 970 650 honor
979 628 1030 653 est,
1047 623 1099 649 Pa-

311 677 381 700 trem
398 671 466 699 Filio
483 671 602 705 privare,
632 675 768 704 utcunque
797 677 859 697 eum
885 670 1099 704 przestantiorem

311 722 465 745 creaturam
477 723 537 743 esse
549 714 745 747 concesseris),
759 719 786 741 ct
811 714 908 741 Filium
934 713 959 740 itt
984 714 1100 747 Spiritus

313 763 398 790 sancti
415 763 600 797 ignominiam.
621 761 679 788 Non
703 761 775 788 enim
800 757 922 788 conservi
943 759 1034 794 opifex
1047 764 1098 791 est,

312 809 358 836 sed
372 816 433 836 cum
452 815 494 840 eo,
509 809 554 842 qui
569 807 626 841 pari
641 806 773 841 dignitate
794 811 847 834 est.
860 805 1036 841 gloriﬁcatur.
1053 805 1099 833 Ni-

312 855 349 882 hil
361 855 486 882 Trinitati
501 862 534 881 ex
550 855 635 888 teipse
651 853 747 884 tribue,
764 859 820 879 nea
834 852 965 879 Trinitate
979 853 1098 879 excidas.

312 901 391 928 Nullo
412 901 491 928 modo
506 908 587 927 unatn
603 900 676 927 illam
696 903 819 926 naturam
835 905 866 925 ac
881 905 1006 932 peraeque
1019 905 1101 925 vene-

1151 259 1362 294 συναρίθμησον.
1376 260 1449 291 Ἕως
1467 259 1490 286 δ’
1512 260 1544 286 ἂν
1560 260 1597 296 μὴ
1614 259 1693 286 τοῦτο
1714 258 1845 290 δεικνύεις
1869 258 1936 293 (78),

1149 303 1224 330 οὐδὲν
1236 303 1275 338 τῷ
1291 303 1480 339 περιληπτικῷ
1499 303 1582 339 βοηθῇ
1598 303 1666 338 πρὸς
1689 303 1824 330 ἀσέϐειαν.
1840 302 1871 328 El
1887 302 1937 337 μὲν

1149 350 1203 386 γὰρ
1224 350 1331 384 γέγονε,
1346 349 1390 376 διὰ
1413 349 1532 385 Χριστοῦ
1549 349 1657 380 πάντως
1671 357 1678 364 ·
1696 348 1758 375 οὐδὲ
1781 348 1863 378 αὐτὸς
1887 349 1937 383 ἀρ-

1149 398 1274 432 νήσωμαι
1294 396 1359 432 (79).
1375 397 1406 423 Εἰ
1423 397 1451 422 δὲ
1465 397 1496 422 οὐ
1513 396 1619 430 γέγονε,
1638 396 1698 427 πῶς
1718 395 1735 431 ἢ
1757 395 1810 421 τῶν
1830 394 1938 421 πάντων

1149 442 1188 474 ἓν,
1205 443 1221 477 ἦ
1241 442 1285 468 διὰ
1299 442 1433 478 Χριστοῦ;
1453 442 1560 468 Παῦσαι
1574 441 1620 468 οὖν
1634 442 1679 468 καὶ
1699 441 1744 468 τὸν
1764 441 1873 476 Πατέρα
1889 449 1938 467 κα-

1149 487 1205 519 κῶς
1228 488 1315 522 τιμῶν
1342 487 1413 514 κατὰ
1436 487 1483 514 τοῦ
1513 487 1684 521 Μονογενοῦς
1707 486 1791 522 (κακὴ
1816 486 1844 513 δὲ
1869 487 1936 521 τιμὴ

1149 533 1251 568 κτίσμα
1264 534 1369 560 διδόντα
1390 534 1420 560 τὸ
1441 533 1602 569 τιμιώτερον
1619 533 1779 568 ἀποστερεῖν
1792 531 1877 566 Υἱον),
1891 532 1938 557 καὶ

1149 580 1194 606 τὸν
1211 580 1275 606 Υἱὸν
1301 580 1372 607 κατὰ
1398 580 1445 606 τοῦ
1464 579 1631 616 Πνεύματος.
1652 580 1689 606 Οὐ
1714 579 1768 615 γὰρ
1793 578 1937 614 ὁμοδούλου

1149 625 1324 661 δημιουργὸς.
1350 626 1408 652 ἀλλ’
1431 626 1555 661 ὁμοτίμῳ
1585 624 1821 660 συνδοξαζόμενος.
1845 623 1938 658 Μηδὲν

1152 671 1221 706 μετὰ
1236 672 1350 699 σεαυτοῦ
1372 672 1421 708 Θῇς
1445 672 1494 708 τῆς
1507 672 1631 708 Τρίῶος,
1647 671 1684 707 μὴ
1702 671 1752 704 τῆς
1766 671 1879 705 Τριάδος
1892 671 1939 697 ἐκ·

1152 718 1248 754 πέσῃς.
1264 719 1366 754 Μηδενὶ
1388 719 1542 755 περικόψῃς
1562 719 1610 754 τὴν
1625 718 1687 753 μίαν
1703 718 1757 752 (80)
1772 717 1873 752 ὁμοίως
1895 725 1938 743 αε-

1151 763 1275 798 6άσμιον.
1295 763 1338 795 Ὠς
1353 763 1394 790 ὅτι
1410 763 1443 790 ἂν
1461 763 1515 790 τῶν
1529 763 1612 798 τριῶν
1627 762 1753 799 καθέλῃς,
1771 761 1800 787 τὸ
1818 762 1871 788 πᾶν
1888 761 1937 796 ἓσῃ

1151 809 1325 846 καθῃρηκὼς,
1339 809 1438 845 μᾶλλον
1447 809 1475 836 δὲ
1489 809 1536 836 τοῦ
1555 808 1655 840 παντὸς
1671 807 1865 838 ἐκπεπτωκώς.
1876 806 1938 832 Βέλ-

1151 863 1207 881 τιον
1225 855 1324 890 μικρὰν
1343 855 1391 890 τῆς
1411 854 1533 886 ἐνώσεως
1551 853 1700 889 φανταπίαν
1724 852 1826 884 λαϐεῖν,
1840 853 1856 887 ἢ
1871 860 1937 878 παν-

1148 900 1213 936 τελῆ
1230 901 1364 936 τολμῆσαι
1384 901 1553 927 δυσσέϐειαν.

310 948 421 975 randaut
441 953 548 975 trunca.
568 946 676 981 Alioqui
693 947 714 974 si
734 946 798 980 quid
810 953 840 972 ex
855 945 941 972 tribus
955 945 1098 977 everteris.
1123 951 1206 975 totum
1219 949 1358 981 et'crteris,
1376 949 1429 976 imo
1459 956 1473 975 a
1495 953 1550 975 toto
1580 948 1724 974 excideris.
1748 946 1860 973 Praestat
1882 946 1942 974 exi‘.

310 1001 392 1028 gunm
412 993 546 1028 quoddam
562 992 669 1020 uuionis
693 991 762 1019 illius
787 991 960 1018 simulacrum
986 998 1093 1025 capere,
1113 1000 1192 1027 quam
1211 994 1349 1030 proﬂigata
1363 995 1478 1029 quadam
1496 994 1606 1021 audacia
1623 994 1649 1020 in
1677 1000 1784 1020 omnent
1817 992 1941 1026 impieta~

310 1044 363 1066 tem
377 1045 563 1074 prorumpere.

346 1085 415 1114 X111.
434 1085 580 1120 Venitjam
597 1086 630 1114 ad
642 1086 806 1121 praecipuum
822 1085 1012 1120 disputationis
1021 1091 1102 1121 caput

309 1133 411 1166 oratio;
427 1140 459 1159 ac
475 1132 656 1166 quaestionem
672 1132 790 1166 quidem,
808 1139 868 1166 quae
879 1131 1041 1166 jampridem
1054 1139 1102 1166 op-

310 1186 405 1213 pressa
422 1183 463 1206 est
479 1182 506 1206 et
521 1178 668 1210 exstincta,
683 1182 764 1212 atque
779 1177 840 1204 ﬁdei
855 1178 948 1208 cessit,
964 1177 1015 1205 hoc
1035 1182 1102 1204 tetu-

310 1231 377 1258 pore
396 1223 521 1251 renovari
539 1223 617 1250 doleo
632 1228 660 1250 et
678 1223 848 1256 ingemisco:
866 1223 997 1250 adversus
1021 1223 1098 1250 rabu-

312 1271 354 1298 las
369 1275 460 1297 tamen
476 1275 549 1297 stare
561 1276 672 1297 necesse
687 1273 739 1301 est,
757 1276 789 1296 ac
799 1269 950 1304 providere,
973 1276 1006 1296 ne
1030 1268 1102 1295 velut

312 1317 418 1344 deserta
436 1323 516 1342 causa
527 1316 680 1346 vincamur,
695 1314 740 1349 qui
756 1314 873 1341 Verbum
887 1313 1025 1347 habemus,
1040 1314 1101 1348 Spi-

313 1362 436 1396 ritusque
450 1361 630 1396 patrocinium
644 1359 853 1395 suscipimus.Si
871 1359 952 1393 Deus,
963 1360 1099 1394 inquiunt,

312 1413 340 1436 et
352 1408 433 1443 Deus,
448 1414 474 1436 et
487 1409 566 1440 Deus,
583 1409 646 1443 quid
657 1416 745 1436 causae
761 1416 821 1436 esse
842 1412 940 1443 potest.
959 1410 1023 1443 quin
1048 1414 1102 1437 tres

312 1455 368 1483 sittt
386 1455 434 1488 dii,
447 1460 492 1482 aut
505 1457 570 1490 quin
589 1455 704 1490 plttriunt
728 1455 837 1482 deorttm
864 1454 1042 1489 principatum
1056 1463 1101 1482 co-

312 1501 420 1528 lamus?
432 1501 548 1535 Quinam
565 1501 639 1528 haec?
652 1500 684 1527 Hi
703 1507 809 1534 nempe,
827 1501 872 1535 qui
889 1500 1063 1535 perfectiores
1073 1501 1101 1528 in

301 1548 453 1582 .impietatc
466 1553 539 1579 sunt,
568 1551 615 1575 aut
637 1548 718 1574 etiattt
745 1547 790 1582 qui
806 1548 938 1575 secundas
955 1552 1047 1583 partes
1064 1552 1104 1575 te-

314 1598 388 1626 ttettt,
405 1593 456 1620 hoc
471 1597 522 1624 est,
535 1593 580 1627 qui
601 1593 634 1620 de
648 1592 717 1619 Filio
743 1593 842 1620 rectius
858 1593 986 1620 sentiunt.
1007 1592 1103 1620 Sermo

314 1638 385 1665 enim
397 1638 473 1670 tnilti,
489 1638 586 1672 partim
602 1638 733 1665 adversus
759 1637 855 1665 ambos
880 1638 1031 1666 communis
1049 1644 1102 1671 est,

313 1683 412 1716 partim
424 1683 554 1710 adversus
570 1683 619 1710 hos
634 1684 758 1718 proprius
774 1688 800 1710 et
820 1683 975 1718 peculiaris.
987 1683 1026 1711 Ac
1041 1692 1102 1711 cum

314 1728 358 1756 his
369 1728 478 1762 quidem
502 1729 535 1754 ad
561 1729 632 1755 lnmc
660 1729 769 1756 modum
784 1736 904 1763 agemus.
922 1729 991 1762 Quid
1012 1730 1104 1757 tridei-

315 1774 350 1801 tis
365 1774 444 1801 nobis
457 1774 557 1807 dicitis,
573 1775 618 1809 qni
635 1774 731 1802 Filium
760 1775 857 1806 colitis,
889 1776 938 1802 etsi
964 1783 978 1802 a
1003 1776 1103 1809 Spiritu

314 1819 488 1847 descit'istis?
505 1819 557 1847 Vos
569 1825 658 1849 autent
674 1828 725 1848 non
742 1820 869 1848 bideitm?
881 1820 946 1848 Nam
962 1821 986 1848 si
1009 1821 1104 1856 Unige-

315 1865 364 1891 niti
381 1873 488 1900 quoqtte
500 1866 601 1893 cultum
617 1871 644 1893 ct
659 1867 843 1894 atlorationem
867 1867 1007 1901 abjuratis,
1033 1867 1104 1894 haud

316 1909 396 1936 dubie
411 1910 445 1937 ab
456 1911 672 1938 adversariorum
687 1911 811 1945 partibus
825 1911 902 1938 statis
916 1920 923 1937 :
941 1902 973 1938 ac
986 1911 1098 1945 proinde

315 1956 380 1989 quid
397 1960 448 1988 est,
468 1957 642 1990 quamobrem
657 1956 742 1984 lenius
755 1957 954 1991 ltumaniusque
966 1958 1103 1985 vobiscum

315 2009 437 2034 agamus,
454 2007 582 2037 tanquam
611 2010 665 2033 non
690 2003 801 2030 omnino
825 2003 938 2029 mortuis
957 2008 984 2029 et
1003 2003 1104 2030 exstin-

315 2048 387 2076 ctis?
402 2048 430 2076 Si
445 2054 534 2076 autem
550 2049 647 2081 colitis.
664 2055 746 2084 atque
761 2049 842 2084 565
862 2050 992 2076 hactenus
1008 2049 1102 2076 saltem

316 2095 463 2122 salubriter
474 2095 560 2123 aﬁ‘ecti
575 2097 650 2128 estis,
669 2103 702 2122 ex
717 2096 791 2122 vobis
803 2103 954 2130 quaeremus
968 2115 976 2128 ,
997 2103 1049 2129 qua
1066 2103 1105 2122 ra—

317 2141 390 2167 tione
403 2148 417 2166 a
436 2141 574 2168 bideitatis
588 2142 700 2168 crimine
712 2147 817 2169 vosmet
833 2141 971 2168 vindicare
987 2142 1102 2175 queatis,

317 2185 339 2211 si
357 2185 417 2219 quis
430 2192 489 2211 eant
508 2186 585 2212 vobis
597 2186 726 2220 obiiciat?
744 2186 771 2212 Si
790 2191 832 2213 est
846 2185 920 2212 vobis
940 2192 1030 2212 sermo
1041 2193 1105 2219 prn-

316 2231 426 2264 dcntize,
442 2233 610 2267 respondete.
627 2233 757 2268 nobisquc
768 2233 848 2260 etiam
861 2231 1039 2265 respondendi
1057 2239 1105 2258 an-

1187 1086 1236 1114 ll".
1259 1087 1340 1113 ’Ὴκει
1353 1086 1381 1112 δὲ
1396 1087 1461 1122 ἡμῖν
1477 1086 1490 1112 ὁ
1507 1086 1584 1120 λόγος
1599 1085 1642 1112 ἐπ’
1659 1085 1724 1111 αὐτὸ
1736 1084 1766 1110 τὸ
1780 1085 1941 1119 κεφάλαιονο

1152 1133 1200 1158 καὶ
1219 1131 1305 1158 στένω
1321 1132 1380 1167 μὲν,
1397 1133 1437 1158 ὅτι
1455 1131 1538 1159 πάλαι
1556 1131 1685 1166 τεθνηκὸς
1705 1131 1825 1166 ζήτημα,
1847 1130 1893 1156 καὶ
1907 1130 1942 1166 τῇ

1153 1179 1243 1204 πίστει
1268 1178 1484 1214 παραχωρῆσαν,
1500 1178 1547 1205 νῦν
1563 1177 1781 1210 ἀνακαινίζεταιι
1798 1176 1893 1211 στῆναι
1912 1176 1942 1203 δὲ

1152 1225 1227 1259 ὅμως
1259 1224 1408 1250 ὰνανκαῖον
1435 1224 1504 1260 πρὸς
1534 1224 1597 1255 τοὺς
1623 1223 1803 1259 λογολέσχας,
1831 1223 1878 1249 καὶ
1905 1223 1942 1258 μὴ

1153 1272 1260 1306 ἐρήμην
1283 1270 1395 1302 ἁλῶναι,
1418 1271 1502 1304 Λόγον
1522 1270 1644 1305 ἔχοντας,
1661 1271 1708 1297 καὶ
1726 1268 1942 1306 συνηγοροῦντος

1151 1316 1301 1351 Πνεῦματι.
1333 1317 1365 1343 Εἰ
1380 1316 1457 1348 Θεὸς,
1474 1317 1539 1351 φασὶ
1561 1316 1628 1352 (81),
1648 1317 1694 1343 καὶ
1711 1317 1787 1348 Θεὸς.
1804 1317 1851 1343 καὶ
1864 1316 1941 1347 Θεὸς,

1152 1362 1209 1393 πῶς
1225 1363 1285 1397 οὐχ).
1304 1363 1379 1398 τρεῖς
1399 1362 1473 1396 θεοί;
1491 1363 1506 1398 ἢ
1526 1362 1584 1392 πῶς
1599 1363 1629 1388 οὐ
1650 1362 1804 1398 πολυαρχία
1818 1361 1848 1388 τὸ
1866 1362 1943 1394 δοξα-
1972 1375 1974 1379 ν

1152 1408 1279 1443 ζὸμενον;
1299 1408 1391 1434 Ταῦτα
1408 1408 1497 1439 τίνες;
1513 1409 1543 1434 υἱ
1558 1408 1717 1443 τελεώτεροι
1740 1408 1794 1443 (82)
1808 1409 1858 1443 τὴν
1880 1407 1944 1434 ἀεέ-
1974 1436 1975 1439 η

1153 1453 1240 1484 ϐειαν,
1263 1453 1279 1488 ἢ
1299 1454 1346 1480 καὶ
1360 1454 1385 1480 οἱ
1402 1454 1451 1488 τῆς
1471 1453 1600 1488 δευτέρας
1616 1454 1672 1489 (85)
1695 1454 1813 1489 μερίδος,
1831 1454 1902 1488 λέγω
1916 1454 1944 1480 δὲ
1974 1445 1977 1450 ’

1154 1501 1216 1532 τοὺς
1241 1500 1304 1535 περὶ
1327 1500 1372 1526 τὸν
1398 1500 1460 1526 Υἰόν
1485 1509 1543 1531 πως
1564 1500 1748 1535 εὐγνώμονας.
1769 1500 1798 1526 '0
1825 1500 1874 1535 μὲν
1890 1500 1944 1535 γὰρ

1155 1545 1243 1576 κοινός
1260 1553 1303 1580 μοι
1331 1545 1398 1579 πρὸς
1423 1544 1596 1580 ἀμφοτέρους
1619 1545 1706 1578 λόγος.
1722 1546 1736 1571 ὁ
1757 1545 1786 1572 δὲ
1804 1545 1871 1580 πρὸς
1887 1545 1945 1571 τοὺ-

1153 1599 1216 1622 τους
1242 1591 1314 1622 ἴδιος.
1336 1591 1364 1617 ’0
1382 1591 1431 1625 μὲν
1451 1588 1495 1617 οὖν
1521 1591 1589 1626 πρὸς
1613 1591 1733 1623 τούτους,
1758 1590 1889 1623 τοιοῦτος.
1911 1591 1944 1617 Τί

1156 1644 1223 1668 φατε
1245 1637 1301 1667 τοῖς
1321 1635 1469 1670 τριθεῖταις
1485 1636 1541 1671 (84)
1562 1637 1639 1671 ἡμῖν,
1659 1637 1685 1662 ol
1707 1636 1752 1663 τὸν
1768 1636 1830 1663 Υἱὸν
1855 1637 1945 1663 σέϐον-

1154 1689 1215 1712 τες.
1237 1682 1261 1707 εἰ
1284 1682 1330 1707 καὶ
1351 1681 1399 1707 τοῦ
1416 1682 1572 1717 Πνεύματος
1594 1683 1781 1717 ἀφεστήκατες
1801 1683 1896 1718 Ὑμεῖς
1915 1682 1945 1710 δὲ

1154 1728 1185 1753 οὐ
1202 1727 1315 1754 διοεΐται
1331 1728 1405 1759 (85);
1426 1729 1457 1754 Εἰ
1474 1728 1522 1763 μὲν
1537 1729 1591 1763 γὰρ
1611 1728 1736 1763 ἀρνεῖσοε
1752 1729 1798 1755 καὶ
1820 1729 1866 1755 τοῦ
1887 1729 1944 1755 Mo-

1155 1773 1279 1806 νογενοῦς
1294 1773 1342 1809 τὴν
1357 1774 1552 1810 προσκύνησιν,
1567 1775 1660 1809 σαφῶς
1673 1775 1786 1810 τέταχθε
1808 1775 1878 1809 μετὰ
1891 1775 1945 1801 τῶν

1154 1819 1299 1844 ἐναντὶωνσ
1329 1820 1375 1846 καὶ
1401 1819 1426 1846 τί
1451 1820 1731 1856 φιλανθρωπευὸμεθα
1760 1821 1828 1856 πρὸς
1859 1821 1942 1856 ὑμᾶς,

1153 1864 1190 1896 ὡς
1210 1865 1239 1890 οὐ
1264 1865 1350 1900 πάντη
1373 1866 1604 1900 νενεκρωμένους;
1629 1867 1659 1892 Εἰ
1683 1866 1711 1893 δὲ
1739 1866 1873 1898 σέϐεσθε,
1899 1867 1945 1892 καὶ

1156 1910 1236 1944 μέχρι
1260 1909 1353 1936 τούτου
1367 1910 1504 1937 διάκεισθε
1527 1911 1668 1946 σωτηρίως
1685 1911 1752 1946 (86).
1774 1912 1846 1946 ὑμᾶς
1870 1912 1940 1946 ἐρω-

1154 1957 1289 1991 τήσομενο
1305 1957 1353 1988 Τίς
1374 1957 1388 1982 ὁ
1412 1957 1490 1991 λόγος
1515 1957 1565 1992 τῆς
1589 1957 1690 1989 διοεῗας
1713 1959 1785 1993 ὑμῖν,
1809 1958 1842 1986 ἂν
1869 1957 1944 1984 τοῦτο

1154 2001 1322 2037 ὲγκαλῆσοε;
1349 2003 1380 2028 El
1405 2002 1462 2029 ἔστι
1488 2003 1566 2037 λόγος
1597 2003 1739 2035 συνέσεως,
1765 2003 1942 2039 ἁποκρίθητε,

1154 2048 1212 2074 δότε
1236 2049 1282 2074 καὶ
1303 2049 1368 2084 ἡμῖν
1394 2049 1452 2075 ὁδὸν
1476 2049 1657 2084 ἀποκρίσεως.
1677 2047 1724 2080 Οἷς
1738 2049 1792 2084 γὰρ
1813 2049 1846 2075 ἂν
1868 2049 1944 2084 ὑμεῖς

1155 2093 1202 2128 τὴν
1227 2093 1328 2120 διοεῗαν
1352 2095 1559 2130 ἀποκρούσησοε
1587 2095 1692 2129 λόγοις,
1717 2091 1789 2121 οὗτοι
1810 2095 1857 2121 καὶ
1879 2095 1944 2130 ἡμῖν

1155 2140 1225 2166 κατὰ
1246 2140 1294 2175 τῆς
1311 2140 1430 2176 τριοεῖας
1454 2141 1616 2176 ἀρκέσουσιν
1629 2149 1635 2155 ’
1655 2142 1702 2167 καὶ
1723 2140 1794 2167 οὕτω
1813 2140 1942 2175 νικῶμεν,

1157 2187 1221 2222 ὑμῖν
1242 2187 1297 2218 τοῖς
1322 2187 1494 2222 κατηγόροις,
1513 2187 1673 2222 συνηγόροις
1697 2186 1848 2222 χρώμενοι·
1866 2184 1896 2212 οὗ
1918 2186 1944 2211 τί

1157 2232 1293 2266 γενναιότε
1298 2241 1342 2268 ρον
1352 2241 1359 2265 ;

317 2287 375 2306 sam
387 2279 514 2314 prrebete.
532 2280 586 2307 Illze
605 2279 677 2306 enim
702 2279 831 2309 rationes,
847 2279 945 2312 quibus
966 2278 1103 2305 bideitatis
1122 2278 1223 2305 crittteu
1240 2279 1442 2313 propnlsabitis,
1456 2278 1555 2306 eaedem
1571 2285 1676 2312 quoque
1692 2278 1769 2306 nobis
1797 2279 1830 2305 ad
1851 2279 1942 2305 tridci-

283 2338 292 2348 ο
318 2327 381 2354 talis
410 2327 511 2354 crimen
529 2326 732 2360 propellendum
745 2325 985 2358 Sttfliciettt.Atqtte
1000 2325 1036 2351 ita
1065 2332 1176 2351 causam
1210 2325 1402 2357 obtinebimus,
1432 2332 1491 2357 vos,
1511 2325 1556 2358 qui
1572 2329 1744 2352 accusatores
1757 2324 1834 2357 estis,
1851 2330 1928 2358 patro

317 2382 367 2402 nos
382 2373 508 2401 habituri.
523 2373 582 2406 Quo
597 2373 659 2408 qttid
680 2373 775 2399 fortius
789 2377 816 2399 et
839 2372 1015 2407 generosius?

354 2420 422 2448 XIV.
442 2421 476 2447 At
492 2428 556 2447 vero
572 2421 706 2454 quodnam
733 2419 810 2446 nobis
833 2424 875 2446 est
898 2427 960 2446 cum
976 2419 1099 2453 utrisque

317 2471 467 2499 certamen,
488 2472 515 2493 et
528 2474 651 2501 quaenam
666 2465 773 2494 oratio?
790 2464 873 2492 Nobis
886 2465 956 2492 Deus
967 2472 1036 2492 unus
1049 2469 1101 2498 est,

352 2568 409 2603 (78)
424 2568 581 2600 Δεικνύεις.
594 2567 661 2595 Tres
671 2567 754 2602 ῐίθφᾳ.
772 2572 798 2595 ct
815 2567 860 2595 Or.
879 2568 903 2598 ‘l.
916 2567 1050 2602 δεικνύῃς.

353 2605 409 2639 (79)
433 2603 631 2638 ’Λρνήσωμαι.
656 2603 720 2638 [{cg.
739 2605 780 2629 bnt
808 2609 834 2630 et
864 2603 907 2628 alii
938 2603 1001 2635 duo,
1017 2602 1104 2638 ἀρνή-

420 2674 507 2700 Μιάν.
525 2673 569 2700 Sic
588 2679 703 2708 quatuor
719 2673 813 2706 ηερε..
826 2673 936 2700 totidem
949 2673 1036 2705 Coll»,
1055 2672 1103 2699 0r.

316 2709 342 2739 1,
357 2709 430 2741 Pan,
446 2714 499 2735 etc.
513 2709 539 2735 in
556 2709 612 2741 ed.,
624 2708 709 2739 Θείαν,
730 2717 739 2733 ς
757 2709 883 2735 divinant.
906 2718 915 2733 t

353 2745 406 2797 (ξι)
437 2744 524 2770 «baut.
555 2744 609 2771 Duo
641 2744 735 2779 chg.,
766 2744 885 2778 quinque
914 2742 1003 2776 Collu,
1037 2747 1102 2772 ctc..

324 2788 331 2794 ’
356 2788 392 2805 σι.

316 2788 408 2848 (τηῶἓ)
426 2815 458 2841 Οἱ
474 2814 653 2847 τελεώτερα,
677 2819 730 2841 etc.
743 2822 752 2839 ε
772 2813 985 2840 Pcrfectiorcsin
1010 2813 1104 2847 impie-

317 2855 380 2876 tztll‘.
399 2859 408 2875 ι
429 2850 556 2883 Designat
570 2850 613 2875 hic
629 2850 774 2883 Gregorius
794 2849 908 2876 Arianos
919 2853 946 2876 et
961 2848 1106 2875 Eunomia—

318 2892 374 2916 uos,
390 2885 475 2920 quiin
491 2882 587 2911 Filium
613 2889 641 2912 et
667 2882 695 2911 in
719 2884 848 2918 Spiritum
877 2889 1000 2911 sanctum
1028 2883 1104 2919 itnpii

1191 2415 1241 2443 l.\'.
1260 2417 1288 2442 ’0
1305 2416 1332 2442 δὲ
1350 2415 1436 2447 κοινὸς
1453 2416 1518 2450 ἡμῖν
1532 2414 1598 2449 πρὸς
1619 2413 1789 2448 ἀμφοτέρους
1806 2413 1848 2444 τίς
1870 2412 1943 2447 ἀγών

1157 2471 1186 2490 τε
1205 2464 1251 2489 καὶ
1267 2463 1346 2496 λόγος
1359 2463 1430 2497 (87);
1454 2462 1534 2496 Ἡμῖν
1551 2458 1590 2492 εἷς
1607 2460 1683 2492 Θεὸς,
1701 2461 1742 2486 ὅτι
1760 2460 1807 2495 μία
1828 2460 1923 2495 θεότης
1934 2466 1941 2473 ·

1156 2571 1243 2593 erant.

1192 2601 1250 2635 (85)
1263 2603 1294 2628 Οἱ
1311 2601 1364 2635 τῆς
1378 2598 1610 2635 δευτέραςραθιίιη
1622 2606 1631 2622 ‹
1645 2596 1781 2635 Secundas
1798 2601 1887 2631 partes
1907 2601 1944 2635 te.

1156 2632 1254 2663 nebaut
1269 2647 1278 2661 ι
1301 2632 1460 2663 Seiuiariani
1478 2639 1504 2660 et
1520 2632 1719 2665 Macedoniam,
1738 2633 1783 2667 qui
1802 2638 1906 2659 tantum
1918 2633 1942 2658 in

1157 2671 1284 2706 Spiritum
1299 2676 1422 2698 sanetum
1438 2668 1682 2706 blasphemierant,

1191 2706 1246 2741 (84)
1263 2707 1430 2740 Τρισεΐτίιις.
1453 2713 1462 2729 ι
1478 2703 1616 2734 Trideitis,
1636 2711 1646 2726 ι
1661 2702 1686 2730 id
1697 2708 1748 2736 cst,
1760 2713 1770 2728 ε
1788 2703 1868 2730 trium
1883 2703 1945 2730 deo-

1157 2749 1215 2768 rum
1227 2742 1383 2767 cultoribus.
1403 2750 1412 2765 ι

1192 2776 1247 2811 (85)
1259 2777 1392 2803 Διθεΐται.
1412 2785 1420 2800 ι
1442 2775 1558 2803 Duorum
1576 2777 1685 2804 deorum
1700 2774 1826 2811 CUIIOIfeS-
1838 2782 1854 2811 γ’

1193 2808 1249 2846 (86)
1264 2812 1415 2838 Διάκεισθε
1430 2813 1590 2846 σωτηρίωρ.
1603 2812 1662 2839 Bill.
1675 2819 1681 2836 :
1696 2819 1704 2835 t
1718 2808 1844 2836 incolumi
1858 2808 1945 2841 salute

1157 2852 1231 2874 εειις.
1255 2856 1264 2872 ι

1195 2882 1250 2916 (87)
1268 2881 1372 2915 Λόγος.
1387 2880 1468 2909 Coisl.
1485 2882 1495 2908 Ι
1519 2882 1601 2915 addit,
1623 2880 1689 2908 ἐστι.
