2049 3131
134 146 186 173 “9

645 143 773 172 ORATIO
793 142 888 170 XXXI.
902 158 943 189 .—
963 141 1184 170 TllEOLOGlCA
1203 143 1234 170 V.

1702 144 1753 171 150

134 202 180 229 καὶ
196 198 263 236 πρδς
281 201 310 228 ἓν
333 201 366 228 τὰ
392 201 422 233 ἐξ
446 201 528 228 αὐτοῦ
547 201 596 236 τὴν
620 201 756 237 ἀναφορὰν
782 201 848 236 ἔχει,
869 201 918 227 κᾶν

973 201 1101 235 quoniam
1120 208 1172 227 una
1189 200 1292 232 deitas;
1312 203 1392 234 atqtte
1405 199 1436 227 ad
1451 208 1544 230 unum.
1557 208 1586 228 ea
1602 207 1661 235 qua!
1673 207 1706 228 ex
1721 209 1753 229 eo

133 248 194 282 τρία
212 246 384 281 πιστεύηται.
401 248 438 273 Oti
455 247 518 283 γὰρ,
537 247 567 273 τι)
587 247 636 282 μὲν
653 247 751 283 μᾶλλον
762 248 827 282 (88),
844 247 873 273 τὺ
890 247 917 273 δὲ

132 291 213 326 ἦττον
229 292 310 324 Θεὸς·
331 293 391 319 οὐδὲ
413 292 442 319 τὸ
459 293 508 328 μὲν
529 294 671 328 πρότερον,
692 293 722 319 τὸ
744 293 772 319 δὲ
788 293 916 328 ὕστερον·

133 338 191 364 οὐδὲ
206 338 329 373 βουλήσει
344 338 482 373 τέμνεται,
493 338 553 365 οὐδὲ
569 338 679 373 δυνάμει
695 339 843 374 μερίζεται,
857 338 918 364 οὐδέ

132 393 159 409 τι
174 383 229 410 τῶν
246 384 296 410 ὅσα
314 385 370 415 τοῖς
393 386 531 419 μεριστοῖς
549 384 603 417 (89)
627 385 755 419 ὑπάρχει,
781 383 919 410 κάνταῦθα

133 429 224 455 λαϐεῖν
241 429 313 455 ἐστιν
325 438 332 444 θ
348 429 415 456 ἀλλὰ
426 429 572 465 ἀμέριστος
585 429 638 464 (90)
655 430 683 455 ἐν
697 429 917 465 μεμερισμένοις,

133 476 157 502 εἱ
170 476 210 501 δεῖ
228 475 366 510 συντόμως
386 476 482 507 εἰπεῖν,
498 477 514 511 ὴ
530 476 624 511 θεότης
635 485 641 491 -
661 475 707 502 καὶ
723 473 778 501 οἷον
794 476 822 501 ὲν
836 474 919 509 ήλίοις

133 522 221 556 τρισὶν
237 522 375 556 ἐχομένοις
389 521 520 556 ἀλλήλων,
540 521 589 556 μία
600 520 646 547 τοῦ
660 520 747 555 φωτὸς
759 519 917 555 σύγκρασις.

135 568 218 593 Ὅταν
234 567 282 602 μὲν
298 566 344 593 οὖν
359 567 426 603 πρὸς
443 567 491 603 τὴν
506 567 619 602 θεότητα
637 566 788 601 βλέψωμεν,
805 566 852 591 καὶ
870 564 918 600 τὴν

133 614 245 648 πρώτην
262 613 361 645 αἰτίαν,
378 613 424 639 καὶ
437 613 484 648 τὴν
504 613 662 648 μοναρχίαν,
680 612 708 638 ἒν
730 613 795 647 ἡμῖν
809 611 839 637 τὸ
853 619 919 644 φαν-

132 659 280 694 ταζόμενον
291 667 297 673 ·
312 659 376 685 ὅταν
390 659 418 685 δὲ
433 658 500 694 πρὸς
515 659 550 684 τὰ
571 660 599 684 ἐν
616 657 656 689 οἷς
673 659 689 693 ἡ
705 657 809 692 θεότης,
823 657 869 683 καὶ
886 656 919 682 τὰ

134 710 165 731 εκ
179 705 228 740 τῆς
244 704 353 740 πρώτης
367 705 456 736 αἰτίας
469 705 589 739 ἁχρὸνως
603 704 705 731 ἐκεῖθεν
719 704 784 731 ὅντα
798 704 844 730 καὶ
856 705 918 739 ὁμο-

133 751 227 784 δόξως,
243 751 304 787 τρία
318 751 352 777 τὰ
371 751 602 787 προσκυνούιιενα.

970 251 1043 278 sunt,
1066 245 1228 275 referuntur,
1247 244 1351 271 etiamsi
1368 250 1422 272 tres
1451 252 1581 279 personas
1601 246 1752 273 credamus.

969 289 1062 325 Neque
1074 291 1145 317 enim
1156 291 1206 318 hoc
1215 290 1309 325 magis,
1323 290 1387 316 illud
1397 291 1486 318 minus
1496 295 1537 318 est
1547 291 1616 318 Deus
1625 311 1632 322 ,
1646 298 1694 318 nec
1703 291 1754 318 hoc

970 336 1053 368 prius,
1068 336 1131 363 illud
1150 336 1358 369 posteritts.~Ncc
1370 336 1506 363 voluntate
1519 337 1688 368 scinduntur,
1705 345 1753 363 nec

969 382 1090 416 polentia
1104 382 1270 414 dividuntur,
1285 389 1336 409 nec
1354 382 1468 416 denique
1481 382 1627 416 quidquam
1647 389 1752 414 eorum,

969 434 1028 461 qua:
1040 427 1155 455 dividuis
1171 427 1253 454 rebus
1268 428 1438 462 contingunt,
1463 429 1507 455 hic
1531 435 1637 462 quoque
1651 428 1754 462 reperi-

969 477 1021 499 tttr.
1038 471 1090 500 Sed
1099 473 1231 499 individua
1244 473 1270 500 in
1283 473 1408 506 dividuis,
1418 478 1446 500 ut
1455 481 1507 501 uno
1520 475 1600 500 verbo
1610 473 1754 506 dicam,est

969 518 1105 549 divinitas,
1119 526 1151 545 ac
1159 519 1230 546 velut
1243 519 1269 546 in
1285 519 1370 546 tribus
1382 519 1483 546 solibus
1496 519 1565 546 inter
1575 526 1605 546 se
1615 520 1754 546 cohaeren-

969 563 1040 590 tibus
1055 571 1107 589 una
1122 563 1190 590 lucis
1207 564 1358 590 comtnistio
1374 569 1401 590 et
1418 565 1588 598 temperatio.
1603 563 1669 590 Cum
1687 570 1753 596 ergo

970 610 1002 636 ad
1017 609 1196 643 divinitatem,
1209 609 1377 644 primamque
1397 610 1469 636 illam
1484 617 1604 643 causam,
1621 610 1753 642 uniusque

969 655 1149 689 principatum
1167 660 1194 682 et
1213 655 1353 690 imperium
1379 656 1588 690 respexerimus,
1616 662 1697 682 unum
1711 659 1753 681 est

969 701 1039 735 quod
1047 701 1143 728 mentis
1153 706 1252 728 nostra:
1266 702 1351 729 oculis
1360 701 1528 729 obversatur.
1541 701 1607 728 Cum
1621 700 1751 727 rursusad

969 754 1011 778 ea,
1026 747 1052 773 in
1071 747 1170 781 quibus
1195 752 1235 774 est
1258 747 1398 779 divinitas,
1415 751 1442 774 et
1465 755 1525 782 qua:
1542 755 1574 774 ex
1592 748 1679 781 prima
1707 745 1752 772 illa

970 799 1067 824 causa,
1094 793 1163 819 citra
1183 793 1266 820 ullam
1298 793 1428 828 temporis
1451 793 1697 828 intercapedinem,
1721 799 1753 818 ac

969 839 1026 872 pari
1046 839 1129 873 gloria
1145 843 1218 871 sunt,
1234 839 1286 867 tria
1302 845 1365 867 sunt
1381 847 1440 874 quae
1453 841 1609 867 adorantur.

170 889 219 914 lE'.
235 887 267 914 Τί
282 888 340 919 δαίς
359 888 419 922 οὐχὶ
433 888 478 914 καὶ
493 888 557 923 παρ’
577 888 700 923 Ἕλλησι,
717 889 793 921 φαῖεν
808 888 850 918 ἂν.
871 889 917 922 μία

1008 883 1064 911 XV.
1085 884 1154 917 Quid
1182 889 1285 916 autem,
1300 885 1418 912 dixerint
1436 885 1562 917 fortasse,
1579 891 1667 912 nonne
1681 883 1751 918 apud

132 935 239 969 θεότης,
250 934 287 965 ὡς
302 935 325 960 οἱ
339 934 372 960 τὰ
385 933 536 969 τελεώτερα
548 934 612 969 παρ’
621 933 733 965 ἐκείνοις
745 933 918 967 φιλοσοφοῦν-

132 990 188 1013 τες,
205 981 252 1007 καὶ
270 981 334 1016 παρ’
349 981 415 1015 ἡμῖν
432 979 609 1015 ὰνθρωπότης
628 980 686 1014 μία,
702 980 732 1006 τὸ
743 979 819 1013 γένος
828 980 916 1011 Eii-av;

141 1024 210 1049 ‘ADC
229 1025 302 1059 ὅμως
322 1024 378 1050 θεοὶ
399 1024 499 1054 πολλοὶ,
518 1024 564 1050 καὶ
583 1024 631 1058 οὺχ
646 1021 695 1055 εἷς,
715 1025 751 1055 ὡς
767 1024 797 1059 δὴ
815 1024 859 1050 καὶ
874 1025 919 1050 ἄν-

134 1070 254 1105 θρωποις
275 1070 343 1096 Ἀλλ’
358 1071 416 1096 ἐκεῖ
436 1070 484 1104 μὲν
503 1070 518 1105 ἡ
535 1070 657 1105 κοινότης
674 1070 704 1096 τὸ
720 1070 749 1096 ἓν
769 1070 823 1105 ἔχει
840 1070 919 1105 μόνον

134 1116 241 1151 ἐπινοίᾳ
256 1116 393 1151 Θεωρητόν
406 1116 460 1150 (9i)
471 1123 477 1130 ⁶
494 1115 528 1141 τὰ
545 1115 573 1141 δὲ
588 1116 648 1142 καθ’
665 1116 779 1142 ἕκαστον
795 1116 919 1142 πλεῖστον

134 1161 269 1196 ἀλλήλων,
285 1162 331 1188 καὶ
344 1162 382 1197 τῷ
398 1162 496 1197 χρόνῳ,
513 1163 559 1189 καὶ
573 1163 629 1193 τοῖς
645 1161 752 1192 πάθεσι,
769 1163 814 1188 καὶ
828 1164 860 1197 τῇ
876 1162 920 1188 δυ-

133 1208 214 1243 νάμει
232 1209 430 1243 μεμερισμένοι.
457 1209 550 1242 Ἡμεῖς
565 1217 593 1235 τε
609 1208 663 1243 γὰρ
678 1209 707 1234 οὐ
732 1208 852 1234 σύνθετοι
872 1208 919 1242 μό-

132 1261 190 1283 νον,
217 1252 285 1279 ἀλλὰ
314 1253 359 1279 καὶ
384 1253 527 1285 ἀντίθετοι,
556 1255 602 1280 καὶ
627 1253 759 1288 ἀλλήλοις,
786 1253 832 1279 καὶ
854 1254 920 1288 ἡμῖν

133 1299 236 1330 αὺτοῖς,
256 1298 317 1324 οὐδὲ
340 1299 385 1324 ἐπὶ
417 1299 480 1333 μιᾶς
504 1299 610 1334 ἡμέρας
640 1299 664 1324 οἱ
691 1298 767 1325 αὐτοὶ
795 1297 920 1333 καθαρῶς

135 1345 273 1378 μένοντες,
306 1345 342 1379 μὴ
370 1345 411 1371 ὅτι
447 1345 491 1371 τδν
530 1345 636 1371 ἅπαντα
667 1344 738 1379 βίον·
774 1343 841 1370 ἀλλὰ
873 1344 920 1370 καὶ

136 1389 243 1425 σώμασι
271 1390 316 1416 καὶ
334 1390 434 1425 ψυχαῖς
466 1391 508 1416 ἀεὶ
535 1391 643 1425 ρέοντές
670 1399 699 1416 τε
729 1390 775 1416 καὶ
807 1390 921 1424 μεταπί-

136 1444 257 1467 πτοντες.
279 1436 335 1462 Οὐκ
358 1434 414 1462 οἶδα
438 1436 476 1468 δὲ,
500 1437 523 1462 εἰ
541 1436 577 1471 μὴ
590 1436 636 1462 καὶ
652 1435 760 1469 ἄγγελοι
782 1435 849 1470 (92),
874 1435 921 1461 καὶ

135 1483 209 1508 πᾶσα
224 1482 304 1516 φύσις
328 1483 343 1517 ὴ
366 1483 432 1514 ἂνω,
456 1482 566 1517 καὶζθὸ)
589 1482 657 1517 μετὰ
674 1482 722 1516 τὴν
739 1482 850 1517 Τριαδα,
869 1482 920 1508 κᾶν

135 1528 216 1554 ἀπλοί
230 1537 301 1559 τινες
323 1525 384 1559 ὦσι,
402 1529 448 1555 καὶ
467 1528 534 1562 πρὸς
547 1529 577 1554 τὸ
600 1528 680 1554 καλὸν
698 1527 871 1563 παγιώτεροι,
887 1528 920 1563 τῇ

134 1574 202 1609 ﬁgit;
218 1575 247 1600 τὸ
263 1575 347 1610 ἄκρον
360 1574 442 1600 καλὸν
455 1574 595 1610 ἐγγύτητι,

968 930 1092 957 ethnicos
1107 937 1215 965 quoque
1229 931 1318 957 dcitas
1334 939 1385 958 una
1404 936 1455 962 est,
1478 935 1506 958 ut
1523 932 1622 958 docent
1639 930 1685 964 qui
1699 929 1753 964 ple‘

969 974 1029 1002 nius
1043 975 1112 1009 apud
1132 975 1191 1002 illos
1207 976 1406 1011 perfectiusque
1421 976 1657 1011 philosophantur,
1671 979 1752 1009 atque

969 1021 1038 1055 apud
1060 1028 1108 1048 nos
1135 1029 1218 1056 genus
1253 1023 1419 1055 universum,
1442 1023 1595 1050 humanitas
1620 1022 1693 1049 una?
1717 1022 1750 1049 Et

970 1071 1058 1093 tamen
1085 1066 1174 1100 plures
1195 1072 1259 1094 sunt
1276 1068 1322 1100 dii,
1351 1073 1378 1095 ct
1401 1076 1454 1095 non
1473 1076 1552 1100 unus,
1572 1069 1643 1095 sicut
1666 1069 1748 1095 etiam

970 1112 1047 1139 multi
1063 1113 1205 1140 homines?
1221 1113 1255 1139 At
1273 1113 1325 1141 illic
1351 1115 1532 1142 communitas
1548 1115 1678 1141 unitatem
1700 1113 1750 1142 ha-

969 1158 1027 1190 bet,
1042 1167 1101 1193 quae
1123 1159 1289 1193 cogitatione
1306 1161 1362 1187 sola
1388 1161 1556 1188 considerari
1575 1161 1659 1195 possit
1675 1171 1681 1188 :
1696 1161 1752 1188 sin-

971 1205 1074 1239 gularia
1093 1210 1196 1238 autem,
1212 1211 1239 1233 et
1258 1211 1389 1240 tempore,
1409 1211 1434 1234 et
1457 1206 1652 1239 aliectionibus,
1673 1211 1753 1240 atque

971 1251 1039 1279 adeo
1057 1253 1177 1287 potentia
1191 1258 1218 1279 et
1238 1253 1364 1280 facultate
1379 1253 1524 1288 plurimum
1541 1253 1610 1280 inter
1625 1260 1654 1280 se
1666 1252 1751 1280 divisa

971 1302 1045 1324 sunt.
1071 1297 1137 1324 Nam
1161 1306 1219 1330 nos,
1235 1305 1287 1325 non
1310 1298 1396 1325 solum
1417 1298 1557 1332 compositi
1586 1305 1688 1330 sumus,
1705 1297 1752 1325 sed

971 1344 1065 1375 etiam,
1083 1347 1139 1370 tum
1160 1343 1232 1370 inter
1249 1351 1296 1370 nos
1311 1348 1415 1374 mutuo,
1433 1347 1486 1370 tum
1501 1343 1578 1370 nobis
1589 1344 1670 1371 etiam
1687 1343 1752 1378 ipsis

971 1390 1103 1424 Oppositi;
1123 1393 1151 1416 ιιι
1165 1389 1210 1424 qui
1225 1398 1257 1416 ne
1270 1389 1351 1424 566
1364 1391 1443 1417 unius
1456 1390 1564 1426 quidem
1583 1389 1635 1416 diei
1652 1390 1752 1424 spatio,

971 1435 1068 1463 nedum
1087 1438 1142 1463 toto
1155 1435 1217 1462 vita:
1230 1435 1375 1467 curriculo,
1393 1435 1472 1470 plane
1485 1436 1566 1462 iidem
1583 1442 1750 1469 maneamus,

971 1489 1076 1516 verum,
1098 1485 1126 1509 et
1142 1481 1311 1516 corporibus.
1329 1485 1356 1508 et
1377 1482 1486 1515 animis,
1503 1485 1632 1516 perpetuo
1645 1480 1750 1508 ditilua-

971 1535 1032 1554 mus
1056 1531 1082 1554 et
1101 1526 1284 1554 immutemur.
1309 1527 1396 1560 Atque
1416 1527 1487 1554 haud
1503 1527 1571 1559 scio,
1594 1533 1658 1553 num
1681 1525 1751 1553 idetn

970 1580 1078 1607 quoque
1104 1572 1130 1599 in
1153 1572 1256 1607 angelis
1285 1573 1373 1600 locum
1394 1573 1504 1605 habeat,
1519 1581 1550 1601 ac
1570 1574 1597 1600 in
1619 1574 1693 1601 omni
1707 1572 1752 1599 illa

134 1620 238 1648 celesti
258 1625 365 1652 natura,
383 1625 410 1646 et
423 1620 549 1647 Trinitati
571 1620 713 1655 proxima;
729 1619 834 1646 tametsi
868 1619 970 1653 alioqui
989 1618 1104 1652 simplici
1125 1619 1243 1652 quadam
1276 1622 1372 1645 natura
1396 1619 1502 1652 praediti
1522 1618 1586 1650 sint,
1615 1623 1698 1652 atque
1717 1618 1751 1645 ob

134 1665 304 1692 vicinitatem
317 1672 388 1696 eam,
406 1672 486 1699 quam
504 1665 537 1691 ad
550 1672 684 1692 sttmmnm
696 1665 796 1692 bonum
810 1665 920 1695 habent,
939 1665 964 1691 in
986 1664 1084 1692 bonum
1097 1663 1202 1690 ﬁrmius
1219 1663 1312 1691 deﬁxi.

170 1713 229 1745 ις’.
247 1712 281 1738 Οἵ
300 1720 329 1738 τε
350 1713 414 1747 παρ’
438 1712 567 1748 Ἑλλήνων
595 1712 736 1746 σεϐόμενοι
756 1712 811 1738 θεοί
828 1721 856 1738 τε
874 1713 917 1739 καὶ

135 1757 272 1792 δαίμονες,
296 1758 333 1789 ὡς
353 1758 430 1784 αὐτοὶ
451 1758 591 1792 λέγουσιν,
614 1758 689 1784 οὐδὲν
714 1758 790 1793 ἡμῶν
817 1758 920 1784 δέονται

136 1803 306 1838 κατηγόρων,
321 1803 388 1830 ἀλλὰ
401 1805 456 1835 τοῖς
475 1804 548 1838 σφῶν
564 1803 651 1830 αὐτῶν
666 1803 820 1830 ἁλίσκονται
834 1803 920 1830 θεολό-

137 1857 195 1882 γοις
207 1849 272 1884 (94),
289 1849 326 1880 ὡς
342 1849 389 1884 μὲν
409 1849 550 1884 ἐμπαθεῖς,
566 1849 603 1880 ὡς
624 1849 652 1875 δὲ
669 1848 833 1880 στασιώδεις,
849 1849 918 1876 ὅσων

173 1953 228 1989 (88)
245 1955 286 1980 Οὐ
305 1955 370 1988 γὰρ,
394 1953 426 1980 τὸ
438 1954 494 1988 μὲν
506 1952 636 1989 μᾶλλον,
656 1958 706 1980 etc.
723 1953 751 1980 S.
764 1953 818 1981 Leo
837 1961 917 1981 serm.

137 1989 164 2018 8.
179 1988 206 2015 in
225 1989 311 2016 Nativ.
322 1989 422 2016 Christi
447 1989 498 2014 ait:
514 1997 523 2012 ι
539 1988 644 2015 Gradus
660 1988 684 2015 in
702 1997 764 2016 vero
779 1990 919 2016 divinitate

138 2031 197 2051 esse
217 2032 270 2051 non
287 2028 409 2058 possunt.
439 2023 573 2057 Quidquid
601 2023 654 2050 Deo
669 2024 756 2050 tniuus
773 2029 825 2056 est,
848 2024 918 2051 Deus

138 2066 189 2084 non
206 2064 256 2085 est.
280 2068 289 2083 ι

172 2093 230 2128 (89)
260 2093 426 2127 Μεριστοῖς.
456 2101 465 2118 ‹
489 2092 626 2128 Βίνίίῐυίεκ
641 2102 649 2118 ι
684 2093 727 2120 Sic
747 2097 801 2120 tres
824 2093 918 2127 Regg.,

137 2130 256 2162 quinque
279 2129 366 2158 Colb..
393 2128 440 2155 0r.
472 2128 498 2160 l,
519 2127 592 2159 Pan,
610 2127 704 2155 Conib.
719 2129 745 2155 In
771 2129 827 2161 ed.,
843 2137 920 2164 μερι-

138 2164 224 2194 σταῖς,
241 2173 251 2188 ε
271 2164 479 2198 ροτιὶιοτὶιηιε.)

173 2198 230 2239 (90)
251 2197 428 2243 Ἄμέῐριςτορ.
444 2197 523 2243 1Vide
534 2197 758 2243 mnam’ascen.“De
774 2198 918 2243 ortliodrorca
935 2217 956 2243 Β

138 2231 199 2265 ﬁde,
218 2231 282 2267 cap.
297 2233 364 2268 Περὶ
379 2233 427 2268 τῆς
440 2233 520 2267 ἁγίας
534 2231 656 2267 Τριάδος.
679 2241 688 2258 ‹
705 2233 739 2259 De
750 2239 843 2260 sancta
856 2232 917 2260 Tri-

138 2269 230 2295 uitate.
247 2277 257 2293 ι

174 2303 229 2338 (91)
249 2303 378 2335 Ἑπινοίᾳ
391 2303 546 2336 θεωρητόν.
560 2310 569 2326 ι
588 2301 664 2338 Aliud
676 2307 726 2333 est,
743 2311 752 2328 ι
772 2302 857 2336 inquit
871 2301 920 2328 Bil-

138 2336 190 2364 lius
209 2336 242 2364 ex
260 2337 327 2369 Elia,
350 2346 359 2362 ‹
376 2345 406 2364 re
427 2337 562 2371 quidpiam
580 2336 757 2370 considerari,
771 2338 842 2363 aliud
876 2345 919 2363 ra-

140 2372 431 2402 tioneetcoeitatione.
454 2372 541 2405 Atque
562 2372 587 2397 in
609 2371 732 2398 omnibus
748 2372 853 2404 quidem
879 2380 920 2398 re-

139 2408 190 2434 bus
217 2409 326 2438 creatis,
356 2414 530 2440 personarum
549 2406 645 2432 divisio
667 2413 695 2432 re
721 2407 917 2433 consideratur.

140 2441 204 2469 Nam
228 2450 258 2469 re
281 2442 376 2469 Petrus
404 2449 418 2468 a
451 2441 533 2467 Paulo
556 2446 695 2475 separatus
722 2441 917 2468 consideratur.

138 2477 324 2503 Communitas
335 2481 435 2508 autem,
448 2481 474 2502 et
495 2476 660 2510 cetijunctio,
677 2480 703 2501 et
726 2477 815 2502 unitas
830 2477 918 2502 cousi-

139 2513 268 2538 tlerantur
281 2512 383 2538 ratione
391 2511 520 2537 duntaxat
532 2517 558 2537 et
571 2510 741 2544 cogitatione.
756 2510 821 2537 Nam
829 2516 918 2537 mente

139 2547 312 2579 intelligimus
323 2546 466 2573 Petrumet
479 2545 588 2573 Paulum
603 2545 722 2577 ejusdem
735 2553 794 2572 esse
807 2549 916 2571 natura}.

141 2580 260 2615 Uterque
289 2581 359 2608 enim
376 2579 474 2606 auitnal
500 2585 540 2606 est
562 2580 702 2611 rationale,
722 2580 844 2610 mortale,
863 2584 915 2606 etc.

140 2614 263 2647 Perseum
274 2616 395 2642 autemin
409 2623 438 2641 se
454 2615 565 2642 invicem
578 2622 628 2640 non
644 2619 718 2647 sunt,
731 2615 776 2641 sed
793 2614 918 2645 quaelibet

139 2659 229 2676 earum
246 2651 389 2684 peculiaris
401 2655 451 2682 est,
472 2651 522 2676 hoc
538 2654 589 2680 est,
603 2649 746 2683 separatim
760 2649 877 2681 exsistit,
889 2653 916 2676 et

141 2686 219 2712 habet
229 2683 356 2719 plurima,
372 2692 432 2719 qure
454 2691 512 2719 eam
536 2684 569 2710 ab
584 2684 634 2710 alia
648 2683 824 2717 distinguant.
851 2683 916 2710 Nam

140 2725 166 2746 et
183 2718 240 2747 loco
257 2721 368 2751 distant,
387 2725 413 2746 et
426 2718 551 2745 diiTcruut
565 2723 693 2752 tempore,
711 2719 857 2750 voluntate,
870 2726 916 2752 po-

141 2759 246 2787 testate,
271 2759 494 2788 temperamento,
514 2758 567 2780 etc.
584 2754 620 2780 lio
636 2753 662 2779 lit
686 2757 714 2779 tit
729 2754 781 2779 duo
795 2753 834 2779 vel
862 2758 916 2780 trcs

140 2790 260 2816 homines
275 2790 398 2816 dicantur
414 2793 439 2815 ct
455 2788 529 2814 multi
555 2788 635 2822 (sicut
652 2788 680 2814 lit.
706 2788 784 2814 etiam
803 2788 827 2813 in
840 2788 915 2814 Grat-

140 2832 229 2850 t'tll‘tltll
247 2824 320 2858 diis).
337 2824 406 2857 quod
419 2824 495 2849 divisi
509 2824 573 2854 sint,
594 2828 722 2858 tempore,
736 2822 806 2855 loco,
822 2822 913 2857 judicii

139 2860 281 2892 sententia,
308 2862 448 2893 potestate,
470 2862 522 2885 etc.
543 2858 613 2884 Atin
631 2857 759 2885 Trinitate
779 2858 914 2886 contrario

1010 1710 1079 1738 XVI.
1103 1714 1161 1738 Jam
1185 1714 1250 1738 deos
1260 1711 1330 1743 illos,
1344 1719 1411 1746 quos
1424 1712 1524 1739 ethnici
1537 1712 1638 1743 colunt,
1653 1718 1685 1738 ac
1695 1710 1750 1737 dae.

972 1765 1076 1790 mones,
1099 1761 1129 1784 ut
1149 1757 1258 1792 ipsimet
1275 1762 1383 1790 vocant,
1402 1758 1469 1784 nihil
1498 1766 1512 1785 a
1538 1759 1614 1785 nobis
1629 1756 1751 1784 accusari

972 1810 1084 1830 necesse
1099 1806 1150 1834 est,
1169 1810 1229 1830 cum
1243 1811 1257 1830 a
1273 1803 1386 1830 suismet
1399 1803 1529 1838 theologis
1546 1803 1751 1833 convincautur,

972 1857 1052 1884 quant
1086 1849 1165 1877 [aedis
1190 1849 1330 1877 alIectibus
1357 1850 1578 1884 obnoxii,quam
1606 1849 1751 1877 turbulenti

973 1955 1051 1982 modo
1066 1963 1109 1982 res
1120 1964 1149 1983 se
1167 1956 1256 1983 habet.
1272 1955 1338 1981 Nam
1356 1954 1382 1980 in
1400 1962 1442 1986 ea,
1457 1955 1525 1988 quod
1543 1958 1584 1981 est
1599 1960 1749 1985 commune,

971 1997 1000 2016 re
1025 1991 1222 2022 consideratur,
1242 1996 1351 2024 propter
1363 1989 1571 2016 coaeternitatem
1587 1994 1614 2015 et
1628 1989 1750 2024 identita-

971 2029 1024 2051 tem
1039 2027 1173 2057 essentne,
1191 2023 1298 2059 propter
1319 2024 1399 2050 etiam
1414 2023 1588 2054 eliiracitatis,
1605 2023 1750 2050 voluntatis

969 2064 996 2086 et
1009 2061 1146 2086 sententia?
1157 2058 1394 2094 conspirationem,
1403 2063 1428 2084 et
1438 2058 1560 2094 potentim
1572 2059 1748 2094 iileittitatctii.

970 2094 1045 2127 Quod
1059 2103 1122 2122 vero
1139 2095 1165 2121 in
1185 2096 1277 2122 eadem
1293 2094 1435 2120 discrimen
1446 2093 1535 2125 habet,
1553 2093 1578 2119 id
1589 2093 1750 2126 cogitatione

972 2129 1141 2163 intelligitur.
1157 2129 1223 2156 Nam
1240 2129 1322 2156 Deum
1341 2136 1422 2154 ttntttn
1439 2128 1620 2162 agnoscimus,
1632 2133 1711 2162 atqtte
1723 2128 1747 2154 in

971 2163 1036 2190 solis
1050 2165 1258 2199 proprietatibus
1276 2163 1456 2199 patc‘rnitatis,
1471 2163 1617 2199 liliationis,
1636 2168 1669 2199 et
1686 2170 1749 2196 pro-

971 2197 1107 2226 cessionis
1118 2199 1261 2226 discrimen
1279 2197 1463 2231 intelligim’us.
1483 2197 1537 2223 Nec
1556 2199 1627 2224 enim
1646 2198 1748 2224 distan-

972 2233 1034 2259 tiam
1053 2234 1164 2261 localetu
1180 2235 1205 2260 iit
1221 2234 1320 2260 deitate
1335 2237 1452 2259 statuere
1463 2240 1614 2267 possumus.
1624 2232 1749 2259 Persona:

970 2269 1042 2294 enim
1057 2270 1156 2296 suntin
1182 2276 1211 2295 se
1228 2269 1357 2299 invicem;
1382 2276 1433 2294 non
1452 2269 1522 2301 quod
1540 2267 1748 2298 confundantur,

970 2303 1100 2339 sed_nund
1116 2304 1278 2339 colimreant,
1305 2302 1379 2335 juxta
1395 2302 1458 2339 illud
1475 2302 1553 2339 Joan.
1571 2310 1595 2331 Χ,
1620 2302 1663 2332 58,
1693 2302 1747 2336 Ego
1766 2329 1775 2339 θ

969 2338 995 2363 in
1014 2337 1103 2369 Patre,
1117 2343 1139 2364 cl
1152 2338 1230 2364 Pater
1242 2338 1269 2364 in
1284 2345 1323 2363 me
1336 2342 1382 2363 est.
1400 2336 1457 2363 Non
1474 2338 1536 2364 item
1551 2341 1670 2364 statuere
1687 2345 1748 2370 pos-

969 2379 1061 2398 sumus~
1079 2374 1104 2399 in
1134 2373 1278 2403 'l‘t-initate,
1298 2372 1338 2399 vel
1362 2372 1515 2403 voluntatis,
1531 2371 1570 2398 vel
1599 2373 1747 2403 sententiae,

968 2407 1008 2432 vel
1026 2407 1191 2434 ellicacitatis
1212 2412 1257 2432 aut
1278 2407 1402 2441 potentias
1425 2407 1617 2438 diversitatem,
1639 2407 1679 2432 vel
1699 2414 1748 2433 cu-

968 2441 1091 2474 iusquam
1110 2443 1177 2469 alios
1189 2443 1237 2472 rei,
1253 2449 1420 2476 quarcunque
1438 2442 1534 2468 realem
1553 2449 1584 2467 ac
1597 2441 1703 2468 lotalem
1721 2441 1747 2467 in

969 2476 1046 2503 nobis
1057 2477 1215 2503 divisionem
1228 2478 1349 2511 gignunt.
1366 2477 1458 2509 Itaque
1471 2483 1520 2503 nec
1537 2481 1590 2502 tres
1604 2476 1667 2502 deos
1682 2476 1748 2503 dici-

968 2519 1036 2542 mus,
1053 2513 1100 2538 sed
1115 2520 1208 2542 unmu,
1232 2517 1431 2537 sacrosanctam
1450 2511 1619 2537 Trinitatem.
1638 2520 1647 2536 ι

1003 2546 1057 2581 (9'2)
1074 2545 1128 2573 Καὶ
1141 2546 1270 2581 ἄγγελοι.
1286 2546 1408 2579 cAngeli,
1426 2555 1434 2570 ι
1451 2546 1536 2579 inquit
1549 2545 1679 2581 Billiustt
1710 2553 1750 2572 ra-

969 2580 1164 2613 li()llcal'l)i|l'ii,
1192 2587 1287 2607 natura
1312 2588 1360 2606 sua
1391 2582 1487 2606 mutari
1510 2585 1633 2614 possunt.
1649 2580 1748 2607 Verum

967 2622 1015 2648 per
1032 2616 1145 2650 gratiam
1159 2617 1182 2642 id
1199 2620 1261 2642 sunt
1271 2615 1398 2647 assecuti,
1413 2620 1442 2641 ut
1459 2615 1515 2649 jam
1530 2623 1564 2642 ne
1576 2615 1673 2642 mutari
1690 2617 1749 2650 qui-

967 2651 1025 2676 dem
1043 2651 1153 2682 possint.
1171 2660 1180 2675 ι

966 2718 985 2745 C
1002 2684 1057 2745 (Illi?)
1089 2686 1157 2712 Καί.
1191 2685 1270 2712 Deest
1294 2685 1321 2711 in
1352 2685 1437 2712 tribus
1466 2684 1550 2719 Regg.
1578 2689 1605 2711 et
1631 2685 1750 2720 quititu

988 2726 1002 2745 ο
1034 2737 1042 2745 .

988 2721 1042 2746 olb.

1002 2754 1058 2788 (94)
1079 2754 1245 2788 Θεολόγοις.
1273 2763 1282 2779 ‹
1301 2753 1455 2781 Graecorum
1480 2754 1611 2788 theologi,
1632 2764 1643 2780 ι
1665 2754 1750 2788 inquit

965 2788 1049 2822 Elias,
1067 2798 1075 2814 ι
1092 2789 1288 2822 suutllermes,
1305 2788 1437 2822 Orpheus,
1457 2789 1598 2820 Homerus,
1615 2789 1689 2817 Plato
1723 2793 1751 2816 et

965 2824 1134 2850 Aristoteles.
1161 2823 1267 2849 Maximi
1285 2828 1384 2851 'tamen
1411 2825 1479 2852 inter
1508 2832 1554 2852 eos
1576 2829 1750 2852 numerantur

965 2858 1041 2886 Plato
1058 2864 1083 2886 et
1100 2858 1270 2886 Aristoteles.
1289 2867 1297 2884 i
