2049 3131
298 160 345 188 151

904 161 933 188 S.
953 160 1117 190 GREGORII
1137 161 1311 191 THEOLOGI

1855 164 1906 192 152

291 225 353 252 ειιιι,
372 223 436 254 quot
453 218 528 245 malis
541 223 674 250 srateant.
687 223 753 253 quot
769 220 930 248 mutationes
946 226 1069 254 suneant,

1127 221 1149 248 Βὲ
1173 221 1263 249 κακῶν
1286 222 1426 258 γέμοντες,
1452 223 1499 250 καὶ
1519 223 1689 259 μεταϐολῶν·
1711 222 1758 249 καὶ
1780 223 1810 249 οὐ
1838 223 1904 258 πρὸς

289 269 369 298 atque
383 271 436 291 non
453 269 545 291 mutuo
562 263 648 291 solum
672 265 741 291 inter
756 273 796 296 se.
813 266 860 293 sed
874 266 957 293 etiam
974 267 1070 301 primis

289 310 343 338 illis
357 311 448 337 causis
462 310 648 341 adversentur,
663 318 731 344 quos
741 310 873 343 Oceanus,
886 317 911 338 et
929 311 1069 344 Tethidas,

288 361 316 384 et
332 356 479 388 Phanetas,
498 361 526 383 et
549 356 640 384 nescio
657 364 710 391 quo
724 357 778 384 alio
790 358 897 384 nomine
915 358 1069 393 appellant;

289 408 321 428 ac
339 405 474 436 postremo
500 401 583 429 Deum
599 402 742 436 quemdam
762 403 797 429 ob
813 402 983 437 principatus
996 411 1073 430 amo-

293 453 348 473 rem
365 446 456 474 liberis
470 447 526 474 suis
548 446 686 480 infestum,
705 451 787 481 atque
813 447 880 475 alios
902 455 996 474 omnes
1017 455 1071 482 pra:

292 492 443 526 inexplebili
466 493 612 526 cupiditate
637 492 821 523 devorantem,
835 497 863 519 ut
882 498 907 520 et
933 493 1070 520 hominum

290 539 410 564 omnium
432 537 512 564 Pater
530 538 576 568 sit,
591 543 617 564 et
632 539 756 569 deorum,
780 546 846 572 quos
867 539 965 566 misere
979 546 1072 565 come-

290 583 371 615 derit,
388 588 414 610 et
437 583 598 610 evomuerit.
622 583 698 616 Quod
717 584 739 610 si
760 584 817 610 haec
845 583 906 618 ipsi,
922 588 950 610 ut
968 591 1070 610 sermo-

291 628 334 656 nis
355 629 548 663 turpitudinem
574 629 689 664 fugiant,
712 628 845 661 fabulosa,
867 633 950 663 atque
974 629 1073 663 allego-

291 675 348 703 τίω
372 683 452 702 sensu
474 676 677 710 interpretanda
699 683 760 703 esse
784 675 984 707 eontenderint,
1009 676 1072 710 quid

292 721 398 749 tandem
411 721 443 747 ad
457 721 521 748 illud
531 722 630 754 dicent,
640 721 772 755 trifariam
783 721 870 747 omnia
881 721 963 748 diuisa
975 729 1029 748 esse
1039 720 1072 751 ³⁵,

292 767 428 801 aliumque
450 767 493 793 alii
514 766 630 800 cuipiam
656 767 729 794 nrbis
745 767 814 801 parti
840 774 966 801 praeesse,
993 769 1073 800 atque

291 819 318 840 et
333 813 452 840 materiis
475 817 501 841 et
522 813 698 847 dignitatibus
725 813 867 840 distinctos
882 812 963 839 esse?
976 812 1010 838 At
1024 819 1074 838 no-

291 863 355 886 stra:
371 858 499 886 doctrinae
519 866 571 885 non
594 858 687 885 eadem
710 863 753 885 est
769 858 855 890 ratio;
872 865 921 885 nec
941 865 1003 892 pars
1019 858 1074 885 haec

291 904 386 937 Jacob,
404 909 433 932 ut.
457 905 544 939 inquit
569 912 644 932 meus
678 904 861 939 theologus“.
894 903 946 931 Sed
977 903 1072 931 hormn

292 951 429 986 quodlibet
445 951 573 978 unitatem
588 951 677 982 habet,
692 958 744 977 non
758 950 846 977 minus
861 950 931 984 ejus,
945 958 1005 977 cum
1019 957 1074 984 quo

291 995 485 1030 coujungitur,
514 1003 595 1030 quam
629 995 756 1029 suiipsius
795 1000 936 1028 respectu,
961 1000 1072 1029 propter

291 1041 416 1069 essentia:
430 1045 458 1068 et
473 1042 598 1075 potentia:
620 1041 800 1068 identitatem.
822 1043 909 1076 Atque
923 1041 979 1069 hzec
993 1042 1072 1068 unio-

293 1087 334 1115 nis
354 1087 433 1121 hujus
458 1087 525 1114 ratio
542 1092 593 1118 est,
610 1093 741 1122 quantum
761 1087 870 1122 quidem
888 1088 938 1122 ipsi
956 1088 1072 1122 percipi-

293 1140 363 1160 mus.
377 1133 414 1160 Ac
434 1133 456 1160 si
475 1132 583 1167 quidem
602 1135 678 1160 Iirma
691 1138 731 1160 est
748 1133 805 1160 hare
819 1133 898 1165 ratio,
911 1133 965 1160 Deo
976 1133 1011 1160 ob
1026 1134 1075 1160 lm-

290 1178 408 1213 jusmodi
423 1178 632 1213 speculationem
659 1179 760 1213 gratias
773 1186 839 1213 ago;
852 1179 893 1206 sin
915 1179 1014 1211 minus,
1030 1178 1076 1205 lir-

294 1223 406 1250 ntiorem
422 1224 501 1250 aliam
516 1225 717 1258 conquiremus.

328 1267 409 1296 XVII.
431 1268 487 1296 Tua
519 1276 599 1304 porro
630 1273 799 1304 argumenta,
830 1269 928 1303 quibus
955 1273 1074 1296 nostram

295 1316 366 1342 illam
384 1316 508 1343 unionem
532 1319 656 1343 evertere
681 1316 798 1348 conaris,
817 1320 935 1343 statuere
961 1322 1075 1350 nequeo,

294 1362 444 1389 Iudentisne
468 1362 566 1396 potius,
583 1369 618 1388 an
635 1362 708 1389 serio
736 1361 840 1396 agentis
861 1368 922 1389 esse
941 1361 1074 1388 dicamus.

294 1408 434 1441 Quodnam
464 1407 534 1435 enim
561 1412 603 1434 est
624 1407 676 1435 hoc
698 1407 912 1442 argumentum?
936 1407 985 1440 Ea,
1016 1413 1076 1441 quae

295 1455 415 1490 ejusdem
440 1454 564 1482 essentia:
608 1457 689 1487 sunt,
712 1456 960 1485 connumerantur,
988 1453 1078 1487 inquis

296 1499 572 1535 (connumerationem
585 1498 713 1525 videlicet
732 1497 870 1533 appellans
893 1498 920 1524 in
936 1505 1077 1524 numerum

296 1545 377 1580 567
393 1553 474 1571 unmn
494 1544 733 1579 contractionem),
749 1551 809 1578 qua:
826 1548 917 1570 autem
940 1543 1076 1578 disparem

296 1592 477 1619 substantiam
494 1591 604 1623 habent,
617 1590 730 1618 minime
744 1594 985 1617 connumerantur.
1000 1589 1078 1616 Unde

298 1644 345 1665 vos
370 1637 478 1672 quidem
507 1645 540 1664 ex
570 1644 602 1663 eo
618 1636 688 1664 elabi
710 1643 763 1663 non
788 1635 910 1671 potestis,
926 1635 991 1670 quin
1004 1634 1079 1669 juxta

298 1683 368 1709 hanc
392 1683 533 1714 rationem,
558 1687 613 1709 tres
640 1682 704 1710 deos
718 1682 858 1709 asseratis.
880 1681 965 1709 Nobis
988 1686 1079 1709 autem

297 1729 400 1755 nullum
418 1728 471 1755 tale
488 1728 634 1762 periculum
649 1728 780 1755 imminet.
796 1728 854 1756 Non
876 1728 947 1756 enim
961 1735 993 1756 ea
1013 1736 1079 1756 con-

298 1773 485 1801 substantialia
511 1781 572 1800 0330
600 1772 767 1807 proﬁtemur.
791 1773 973 1808 Respondet):
994 1773 1080 1800 Unica

298 1826 365 1846 voce
392 1819 506 1854 teipsum
536 1819 645 1854 negotio
665 1826 697 1846 ac
719 1819 841 1847 molestia
866 1820 997 1852 liberasti,
1024 1827 1082 1846 ma-

299 1865 406 1899 lamque
423 1865 563 1892 victoriam
589 1865 702 1900 adeptus
721 1872 774 1892 es:
795 1866 919 1900 idemque
944 1866 991 1893 tibi
1011 1865 1081 1893 acci-

299 1909 350 1942 dit,
365 1909 493 1944 quodiis,
506 1909 551 1944 qui
575 1910 671 1937 mortis
688 1915 771 1942 metu,
788 1910 909 1944 sibiipsis
925 1910 1021 1944 laqueo
1037 1910 1079 1937 vi-

1121 267 1253 302 ἀλλήλους
1279 268 1369 303 μόνον,
1384 269 1450 296 ἀλλὰ
1466 268 1513 296 καὶ
1534 269 1601 304 πρὸς
1621 269 1671 300 τὰς
1688 269 1797 304 πρώτας
1817 269 1905 300 αἰτίας

1122 313 1268 345 ἀντιθέτως
1292 313 1412 348 ἔχοντες·
1434 314 1481 346 οὒς
1500 314 1531 350 δὴ
1542 314 1596 349 (95)
1621 315 1666 341 καὶ
1689 314 1842 345 Ὠκεανοὺς,
1859 315 1904 341 καὶ

1122 358 1242 393 Τηθύας,
1261 359 1307 385 καὶ
1331 359 1456 394 Φάνητας
1468 359 1534 395 (96),
1556 360 1603 386 καὶ
1625 360 1675 386 οὐκ
1697 358 1755 385 οῖδα
1780 358 1905 390 οὕστινας

1122 403 1284 438 ὀνομάζουσι
1297 411 1303 418 ·
1322 404 1368 430 καὶ
1382 403 1536 430 τελευταῖόν
1552 413 1613 430 τινα
1636 403 1696 430 Θεὸν
1721 404 1776 439 (97)
1798 405 1905 439 μισότε-

1122 457 1184 475 κνον
1199 449 1244 475 διὰ
1257 449 1412 485 φιλαρχίαν,
1427 450 1529 481 πάντας
1540 450 1721 476 καταπίνοντα
1735 450 1797 482 τοὺς
1810 449 1904 482 ἄλλους

1123 494 1151 527 ἐξ
1174 495 1334 530 ἀπληστίας,
1359 495 1401 521 ἵνα
1425 495 1534 530 γένηται
1556 496 1663 522 πάντων
1676 496 1779 531 ἀνδρῶν
1791 504 1819 522 τε
1834 499 1903 523 πῶν

1123 549 1152 567 τε
1167 541 1268 576 πατὴρ,
1282 541 1420 576 Lampia;
1439 541 1602 576 ἐσθιομένων
1622 542 1669 568 καὶ
1692 542 1858 576 ἐμουμένων.
1874 543 1905 569 Εἰ

1123 587 1151 612 δὲ
1165 586 1249 613 ταῦτα
1265 587 1355 622 μῦθοι,
1374 588 1421 614 καὶ
1443 588 1564 614 ὑπόνοιαι
1577 596 1660 621 τινες,
1682 588 1720 618 ὡς
1737 588 1811 615 αὐτοί
1828 597 1904 622 φασι,

1123 631 1153 657 τὸ
1175 631 1292 666 αἰσχρὸν.
1311 631 1357 658 τοῦ
1380 632 1459 665 λόγον
1479 632 1722 669 διαδιδράσκοντες,
1742 633 1768 660 τί
1792 634 1905 669 φήσουσι

1124 676 1192 711 πρὸς
1209 678 1249 708 τὸ,
1267 679 1370 712 Τριχθὰ
1388 678 1422 704 δὲ
1441 678 1537 705 πάντα
1552 679 1704 712 δέδασται,
1722 680 1768 706 καὶ
1779 679 1809 706 τὸ
1826 679 1903 706 ἄλλον

1124 722 1196 757 ἄλλῳ
1217 724 1270 749 τινὶ
1291 723 1344 749 τῶν
1371 724 1453 750 ὅντων
1475 725 1639 756 ἐπιστατεῖν,
1661 724 1841 760 διηρημὲνους
1859 725 1904 751 καὶ

1124 769 1182 799 ταῖς
1198 767 1273 799 ὕλαις
1282 768 1349 802 (98),
1368 769 1413 795 καὶ
1426 771 1481 801 τοῖς
1504 769 1656 805 ἀξιώμασις
1672 771 1709 797 Τὸ
1722 770 1750 796 δὲ
1764 771 1906 806 ἡμέτερον,

1124 812 1154 838 οὑ
1170 812 1287 838 τοιοῦτον
1297 821 1304 826 ·
1320 813 1396 840 Οὐδὲ
1408 814 1483 848 αὕτη
1498 815 1579 849 μερὶς
1587 814 1626 847 τῷ
1640 814 1744 842 Ἰακὼϐ
1752 815 1816 851 (99).
1827 816 1906 851 φησὶν

1125 858 1139 883 ὁ
1165 857 1230 892 ἐμὸς
1253 858 1391 892 Θεολόγοςι
1418 859 1485 886 ἀλλά
1511 861 1541 886 τὸ
1565 859 1593 885 ἓν
1617 860 1731 887 ἕκαστον
1753 860 1841 887 αὐτῶν
1854 861 1907 895 ἔχει

1091 894 1110 922 Β
1128 904 1194 939 πρὸς
1209 905 1238 931 τὸ
1261 906 1450 940 συγκείμενον,
1469 907 1517 942 οὐχ
1540 905 1620 942 ἦττον
1642 907 1658 942 ἦ
1679 908 1746 943 πρὸς
1767 907 1855 938 ἑαυτὸ.

1127 949 1218 984 ταυτῷ
1237 950 1286 985 τῆς
1311 951 1405 982 οὐσίας
1429 952 1476 977 καὶ
1493 952 1542 986 τῆς
1560 947 1710 987 δυνάμεῶς.
1732 953 1787 979 Καὶ
1801 949 1878 984 οὗτος
1893 953 1907 980 ὸ

1127 995 1176 1029 τῆς
1191 995 1312 1027 ἐνώσεως
1327 996 1413 1030 λόγος,
1437 997 1498 1023 ὅσον
1521 998 1562 1032 ἐφ’
1578 995 1617 1029 οἷς
1629 998 1666 1032 (l)
1687 999 1766 1033 ἡμεῖς
1786 999 1907 1033 κατειλή-

1128 1049 1226 1077 φαμεν.
1251 1042 1281 1068 Ei
1300 1043 1348 1077 μὲν
1362 1041 1408 1069 οὗν
1425 1043 1532 1078 ἰσχυρὸς
1554 1041 1631 1075 οὗτος
1647 1044 1662 1070 ὁ
1687 1044 1775 1078 λόγος,
1795 1044 1833 1079 τῷ
1851 1044 1909 1079 Θεῷ

1128 1087 1207 1122 χάρις
1221 1088 1268 1122 τῆς
1284 1088 1414 1124 θεωρίας·
1433 1091 1456 1115 εἰ
1477 1089 1505 1116 δὲ
1527 1089 1575 1125 μὴ,
1599 1090 1724 1125 ζητῶμεν
1736 1091 1781 1117 τὸν
1803 1090 1909 1126 ἰσχυριε-

1127 1141 1215 1168 τερον.

1165 1271 1212 1297 ΙΖ’.
1229 1270 1297 1301 Τοὺς
1313 1270 1340 1297 δὲ
1363 1271 1424 1303 σοὺς
1448 1272 1552 1306 λόγους,
1569 1273 1618 1299 οὐκ
1637 1270 1695 1299 οῖδα
1719 1273 1833 1308 πότερον
1848 1273 1909 1300 παί-

1130 1315 1221 1347 ζοντος
1237 1314 1306 1342 εἶναι
1322 1316 1444 1352 φήσομεν
1451 1317 1501 1351 (2),
1523 1317 1539 1352 ἣ
1562 1317 1765 1350 σπουδάζοντος.
1781 1316 1821 1350 οἷς
1835 1319 1909 1345 ἀναι-

1131 1363 1188 1398 ρεῖς
1201 1363 1277 1397 ἡμῶν
1298 1362 1346 1398 τὴν
1369 1363 1474 1390 ἕνωσιν.
1491 1363 1538 1395 Τίς
1559 1363 1613 1398 γὰρ
1625 1363 1657 1399 δὴ
1669 1364 1717 1390 καὶ
1735 1365 1749 1390 ὁ
1764 1364 1856 1399 λόγος;
1871 1365 1909 1391 Τὰ

1129 1409 1259 1443 ὁμοούσια
1280 1408 1544 1444 συναριθμεῖταιβ),
1567 1410 1619 1444 φῂς
1638 1409 1848 1446 (συναρίθμησιν
1869 1410 1910 1437 λέ-

1130 1463 1185 1488 γων
1200 1455 1248 1490 τὴν
1261 1456 1299 1486 εἰς
1312 1454 1428 1490 ἀριθμὸν
1438 1455 1486 1482 ἕνα
1500 1455 1663 1490 συναιρεσιν)
1673 1463 1680 1470 ·
1693 1456 1722 1482 οὐ
1739 1456 1910 1492 συναριθμεῖ-

1129 1507 1174 1525 ται
1188 1498 1216 1525 δὲ
1229 1499 1263 1525 τὰ
1279 1499 1315 1534 μὴ
1327 1499 1467 1533 ὀμοοὺσια.
1486 1499 1567 1525 Ὥστε
1578 1499 1656 1534 ὑμεῖς
1671 1500 1720 1535 μὲν
1734 1500 1764 1526 οὐ
1783 1500 1910 1534 φεύξεσθε

1131 1545 1160 1571 τὸ
1178 1544 1267 1578 λέγειν
1289 1545 1362 1579 τρεῖς
1382 1544 1459 1575 Θεοὺς
1483 1544 1552 1570 κατά
1568 1544 1613 1571 τὸν
1628 1545 1706 1579 λόγον
1721 1545 1830 1572 τοῦτον
1847 1547 1911 1582 ἡμῖν

1130 1591 1159 1617 δὲ
1174 1590 1234 1616 οὐδὲ
1252 1587 1291 1621 εἷς
1305 1590 1424 1622 κίνδυνος
1435 1598 1441 1604 ⁸
1457 1590 1486 1616 οὺ
1509 1590 1563 1626 γὰρ
1585 1591 1715 1626 ὁμοοὺσια
1733 1591 1857 1627 λέγομεν.
1875 1592 1911 1619 Σὺ

1134 1636 1183 1671 μὲν
1195 1633 1241 1663 οὖν
1262 1630 1418 1671 ἀπήλλαξας
1435 1636 1545 1662 σεαυτὸν
1568 1637 1737 1672 πραγμάτιον
1755 1638 1804 1673 μιᾷ
1825 1640 1911 1673 φωνῇ,

1132 1682 1179 1708 καὶ
1195 1681 1244 1717 τὴν
1261 1682 1348 1717 κακὴν
1366 1682 1444 1717 νίκην
1464 1681 1624 1717 νενίκηκας·
1642 1683 1733 1718 ὅμοιόν
1750 1692 1776 1710 τι
1801 1684 1915 1720 ποιήσας

1132 1729 1188 1759 τοῖς
1208 1727 1251 1753 διὰ
1274 1727 1388 1754 θανάτου
1410 1727 1491 1761 φόϐον
1512 1728 1721 1764 ἀπαγχομένας,
1739 1729 1797 1756 Ἵνα
1808 1729 1862 1765 γὰρ
1878 1730 1914 1764 μὴ

1131 1772 1223 1808 κάμῃς
1237 1773 1270 1807 τῇ
1287 1773 1420 1808 μοναρχίᾳ
1439 1773 1645 1809 συνιστάμενος,
1664 1775 1776 1810 ἠρνήσω
1791 1775 1914 1810 θεάτητα,

1131 1818 1178 1844 καὶ
1197 1818 1365 1853 προδέδωκας
1378 1820 1433 1850 τοῖς
1445 1818 1551 1854 ἐχθροῖς
1567 1820 1598 1845 τὸ
1611 1819 1785 1854 ζητούμενον.
1806 1819 1877 1854 Ἐγὼ
1889 1820 1916 1847 δὲ

1131 1864 1182 1891 κᾶν
1194 1873 1219 1890 τι
1233 1864 1281 1900 δέῃ
1294 1866 1403 1900 καμεῖν,
1417 1865 1447 1890 οὐ
1462 1866 1617 1900 προήσρμαι
1630 1865 1660 1891 τὺ
1671 1865 1915 1901 προσκυνούνιενον.

1138 1909 1268 1937 Ἐνταῦθα
1278 1910 1317 1943 δὲ,
1331 1910 1392 1936 οὐδὲ
1406 1910 1461 1946 ὁρῶ
1474 1911 1516 1943 τις
1527 1912 1541 1937 ὁ
1558 1911 1648 1943 πόνος.

299 1962 354 1984 tam
382 1956 514 1984 adimunt.
541 1956 658 1989 Etenim,
686 1964 721 1984 ne
749 1957 776 1985 in
803 1956 971 1984 defendendo
1004 1957 1084 1984 unius
1103 1957 1254 1991 principatu
1292 1957 1416 1990 desudes,
1442 1957 1569 1985 deitatem
1593 1957 1708 1992 negasti,
1742 1958 1917 1993 hostibusque

298 2002 337 2036 id,
352 2003 424 2038 quod
440 2002 608 2037 quarebant,
623 2002 778 2037 prodidisti.
798 2002 854 2037 Ego
870 2010 946 2036 vero,
976 2003 1058 2030 etiam
1080 2003 1103 2030 si
1120 2003 1185 2037 quid
1201 2001 1301 2030 laboris
1333 2002 1501 2030 subeundum
1516 2003 1561 2037 sit,
1580 2011 1632 2031 non
1659 2007 1748 2031 tamen
1764 2005 1876 2039 prodam
1890 2004 1916 2032 id

298 2051 370 2084 quod
400 2051 539 2078 adorator.
564 2050 722 2085 Quanquam
743 2057 777 2077 ne
800 2045 845 2078 hii:
861 2051 968 2085 quidem
994 2050 1082 2083 video,
1103 2050 1165 2085 quis
1179 2050 1254 2077 labor
1269 2050 1458 2084 suscipiendus
1472 2051 1517 2077 sit.

333 2095 427 2123 XVIII.
447 2095 690 2129 Connumerantur,
707 2095 809 2131 inquis,
826 2103 871 2129 ea,
883 2103 942 2131 quae
957 2096 1080 2124 eamdem

299 2142 477 2170 substantiam
501 2143 601 2169 habent
618 2149 698 2177 :qttze
721 2147 811 2169 autem
839 2142 987 2170 substantia
1010 2142 1082 2169 inter

298 2196 329 2216 se
342 2187 480 2220 dili'erunt,
499 2187 662 2223 singularem
686 2187 877 2216 iudicationem
896 2188 1007 2216 hahent.
1025 2187 1081 2216 Uti-

297 2233 333 2261 de
358 2233 420 2264 hoc,
434 2236 461 2259 et
486 2239 502 2259 a
520 2231 617 2267 quibus
639 2232 795 2260 doctoribus
818 2238 864 2260 aut
887 2233 1082 2261 fabulatoribus

298 2277 451 2312 accepisti?
467 2277 569 2304 Illudne
587 2282 613 2305 te
637 2277 716 2312 fugit,
734 2286 876 2306 numerum
887 2285 995 2306 omnem
1012 2279 1083 2306 hanc

298 2324 351 2350 vim
373 2323 482 2356 habere,
498 2327 528 2351 ut
545 2324 727 2358 subiectorum
743 2325 932 2360 quantitatem,
950 2333 1003 2353 non
1018 2326 1080 2353 item

298 2377 388 2397 rerum
416 2374 551 2402 naturam,
574 2369 710 2404 explicet?
729 2369 783 2405 Ego
808 2377 871 2398 vero
896 2370 933 2397 ita
954 2371 1078 2405 simplex,

332 2446 356 2462 “
370 2445 480 2473 Homer.
505 2446 589 2474 Iliad.
613 2455 669 2480 xlv,
698 2455 764 2475 vers.
780 2447 838 2474 189.
877 2448 899 2463 ³⁵
913 2447 969 2475 Jer.
984 2456 1011 2482 κ,
1024 2448 1067 2476 16.

333 2527 389 2562 (95)
407 2525 523 2560 Οῦςδή.
540 2526 584 2553 Sic
602 2526 666 2561 Reg.
687 2526 741 2557 bm,
758 2525 831 2559 Bas,
858 2526 958 2561 aliique
979 2526 1080 2562 plures.

297 2562 325 2588 lu
338 2563 380 2588 ed.
399 2563 473 2588 deest
484 2562 527 2588 δή.

310 2570 325 2588 ιι
338 2563 380 2589 ed.
399 2563 473 2588 deest
484 2562 527 2589 δή.

338 2563 380 2589 ed.
399 2563 473 2588 deest
484 2562 527 2596 δή.

333 2596 388 2632 (96)
409 2596 597 2632 Ὠκεανοὺς-..π
613 2596 757 2629 Τιιθύας...
776 2595 1082 2632 Ψάνηταςλξιη-ιθεετι-

298 2639 356 2663 nos,
371 2631 507 2666 'I‘ethydas
533 2637 557 2657 et
586 2631 728 2662 Phan-uas,
752 2640 761 2656 ι
789 2631 912 2666 intelligit
933 2631 1080 2666 Gregorius

298 2668 374 2698 deos,
392 2665 448 2700 qui,
463 2666 538 2698 juxta
556 2671 658 2700 poetas,
672 2675 681 2690 ι
703 2667 781 2697 mari,
801 2665 885 2693 terrae
895 2667 1022 2700 vitalique
1038 2665 1080 2692 fa-

299 2701 388 2728 cultati
405 2710 415 2726 ι
429 2701 571 2734 prmsidere
584 2700 729 2734 tinguntur.

333 2736 388 2771 (97)
407 2738 475 2771 Twa
489 2735 572 2766 Θεόν,
584 2740 637 2762 etc.
650 2735 698 2762 llic
709 2735 864 2769 designatur
880 2735 1020 2763 Saturnus.
1035 2735 1082 2762 Di—

300 2770 368 2797 ;ititr
385 2779 395 2796 ι
415 2770 484 2797 ﬁlios
501 2771 644 2802 devorans.
669 2779 678 2795 ι
695 2772 766 2802 quod
783 2778 877 2797 saxum
894 2771 985 2798 fasciis
1004 2771 1081 2799 invo-

307 2811 382 2832 utum
397 2813 446 2839 pro
460 2804 526 2831 Jove
540 2805 685 2832 devorasse
699 2806 818 2839 tingitur.

332 2841 389 2873 (ti?)
416 2840 528 2871 Ὑλαις.
548 2849 557 2864 ι
577 2839 706 2871 Materiis,
722 2849 731 2864 ι
755 2840 781 2866 id
801 2845 852 2872 est,
879 2849 888 2866 ‹
903 2840 1053 2868 elementis.
1070 2850 1078 2866 ι

332 2875 388 2909 (99)
402 2875 491 2910 Meplc
505 2874 544 2906 τῷ
561 2873 671 2901 Ἰακὼϐ.
689 2884 697 2900 ι
715 2874 779 2903 Pars
795 2875 850 2903 hazc
866 2874 975 2903 Jacob.»
995 2875 1081 2904 Verba

1170 2096 1223 2122 IH’.
1238 2094 1459 2131 Συναριθμεῖται,
1467 2095 1529 2131 φῂς,
1538 2095 1572 2122 τὰ
1582 2095 1713 2130 ὁμοούσια
1723 2103 1731 2111 ”
1739 2095 1774 2122 τὰ
1783 2095 1810 2122 δὲ
1822 2096 1917 2132 oux“)

1134 2140 1219 2172 οὕτως
1230 2140 1336 2176 ἔχοντα,
1348 2140 1494 2176 μοναδικὴν
1507 2140 1563 2176 ἔχει
1576 2142 1625 2176 τὴν
1637 2141 1762 2177 δήλωσιν.
1776 2141 1862 2168 Πόοεν
1877 2150 1917 2169 σοι

1133 2187 1224 2220 τοῦτο,
1237 2187 1283 2214 καὶ
1301 2187 1377 2222 παρά
1393 2187 1473 2213 τίνων
1490 2187 1678 2222 δογματιστῶν
1693 2187 1740 2214 καὶ
1749 2187 1788 2223 (5)
1804 2187 1916 2223 μυθολό-

1134 2241 1206 2267 γων;
1224 2233 1260 2259 Ἢ
1282 2234 1400 2268 ἀγνοεῖς,
1425 2233 1467 2259 ὅτι
1491 2234 1545 2264 πᾶς
1566 2233 1692 2269 ἀριθμὸς,
1708 2233 1757 2268 τῆς
1771 2233 1917 2268 ποσότητος

1133 2280 1187 2306 τῶν
1202 2281 1389 2315 ὑποκειμένων
1400 2281 1459 2306 ἐστὶ
1475 2280 1633 2315 δηλωτικὸς,
1645 2281 1674 2307 οὺ
1686 2280 1736 2315 τῆς
1746 2280 1853 2314 φύσεως
1864 2280 1917 2306 τῶν

1135 2326 1320 2361 πραγμάτων;
1342 2325 1412 2360 Ἐγὼ
1428 2326 1456 2352 δὲ
1475 2325 1562 2358 οὕτως
1584 2327 1704 2362 ἀρχαίως
1728 2326 1791 2361 ἔχω,
1818 2325 1917 2360 μᾶλλον

1133 2371 1160 2398 δὲ
1173 2371 1296 2407 ἀμαοῶς,
1312 2372 1382 2399 ὥστε
1405 2374 1467 2408 τρία
1488 2373 1537 2408 μὲν
1551 2373 1675 2408 ὀνομάζω
1690 2373 1724 2399 τά
1741 2373 1863 2399 τοσαῦτα
1881 2371 1918 2407 τῷ

1132 2531 1194 2553 sunt
1204 2526 1329 2554 Jeremize
1340 2534 1368 2559 x,
1388 2526 1430 2559 l6,
1443 2534 1522 2561 quem
1539 2525 1685 2561 Gregorius
1699 2534 1776 2553 stium
1802 2526 1919 2561 appellat

1135 2561 1300 2596 theologum.
1321 2569 1438 2594 eumque
1464 2562 1619 2588 Cras-mrum
1643 2561 1773 2596 theologis
1795 2562 1918 2594 Opponit.

1135 2605 1144 2621 ‹
1162 2595 1339 2628 Ρςιτέιηρυυ,
1362 2606 1371 2622 ι
1386 2597 1463 2630 juxta
1480 2596 1577 2628 Eliain,
1594 2597 1716 2630 designat
1735 2595 1750 2622 ἶ
1767 2596 1916 2624 doctrinant

1131 2638 1223 2658 eorum
1235 2633 1279 2664 qui
1296 2637 1367 2658 recte
1382 2636 1408 2657 et
1419 2632 1569 2658 orthodoxe
1587 2632 1718 2658 sentiunt.
1733 2641 1743 2657 ι

1227 2667 1288 2702 Ἐφ’
1298 2664 1354 2699 οἷς.
1370 2666 1445 2702 Βιιδ.2
1459 2667 1488 2702 ὲν
1502 2664 1553 2696 οἷς.

1167 2701 1205 2734 (2)
1216 2702 1363 2736 Φήσομεν.
1375 2701 1457 2728 Coisl.
1470 2701 1499 2736 l,
1508 2702 1655 2736 φήσαιμεν.

1172 2736 1210 2772 (3)
1231 2735 1466 2771 Συναριθμεῖται.
1491 2735 1547 2772 lloe
1563 2739 1748 2772 argumentum
1768 2739 1919 2772 cteteraque

1136 2770 1239 2803 Olltllill.
1253 2770 1364 2799 sanctus
1382 2772 1507 2804 Basilius,
1521 2771 1547 2798 in
1564 2771 1633 2799 libro
1650 2770 1685 2797 Da
1702 2770 1804 2805 Spiritu
1816 2775 1917 2802 sancto,

1135 2807 1291 2841 plenissime
1305 2807 1411 2834 refellit.

1172 2842 1210 2875 (4)
1231 2842 1374 2878 οῠχηυυο
1392 2841 1486 2878 ﬂegg.,
1502 2842 1550 2878 μή.

1173 2877 1209 2912 ίὸ)
1227 2878 1291 2906 Καί.
1310 2877 1375 2912 Reg.
1392 2884 1418 2910 a,
1434 2877 1462 2912 7).
