2049 3131
183 151 235 178 I57

695 151 826 182 ORATIO
844 153 942 193 XXXI,
965 170 995 175 —
1015 154 1238 184 THEOLOGICA
1255 155 1289 184 ν.

1759 157 1812 185 I58

182 220 265 247 τριον.
282 211 314 238 EI
329 211 357 239 δὲ
368 211 398 239 τὸ
412 211 449 248 μὴ
457 211 518 239 λίαν
535 211 628 247 σαφῶς
645 213 798 249 γεγράφθαι
816 215 893 249 Θεὸν,
908 216 976 252 μηδὲ

1033 217 1128 252 alioqui
1149 225 1375 253 supervacaneam
1396 217 1540 253 quamdam
1558 224 1669 253 operam
1693 226 1811 251 sumere,

183 257 314 289 πολλάκις
322 257 464 293 ὀνομαστὶ,
483 257 578 293 ὥσπερ
593 258 639 285 τὸν
648 259 758 294 Πατέρα
774 260 915 296 πρότερον,
925 261 973 288 καὶ

183 303 229 329 τὸν
244 303 309 329 Υἰὸν
321 302 446 338 ὕστερον,
462 303 546 330 αἴτιόν
558 312 599 330 σοι
616 304 719 337 γίνεται
734 304 974 341 βλασφημίας,καὶ

183 349 234 383 τῆς
261 349 394 386 περιττῆς
422 350 525 386 ταύτης
553 350 744 385 γλωσσαλγίας
765 352 811 378 καὶ
835 353 973 384 ὰσεὸείας’

184 396 266 431 ἡμεῖς
282 404 324 422 σοι
345 395 462 432 λύσομεν
478 396 580 433 ταύτην
600 397 650 433 τὴν
668 397 781 433 βλάϐην,
797 398 882 435 μικρὰ
911 400 976 436 περὶ

158 445 161 449 “
184 442 354 477 πραγμάτων
368 443 415 469 καὶ
423 443 573 478 ὀνομάτων,
588 444 635 470 καὶ
648 443 766 478 μάλιστα
785 444 860 479 παρὰ
879 446 911 480 τῇ
926 446 976 480 τῆς

184 487 298 524 Γραφῆς
317 488 447 525 συνηθείᾳ
466 489 708 526 φιλοσοφήσαντες.

187 544 238 564 nos
255 537 302 564 tibi
323 537 374 564 hoc
389 537 591 564 incommodum
609 538 784 572 dcpcllemus,
804 544 977 574 posteaquam

186 591 263 610 more
278 588 360 618 atque
376 592 426 611 usu
443 585 563 612 nonnihil
583 586 741 613 dixerimus.

221 631 355 658 ΚΒ⁷.Τῶν
372 632 556 668 πραγμάτων,
581 632 616 659 τὰ
635 633 685 668 μὲν
706 633 755 660 οὐκ
777 633 845 665 ἔστι,
865 634 975 667 λέγεται

185 675 224 703 δέ·
241 675 274 703 τὰ
287 676 314 703 δὲ
329 677 444 708 ὄντα,οὑ
452 677 570 712 λέγεται·
587 677 621 704 τὰ
631 678 658 704 δὲ
679 677 740 704 οὔτε
757 678 840 710 ἔστιν,
852 678 915 705 οὕτε
932 679 977 705 λέ-

186 731 275 756 γεται·
287 722 322 749 τὰ
341 723 369 750 δὲ
391 723 484 758 ἄμφω,
508 723 555 750 καὶ
572 723 640 753 ἔστι.
661 724 708 750 καὶ
724 724 842 758 λέγεται.
869 725 978 751 Τούτων

186 769 313 800 ἀπαιτεῖς
337 778 371 804 με
404 769 453 800 τὰς
478 769 648 802 ἀποδείξεις;
682 771 833 805 παρασχεῖν
859 770 977 805 ἕτοιμος.

192 813 287 840 ’Υπνοῖ
305 815 337 849 τῇ
354 814 448 849 Γραιρῇ
461 814 536 846 Θεὸς,
549 814 597 840 καὶ
609 816 753 850 γρηγορεῖ,
769 815 815 840 καὶ
829 815 977 850 ὀργίζεται,

1026 271 1058 292 ac
1071 264 1130 299 plus
1142 272 1219 300 aquo
1234 264 1375 292 ambitioni
1400 264 1541 300 indulgere
1554 264 1709 298 videamur,
1732 272 1815 299 super

1025 310 1230 338 fundamentum
1251 311 1368 338 alienttm
1392 311 1567 338 aediﬁcantes.
1591 310 1668 344 Quod
1693 310 1728 344 si,
1750 311 1810 345 quia

1025 364 1078 384 non
1108 357 1253 384 admodum
1284 357 1402 385 dilucide
1429 356 1455 383 in
1485 356 1636 391 Scriptura,
1666 363 1716 383 nec
1744 363 1814 390 saepe

1026 401 1185 429 nominatim
1208 402 1278 430 Deus
1299 402 1459 436 appelletur.
1486 402 1714 437 quemadmodum
1732 401 1810 428 Patet

1031 447 1118 481 prius,
1134 451 1160 474 et
1174 453 1267 483 postea
1285 447 1379 481 Filius,
1395 447 1578 482 blaspliemim,
1598 455 1630 476 ac
1652 456 1812 483 supervaca-

1027 500 1085 520 nea;
1101 492 1179 527 hujus
1197 493 1368 528 loquacitatis
1386 498 1413 520 et
1429 494 1576 528 impietatis
1588 501 1681 521 ansam
1697 493 1812 528 praebet-

998 539 1031 567 de
1047 541 1127 568 rebus
1140 546 1166 567 et
1178 542 1340 575 nominibus,
1357 549 1387 568 ac
1401 541 1571 576 potissimum
1602 541 1636 569 de
1668 541 1815 576 Scripturae

1065 633 1147 669 57o
1164 633 1249 662 XXII.
1275 633 1376 661 Rerum
1407 641 1470 669 ergo
1495 634 1555 662 alia:
1579 642 1631 661 non
1660 639 1740 669 sunt,
1770 636 1816 662 sed

1030 678 1171 711 dicuntur;
1202 679 1261 706 aliae
1279 687 1338 706 cum
1363 679 1427 712 sint,
1456 680 1568 708 minime
1590 681 1731 714 dicuntur;
1759 681 1818 708 alia:

1030 732 1082 752 nec
1097 729 1170 758 sunt,
1188 733 1238 752 nec
1253 726 1398 758 dicuntur;
1422 727 1483 753 alia:
1511 727 1627 761 deniqtte
1652 731 1679 754 et
1701 731 1764 754 snnt
1789 731 1819 754 et

1031 770 1169 797 dicuntur.
1188 769 1289 797 Ilorum
1304 771 1479 805 probationes
1493 779 1507 799 a
1524 779 1566 798 Ine
1578 772 1723 807 exposcis?
1739 771 1819 805 Impi-

1031 824 1078 850 ger
1092 816 1238 844 exhibebo.
1259 817 1364 844 Dormit
1375 817 1396 833 “
1414 818 1440 844 in
1457 818 1598 852 Scriptura
1614 818 1694 850 Dens,
1711 823 1738 845 et
1751 818 1819 853 vigi-

187 861 234 886 καὶ
251 859 365 895 βαδίζει,
385 860 432 886 καὶ
459 859 553 895 θρόνον
571 859 626 895 ἔχει
653 860 689 886 τὰ
714 860 856 895 χερουϐἔμ·
880 860 978 890 καίτοι.

1033 862 1068 890 lat
1090 862 1123 895 ",
1147 867 1175 889 et
1201 863 1329 890 iraseitur
1350 863 1384 895 ",
1410 869 1437 891 et
1456 865 1638 899 proﬁciscitur
1657 864 1690 897 ⁸⁵,
1719 869 1744 892 et
1770 872 1819 900 pro

188 907 253 933 ποτε
265 907 377 941 γέγονεν
390 906 532 942 ἐμπαθής;
551 907 614 932 ποτε
627 906 655 932 δὲ
669 906 747 941 σῶμα
762 905 827 933 Θεὸν
839 906 977 941 ἀκήκοας

187 952 274 979 Τοῦτο
286 953 336 979 οὐκ
347 952 376 978 ὃν
391 952 557 988 ἀνεπλάσθη.
581 952 769 988 Ὡνομάσαμεν
781 952 845 987 γὰρ,
860 952 897 984 ὡς
914 952 980 987 ἡμῖν

188 1000 309 1034 ἐφικτὸν,
328 999 360 1026 ἐκ
376 999 430 1025 τῶν
445 999 588 1034 ἡμετέρων
599 998 633 1025 τὰ
646 998 693 1025 τοῦ
709 998 786 1025 Θεοῦ.
801 998 837 1025 Τὸ
857 998 905 1032 μὲν
915 999 979 1033 ἠρε-

190 1047 250 1081 μεῖν
268 1046 349 1072 αὑτὸν
362 1046 409 1080 ἀφ’
423 1046 510 1081 ἡμῶν,
530 1046 577 1071 καὶ
593 1042 649 1072 οἷον
664 1044 785 1080 ἀμελεῖν,
806 1044 839 1070 δι’
851 1044 884 1076 ἃς
901 1044 981 1075 αὐτὸς

189 1091 261 1119 οἶδεν
279 1093 378 1124 αἰτίας,
404 1092 515 1119 ὑπνοῦν.
531 1092 568 1118 Τὸ
591 1091 645 1127 γὰρ
657 1092 791 1127 ἡμέτερον
808 1090 863 1124 (96)
881 1089 980 1116 ὐπνοῦν

188 1138 319 1170 τοιοῦτον,
328 1138 509 1174 ἁνενέργητόν
521 1147 550 1165 τε
560 1137 607 1165 καὶ
618 1138 767 1173 ἄπρακτον.
786 1137 822 1163 Τὸ
835 1137 862 1163 δὲ
875 1137 981 1172 ἀθρόως

189 1184 219 1213 εὖ
239 1187 325 1212 ποιεῖν
341 1180 373 1212 ἐκ
384 1185 548 1221 μεταϐολῆς,
568 1186 726 1221 γρηγορεῖν.
747 1185 852 1211 ’Ύπνου
867 1184 921 1220 γὰρ
936 1184 982 1210 λύ-

190 1241 245 1264 σις,
264 1233 439 1268 ἐγρήγορσις,
458 1231 552 1267 ὥσπερ
566 1231 752 1267 ἀποστροφῆς,
768 1230 921 1265 ἐπίσκεψις.
945 1230 982 1256 Τὸ

189 1277 218 1304 δὲ
232 1276 365 1309 κολάζειν,
386 1276 542 1312 ὀργίζεσθαι
554 1276 751 1310 πεποιήκαμεν·
768 1273 838 1301 οὕτω
852 1274 905 1310 γὰρ
917 1275 982 1309 ἡμῖν

190 1323 219 1355 ἐξ
231 1323 344 1358 ὀργῆςή
362 1322 482 1354 κόλασις,
501 1322 538 1348 Τὸ
554 1322 580 1347 δὲ
601 1321 649 1347 νῦν
668 1321 716 1355 μὲν
728 1321 784 1355 (9.7)
804 1320 876 1356 τῇδε,
892 1319 938 1346 νῦν
954 1319 982 1345 δὲ

190 1368 254 1404 τῇδε
277 1368 409 1403 ἐνεργεῖν,
423 1368 551 1403 βαδίζειν.
571 1367 603 1393 'II
619 1367 673 1402 γὰρ
685 1367 730 1392 ἀπ’
749 1365 827 1393 ἄλλου
841 1365 908 1400 πρὸς
920 1365 982 1392 ἄλλο

193 1414 351 1449 μετάϐασις,
370 1414 510 1450 βαδισμός.
537 1413 574 1440 Τὸ
593 1413 621 1439 δὲ
649 1412 836 1439 ἀναπαύεσθαι
853 1411 908 1446 (‘28)
924 1413 983 1442 ταῖς

190 1461 283 1495 ἁγίαις
299 1460 440 1494 δυνάμεσι,
459 1460 505 1486 καὶ
520 1457 575 1485 οἷον
598 1458 807 1494 ἐμφιλοχωρεῖν,
820 1457 983 1488 καθέζεσθαι

191 1508 238 1534 καὶ
253 1506 435 1542 θρονίζεσθαι,
450 1506 497 1532 καὶ
513 1505 592 1532 τοῦτο
609 1505 753 1540 ἡμέτερον.
763 1504 857 1530 Οὐδενὶ
871 1504 926 1540 γὰρ
937 1504 983 1530 οὖ-

1031 909 1128 936 throno
1153 909 1317 936 cherubinos
1340 909 1363 925 ⁸⁸
1392 910 1481 937 habet.
1506 909 1575 943 Quid
1596 911 1695 937 audio?
1721 910 1819 938 Fuitne

1031 961 1149 988 unquam
1168 954 1212 981 ille
1226 954 1412 983 aﬂ'eclionibus
1426 955 1576 983 obnoxius?
1597 955 1709 989 Quando
1735 956 1817 983 Deum

1030 1008 1092 1028 esse
1103 1008 1203 1036 corpus
1215 1001 1334 1028 audisti?
1348 1001 1489 1036 Ergohoc,
1502 1010 1563 1029 cum
1577 1010 1631 1029 non
1644 1003 1690 1034 sit,
1704 1001 1819 1029 ellictum

1031 1050 1082 1074 est.
1103 1046 1143 1073 Ex
1159 1047 1260 1074 nostris
1274 1047 1346 1074 cnim
1370 1047 1452 1074 rebus
1475 1055 1519 1080 ea,
1539 1055 1598 1082 qua:
1621 1048 1667 1075 Dei
1693 1053 1767 1080 sunt,
1791 1053 1820 1075 ut

1032 1092 1178 1126 potuimus,
1197 1093 1408 1120 nominavimus.
1439 1093 1506 1120 Cum
1533 1093 1646 1121 seorsim
1671 1093 1779 1128 quidem
1804 1101 1820 1120 a

1032 1137 1109 1164 nobis
1125 1138 1251 1172 quiescit,
1265 1146 1297 1165 ac
1313 1139 1387 1166 velut
1400 1140 1483 1166 nostri
1499 1147 1605 1172 curam,
1632 1140 1666 1167 ob
1681 1147 1736 1170 eas,
1753 1147 1821 1174 quas

1033 1183 1090 1218 ipse
1119 1189 1276 1218 perspectas
1305 1185 1397 1218 habet,
1429 1193 1534 1218 causas,
1566 1185 1671 1220 objicit,
1701 1185 1821 1212 dormire

1033 1229 1141 1257 dicitur.
1165 1229 1232 1256 Nam
1258 1238 1308 1257 nos
1331 1238 1448 1266 quoque.
1475 1231 1539 1258 dum
1564 1231 1723 1262 dormimus,
1746 1231 1819 1258 omni

1033 1275 1128 1308 agendi
1159 1274 1288 1302 facultate
1317 1283 1453 1303 caremus.
1481 1276 1564 1308 Idem,
1594 1283 1654 1302 cutn
1681 1275 1820 1310 repentina

1034 1321 1184 1348 mutatione
1214 1320 1353 1348 beneliciis
1381 1329 1431 1348 nos
1456 1321 1550 1359 allicit,
1574 1321 1686 1355 vigilare
1710 1321 1820 1348 dicitur.

1034 1366 1129 1393 Somni
1157 1367 1228 1394 enim
1250 1367 1371 1401 depulsio
1396 1372 1438 1394 cst
1460 1367 1566 1402 vigilia,
1594 1367 1820 1401 quemadmodum

1034 1413 1214 1440 aversationis
1231 1413 1362 1440 visitatio.
1379 1413 1438 1441 Jam
1455 1421 1515 1441 cum
1535 1414 1560 1440 in
1572 1413 1687 1448 aliquctu
1703 1412 1823 1440 animad-

1034 1458 1125 1490 vertit,
1149 1458 1231 1485 irasci
1252 1465 1313 1485 eum
1341 1459 1478 1486 ﬁnximus.
1503 1457 1548 1485 Sic
1572 1458 1646 1485 enim
1661 1465 1711 1484 nos
1731 1457 1771 1484 ira
1787 1457 1821 1484 ad

1034 1504 1198 1540 puniendum
1221 1505 1374 1532 incitamur.
1396 1505 1472 1538 Quod
1487 1509 1577 1532 autem
1593 1511 1664 1531 nunc
1681 1503 1735 1536 hic,
1751 1510 1824 1530 nunc

190 1562 253 1584 τως,
272 1553 310 1583 ὡς
321 1553 376 1585 τοῖς
388 1552 476 1587 ἁγίοις
492 1552 522 1578 τὸ
536 1552 606 1578 θεῖον
620 1550 944 1584 é~11v1mt§etat(29).To
955 1550 981 1577 δὲ

1035 1550 1089 1577 illic
1110 1555 1247 1585 operatur,
1270 1551 1397 1578 incedere
1419 1551 1528 1578 dicitur.
1554 1550 1596 1578 Ab
1620 1549 1674 1576 alio
1691 1549 1763 1577 enim
1787 1549 1821 1576 ad

190 1599 360 1634 ὀξυκίνητον,
374 1599 482 1634 πτῆσιν·
494 1598 543 1633 τὴν
557 1598 585 1623 δὲ
599 1597 763 1630 ἐπισκοπὴν,
781 1596 935 1631 πρόςωπον·
953 1596 982 1622 τὸ

191 1644 291 1670 διδόναι
305 1644 333 1671 δὲ
348 1645 395 1671 καὶ
412 1643 570 1680 προσίεσθαι
599 1643 666 1676 (51)),
689 1642 776 1676 χεῖρα·
792 1642 838 1668 καὶ
858 1641 923 1676 ἄλλη
942 1650 983 1673 τις

192 1689 261 1722 ὅλως
278 1689 332 1716 τῶν
347 1690 393 1715 τοῦ
408 1689 476 1716 Θεοῦ
500 1689 642 1724 δυνάμεων
670 1688 686 1723 ἦ
706 1687 861 1724 ἐνεργειῶν,
875 1687 938 1714 ἄλλο
958 1695 983 1713 τι

191 1735 246 1761 τῶν
257 1735 421 1770 σωματικῶν
434 1736 500 1770 ἡμῖν
514 1734 754 1769 ἀνεζωγράφησεν.

1035 1596 1106 1623 aliud
1122 1596 1260 1629 transitus,
1276 1597 1410 1631 profectio
1427 1601 1477 1624 est.
1501 1595 1576 1629 Quod
1595 1602 1658 1622 vero
1680 1594 1705 1621 in
1721 1595 1823 1622 sanctis

1036 1641 1088 1668 illis
1104 1645 1131 1669 et
1146 1642 1302 1670 ctnlestibns
1318 1643 1455 1670 mentibus
1479 1643 1665 1677 conquiescat,
1693 1649 1724 1669 ac
1749 1640 1823 1667 velut

1036 1689 1151 1717 libenter
1170 1690 1340 1723 immoretur,
1366 1691 1461 1718 sedere
1483 1695 1564 1724 atque
1589 1690 1615 1717 iu
1643 1690 1740 1716 throno
1763 1695 1823 1715 esse

1038 1735 1271 1768 nuncupavitnus;
1299 1736 1371 1769 quod
1393 1735 1479 1770 ipsum
1500 1742 1606 1769 quoque
1630 1738 1752 1761 nostrum
1767 1736 1819 1759 est.

193 1782 264 1809 Deus
296 1783 366 1809 enim
394 1782 464 1809 nulla
492 1782 518 1808 in
557 1789 587 1809 re
615 1781 727 1816 perinde
752 1787 780 1808 ut
813 1781 839 1808 in
868 1781 981 1812 sanctis.
1003 1781 1162 1816 acquiescit.
1197 1782 1255 1810 Jam
1280 1783 1417 1810 levitatem
1442 1783 1500 1817 ejus
1525 1788 1665 1816 motusque
1697 1780 1822 1809 celerita-

195 1834 249 1855 tem
265 1849 272 1860 ,
301 1827 421 1855 volatum
448 1827 565 1862 appellat
587 1826 745 1862 Scriptura;
774 1826 954 1853 visitationem
970 1845 977 1858 ,
999 1826 1114 1858 vultum,
1131 1827 1300 1862 largitionem
1313 1828 1394 1854 etiam
1409 1832 1437 1854 et
1465 1827 1661 1861 acceptioncm,
1692 1825 1822 1852 manum;

193 1881 286 1911 atque,
304 1882 333 1903 ut
369 1877 395 1903 in
430 1883 534 1903 summa
560 1875 658 1907 dicam,
684 1874 735 1901 alia
760 1875 881 1909 qttmdant
909 1874 1018 1905 Dei_vis
1037 1880 1061 1901 et
1088 1875 1221 1908 facultas,
1253 1875 1324 1902 aliud
1348 1875 1486 1910 quidpiam
1514 1882 1603 1902 rerum
1630 1880 1820 1908 corporearum

194 1924 272 1951 nobis
285 1923 415 1958 depinxit.

229 1969 292 1996 Kl".
310 1969 394 1996 Πάλιν
407 1969 439 1995 σὺ
456 1967 537 1995 πόθεν
558 1969 588 1994 τὸ
602 1968 748 2002 ἀγέννητον
759 1967 848 1994 λαϐὼν
861 1967 941 2002 ἔχεις,
968 1966 984 2002 ἢ

195 2013 225 2040 τὸ
237 2014 292 2049 (51)
306 2013 432 2049 ἄναρχον,
443 2013 492 2045 τὰς
504 2014 552 2045 σας
567 2013 739 2048 ἀκροπόλεις,
755 2012 770 2047 ἢ
791 2014 837 2039 καὶ
853 2014 943 2047 ἡμεῖς,
957 2012 987 2038 τὸ

195 2061 344 2092 wit/410v;
378 2060 467 2093 Δεῖξον
490 2060 578 2087 ταῦτα
601 2059 740 2094 ὀνομαστὶ,
764 2059 780 2094 ἢ
805 2059 985 2093 ἀθετήσομεν,

195 2106 288 2142 ἐπειδὴ
296 2107 326 2133 οὐ
342 2107 497 2142 γέγραπται
513 2106 579 2141 (52),
591 2105 608 2141 ἢ
619 2105 813 2140 διαγρὰψομεν,
823 2105 877 2130 Καὶ
891 2104 987 2138 τέθνη-

196 2161 248 2184 κας
257 2154 289 2179 ὲκ
304 2153 356 2179 τῶν
377 2153 430 2179 σῶν
447 2152 613 2182 ὑποθέσεων,
629 2150 847 2186 καθαιρεθέντων
864 2159 905 2176 σοι
931 2150 986 2176 τῶν

197 2199 344 2233 ὀνομάτων,
366 2199 412 2224 καὶ
428 2198 474 2225 τοῦ
486 2198 591 2232 τείχους
601 2198 649 2232 τῆς
666 2195 826 2230 καταφυγῆς
845 2195 886 2229 ἐφ’
902 2192 986 2230 (MSS)

1076 1966 1168 1993 XXIII.
1184 1967 1298 1994 Rursum
1309 1968 1443 1993 undenam
1459 1971 1484 1993 tu
1499 1973 1576 1992 arces
1590 1965 1648 1992 illas
1663 1969 1732 1997 tuas,
1750 1963 1824 1997 iuge-

1039 2014 1125 2040 nitum
1150 2019 1197 2040 aut
1223 2015 1373 2041 anarchnm
1407 2013 1476 2046 (hoc
1491 2017 1532 2040 est
1546 2011 1670 2046 principii
1693 2011 1822 2044 expers),

1039 2060 1178 2094 accepisti,
1207 2066 1254 2087 aut
1276 2068 1325 2087 nos
1346 2059 1428 2086 etiam
1451 2058 1610 2086 immortalis
1632 2058 1746 2085 vocem?
1762 2056 1825 2083 Ila3c

1040 2106 1197 2132 nominatim
1212 2111 1239 2132 et
1253 2113 1382 2140 expresse
1395 2105 1517 2136 ostende,
1543 2112 1571 2131 ca
1597 2104 1636 2131 vel
1661 2103 1823 2137 rejicietuus.

1041 2152 1103 2186 quia
1130 2152 1156 2178 in
1182 2151 1321 2186 Scriptura
1339 2159 1392 2179 non
1408 2155 1533 2183 exstant,
1562 2150 1603 2177 vel
1629 2155 1823 2184 expungemus.

1040 2198 1128 2232 Atque
1145 2198 1181 2225 ita
1203 2199 1313 2226 tuismet
1333 2199 1391 2233 ipse
1405 2198 1544 2233 principiis
1564 2204 1707 2232 oppressus
1738 2196 1824 2223 inter-

198 2245 360 2276 ἐπεποίθεις.
375 2246 410 2270 'II
425 2244 563 2280 δῆλον,ὅτι
577 2244 609 2270 ἐκ
626 2243 678 2270 τῶν
695 2242 780 2269 ταῦτα
803 2242 981 2275 συναγόντων,

1041 2243 1103 2277 ibis,
1115 2244 1217 2272 eversis
1227 2245 1354 2272 nimirum
1367 2245 1415 2272 tibi
1430 2243 1568 2271 vocabulis
1580 2243 1642 2276 illis,
1656 2241 1825 2278 perlugiique

233 2305 253 2320 “
270 2304 340 2332 Psal.
359 2313 460 2339 Lxxvu,
562 2304 584 2319 δ’
613 2305 679 2331 Dan.
705 2311 741 2336 ix,
764 2302 805 2329 Η.

234 2372 289 2407 (26)
313 2373 347 2400 Τὸ
374 2372 429 2407 γὰρ
460 2371 613 2406 ἡμέτερον,
638 2375 690 2407 etc.
715 2378 728 2407 _t
743 2369 817 2396 Talis
845 2373 886 2396 est
911 2368 982 2395 enim

199 2415 309 2436 somnus
327 2405 428 2439 noster,
444 2407 514 2434 iners
527 2416 558 2433 ac
574 2405 736 2440 operationis
752 2411 858 2438 expers.
871 2413 880 2429 ι

234 2443 290 2478 (‘27)
314 2443 347 2469 Τὸ
369 2442 403 2469 δὲ
427 2441 486 2468 νῦν
509 2442 577 2476 μέν,
597 2447 650 2468 etc.
677 2450 685 2465 ε
702 2440 987 2478 Qnodmutetnmnttnc

200 2472 255 2510 hic,
279 2472 350 2505 nunc
374 2478 430 2504 illic
452 2472 611 2511 operatur,»
629 2482 682 2503 etc.
709 2474 856 2511 Nourbene
882 2472 986 2511 liillius,

202 2524 211 2538 ι
227 2509 297 2540 nunc
315 2514 366 2540 hoc
383 2509 476 2543 modo,-
488 2519 557 2538 nunc
572 2512 652 2538 alio.»
668 2510 721 2536 Nec
735 2510 806 2536 cnim
821 2511 852 2535 de
868 2518 877 2533 ι
891 2509 984 2535 modo»

200 2550 304 2584 agitur;
331 2548 387 2584 sed
401 2548 435 2584 de
452 2557 461 2573 ι
474 2547 591 2574 incessu.
608 2555 616 2571 ι
644 2555 652 2571 ι
667 2545 788 2572 lncessus
799 2554 809 2570 ι
835 2551 898 2571 vero
922 2553 930 2569 ι
946 2549 988 2571 est

200 2582 234 2611 ab
248 2592 300 2611 uno
315 2585 347 2610 ad
364 2582 436 2610 aliud
455 2583 594 2608 transitus.
609 2591 618 2607 ι

245 2618 291 2654 28)
316 2618 540 2645 Ἀναπαύεσθίιι.
549 2616 614 2650 Iwg.
628 2616 670 2654 bm
682 2620 709 2641 et
719 2613 986 2654 0P..I,dvaﬂa'3£1at.

247 2649 292 2689 29)
318 2654 519 2680 Ἁναπαύεται.
536 2649 619 2689 Qui,
632 2649 846 2677 ἐπαναπαύεται.

236 2684 292 2724 (50)
312 2689 520 2724 Προσίεσυαι..
536 2687 629 2724 Cottii).
659 2692 687 2713 et
720 2689 799 2724 Sav.,
826 2684 985 2724 προΐεσθαι,

205 2733 214 2750 t
227 2720 348 2759 e‘rog'are,
365 2724 496 2752 tribucre,
514 2722 615 2759 largiri,
628 2731 636 2747 ι
653 2726 680 2748 et
694 2720 774 2759 quasi
794 2730 802 2745 ι
817 2720 963 2759 projicere;
976 2728 984 2744 ι

202 2767 253 2785 vox
270 2756 320 2786 rite
334 2759 462 2793 adjuncta
477 2758 535 2784 voci
553 2757 661 2788 διδόναι,
677 2756 788 2793 ejusque
805 2756 857 2781 vim
875 2762 986 2793 augens,

201 2795 273 2828 quod
288 2789 420 2827 Gregorio
446 2792 578 2828 familiare
595 2796 658 2828 ests
674 2791 719 2818 Sic
750 2800 758 2815 ι
774 2798 888 2816 manus:
922 2789 985 2821 Dei,

203 2827 228 2856 id
250 2834 307 2861 est,
325 2838 335 2856 ε
351 2828 550 2861 muniﬁcentia,
574 2827 761 2862 largitionem»
789 2830 860 2853 recte
887 2831 986 2859 reprae-

203 2869 301 2892 aentat.

845 2302 867 2316 ’⁸³
887 2300 937 2328 Isa.
955 2309 982 2328 v.
997 2302 1043 2330 25.

1081 2303 1105 2319 ⁸⁸
1120 2303 1187 2332 Gen.
1205 2312 1243 2337 ιι,
1261 2305 1287 2331 5.
1326 2304 1348 2320 ⁸⁵
1370 2303 1421 2331 Isa.
1444 2311 1548 2336 xxxv“,
1567 2302 1609 2329 l6.

1037 2407 1043 2412 _
1076 2372 1131 2434 (3'1)
1154 2373 1192 2399 "II
1207 2373 1249 2399 τό.
1269 2372 1314 2400 Sic
1331 2372 1451 2407 plerique
1476 2371 1552 2399 codd.
1574 2375 1601 2398 et
1627 2370 1689 2397 Bas.
1708 2369 1785 2396 Deest
1805 2369 1823 2405 ἦ

1037 2415 1062 2433 Ill
1080 2417 1104 2434 Ct
1116 2427 1124 2434 ν

1037 2415 1062 2433 ΙΙΙ
1080 2415 1124 2434 CII.

1074 2453 1130 2489 (52)
1153 2454 1191 2480 ’Ἡ
1206 2452 1402 2488 ἀθετήσομεν,
1425 2452 1527 2486 ἐπειδὴ
1543 2453 1578 2479 οὺ
1595 2453 1769 2489 γέγρίιπταιη
1780 2451 1825 2478 Sic

1040 2489 1066 2516 in
1079 2487 1124 2515 ed.
1139 2489 1200 2516 Par.
1216 2489 1295 2521 1609,
1317 2487 1345 2515 et
1369 2490 1409 2516 sic
1435 2489 1573 2521 legendum
1600 2494 1734 2522 putamus,
1763 2487 1825 2514 licet

1039 2523 1129 2559 plures
1143 2524 1220 2554 editi,
1234 2533 1296 2550 cum
1319 2524 1385 2555 Elia,
1403 2524 1492 2550 verbis
1510 2523 1561 2549 illis
1583 2527 1740 2559 praeponam
1761 2529 1823 2555 par-

1041 2558 1148 2585 ticulam
1174 2559 1230 2586 καί.
1249 2559 1344 2585 'l‘otum
1365 2560 1415 2585 hoc
1437 2560 1588 2584 membrum
1609 2565 1641 2584 ex
1668 2558 1724 2584 Elia
1743 2558 1826 2584 refert

1041 2593 1146 2626 Billius,
1160 2598 1187 2620 et
1204 2594 1278 2620 addit
1292 2602 1298 2620 :
1320 2604 1329 2619 ε
1343 2593 1408 2626 Quae
1422 2593 1501 2619 lectio
1518 2593 1581 2619 mihi
1605 2600 1658 2619 non
1678 2593 1823 2619 admodum

1044 2629 1183 2663 probatur.
1207 2629 1312 2655 Etenim
1336 2628 1409 2654 unllo
1425 2629 1502 2654 modo
1525 2627 1640 2662 quadrat
1655 2627 1826 2663 copulativa,

1043 2661 1106 2695 καί,
1132 2671 1193 2690 cum
1220 2664 1262 2689 his
1292 2671 1352 2697 qua;
1379 2664 1547 2698 prazcedunt,
1569 2668 1597 2689 et
1621 2661 1826 2698 περιττολογίαν

1043 2699 1184 2733 quamdam
1207 2699 1325 2725 redolent
1340 2697 1449 2724 haedum
1466 2697 1660 2731 disjunctivmn
1679 2697 1746 2723 Billii
1763 2705 1825 2723 con-

1040 2734 1173 2767 junctum:
1192 2734 1263 2760 favet
1284 2733 1347 2766 Ileg.
1368 2733 1410 2759 but
1434 2733 1542 2766 optione
1565 2737 1646 2764 notua,
1661 2733 1687 2759 in
1704 2740 1757 2766 quo
1777 2733 1825 2767 de-

1042 2765 1105 2795 sunt
1121 2769 1177 2794 lucu
1195 2769 1273 2795 verba
1288 2777 1295 2795 :
1313 2768 1367 2794 Καὶ
1383 2767 1399 2803 ἢ
1421 2765 1598 2804 ἁθετήσομεν,
1621 2765 1759 2804 ἐπειδῆοὒ
1776 2765 1824 2801 γέ-

1042 2811 1172 2838 γραπται.

1077 2856 1132 2892 (55)
1159 2857 1216 2891 Ἐφ’
1234 2865 1266 2889 ῳ.
1286 2856 1350 2892 Reg.
1367 2864 1422 2892 om,
1438 2855 1480 2890 ἐφ’
1494 2855 1517 2882 ὅ.
