2049 3131
243 145 294 173 139

861 146 890 174 8.
913 147 1076 176 CREGORII
1096 147 1268 176 TIIEOLOGI

1819 149 1867 176 I60

241 203 387 237 moenibus,
405 203 432 231 in
444 204 542 239 quibus
559 204 725 234 conlidebas.
742 206 835 234 Nonne
856 207 1028 242 perspicuum

1081 207 1132 234 κᾶν
1149 207 1186 244 μὴ
1208 207 1294 234 ταῦτα
1317 207 1445 244 limat;
1465 207 1552 234 Τίνων
1578 206 1697 240 τούτων;
1723 207 1793 242 Ἐγώ
1808 209 1866 242 ειμι

241 255 295 282 est,
311 250 369 277 hzec
383 249 416 278 de
430 251 463 278 iis
478 255 585 286 sumpta
601 257 661 278 esse
671 272 679 284 ,
699 259 732 278 ex
746 252 844 287 quibus
858 252 1028 287 colliguntur,

243 296 350 322 tametsi
367 296 478 323 minime
492 296 638 324 dicantur?
651 297 752 330 Quibus
765 297 893 324 tandem?
907 297 960 331 Ego
971 306 1029 325 sum

242 342 356 376 primus,
381 347 405 369 et
430 350 477 377 ego
494 347 553 377 post
577 343 633 370 Ita'c
653 342 686 370 “.
714 342 756 375 Et,
782 342 848 370 Ante
866 351 906 369 me
923 352 974 370 non
991 348 1029 370 ut

242 389 312 415 alius
331 387 410 420 Deus,
424 393 448 414 et
462 392 520 420 post
534 395 573 414 me
584 395 635 414 non
648 388 696 414 erit
714 387 746 415 ".
763 388 860 414 Totum
876 388 948 415 enim
965 388 1029 415 illud

243 439 293 467 est,
309 441 398 460 meum
412 438 472 466 est;
489 440 538 460 nec
562 433 725 468 principium
747 433 858 466 habens,
878 441 928 460 nec
949 433 1028 469 571

245 480 326 506 linem
351 478 516 506 habiturum.
542 478 589 505 llis
604 485 619 506 a
636 478 775 512 Scriptura
800 479 938 513 acceptis,
965 479 1029 505 illud

244 525 364 560 quidem,
387 525 457 560 quod
479 530 542 552 ante
558 532 619 551 eum
634 524 701 551 nihil
716 530 762 556 Sll,
779 532 829 551 nec
850 524 1029 558 antiquiorem

244 571 326 598 ullam
340 571 396 606 ipse
409 578 517 597 causam
537 571 645 603 habeat,
664 571 811 598 anarchnm
832 575 860 598 et
881 570 1028 605 ingenitum

245 616 413 651 appellasti:
430 617 500 651 quod
526 622 615 643 autem
649 624 783 651 nunquam
810 623 870 643 esse
895 615 1030 642 desiturus

245 662 292 694 sit,
319 661 481 693 immortale.
509 666 588 695 atque
614 661 739 688 interitus
769 667 876 694 expers.
910 659 949 687 Ac
977 660 1030 687 duo

244 709 330 742 prima
361 715 451 734 rerum
481 715 578 743 genera
595 707 627 733 ad
646 707 717 734 hunc
740 707 848 734 modum
869 713 898 734 se
920 706 1028 733 habent.

244 754 372 787 Quzrnam
387 759 488 786 autem,
504 760 552 780 nec
567 757 641 784 sunt,
664 759 714 780 nec
729 753 873 779 dicuntur?
889 751 1030 786 Improbus

245 798 326 830 Deus,
341 799 472 832 quadrata
485 799 601 832 sphzera,
615 798 781 832 praeteritum
793 803 898 831 tempus
912 803 1030 830 praesens

244 849 296 876 est,
312 844 393 870 homo
407 844 572 878 compositus
590 852 643 871 non
663 848 716 871 est.
742 844 858 878 Ecquem
881 843 952 869 enim
977 850 1028 869 uu-

1080 252 1205 287 πρῶτος,
1223 253 1272 279 καὶ
1286 252 1344 289 ἐγὼ
1358 253 1433 288 μετὰ
1445 253 1548 280 ταῦτα·
1564 253 1622 286 καὶ,
1642 253 1703 287 Πρὸ
1716 253 1789 288 ἐμοῦ
1810 255 1867 282 οὐκ

1081 298 1166 324 ἐστιν
1176 298 1272 331 ἄλλος
1285 297 1367 331 Θεὸς,
1379 299 1429 325 καὶ
1447 300 1512 334 μετ’
1527 299 1580 334 ἐμὲ
1606 300 1661 326 οὐκ
1675 300 1771 328 ἔσται.
1787 300 1867 327 ὀλον

1081 343 1134 379 γὰρ
1147 343 1177 370 τὸ
1188 343 1283 376 ἐστιν,
1295 344 1370 379 ὲμόν·
1382 344 1442 371 οὔτε
1453 345 1599 380 ἠργμένον,
1610 345 1672 372 οὔτε
1687 346 1865 381 παυσόμενον.

1081 389 1175 416 Ταῦτα
1185 389 1286 423 λαῦὼν,
1302 389 1333 417 τὸ
1351 390 1408 425 μὲν.
1424 391 1461 426 μὴ
1485 389 1554 418 εἷναὶ
1576 400 1602 418 τι
1615 390 1667 426 πρὸ
1682 391 1776 425 αὐτοῦ,
1799 391 1867 427 μηδὲ

1082 434 1270 471 πρεσὸυτέραν
1295 436 1386 462 αἰτίαν
1404 435 1486 470 ἔχειν,
1508 436 1624 471 ἄναρχον
1634 436 1866 472 προσηγόρευσας,

1081 481 1128 506 καὶ
1140 480 1296 516 ἀγέννητον·
1314 481 1345 507 τὸ
1359 481 1398 514 δὲ,
1415 481 1451 517 μὴ
1472 482 1617 518 στήσεσθαι
1635 482 1682 509 τοῦ
1703 481 1781 514 εἶναι,
1797 483 1865 509 ὰθά-

1081 533 1160 551 νατον
1184 526 1232 552 καὶ
1260 525 1423 561 ἀνώλεθρον.
1441 527 1473 552 AI
1488 526 1538 562 μὲν
1557 527 1588 562 δὴ
1610 527 1716 562 πρῶται
1730 527 1864 562 συζυγίαι,

1080 569 1212 601 τοιαῦται,
1229 571 1276 597 καὶ
1291 571 1378 603 οὕτως
1391 571 1509 607 ἔχουσαι.
1524 572 1591 599 Τίνα
1598 573 1625 599 δὲ
1635 573 1696 599 οὔτε
1711 573 1793 606 ἐστιν,
1804 572 1865 600 οὒτε

1079 614 1203 649 λέγεται;
1215 616 1334 652 Πονηρὸν
1357 617 1386 642 τὸ
1406 616 1486 649 Θεῖον,
1497 619 1513 652 ἡ
1529 619 1630 654 σφαῖρα
1645 619 1825 654 τετράγωνος.
1835 619 1866 646 τὸ

1081 660 1213 696 παρελθὸν
1236 661 1392 698 ἐνέστηκεν,
1421 663 1451 689 οὐ
1467 663 1592 690 σύνθετον
1612 664 1779 700 ὁᾶνθρωπος
1797 665 1862 700 (54).

1080 705 1147 732 Τίνα
1165 706 1219 741 γὰρ
1235 708 1273 738 εἰς
1290 707 1414 734 τοσοῦτον
1441 708 1592 744 ἐμπληξίας
1616 710 1681 736 ποτὲ
1702 711 1866 745 ἀφικόμενον

1079 750 1174 784 ἔγνως,
1188 751 1257 777 ὥστε
1274 760 1300 778 τι
1314 752 1443 783 τοιοῦτον,
1454 753 1471 788 ἢ
1483 753 1607 788 ἐννοῆσαι
1619 753 1762 789 τολμῆσαι,
1776 754 1867 789 ῆάπο-

1081 796 1229 832 φήνασθαις
1246 797 1374 824 Asinam:
1386 798 1469 830 δεῖξαι
1480 799 1539 825 τίνα
1556 800 1603 826 καὶ
1631 799 1699 832 ἔστι,
1722 801 1769 827 καὶ
1791 801 1867 835 λέγε-

1080 850 1134 868 ται·
1145 843 1220 874 θεὸς,
1229 843 1379 879 ἄνθρωπος,
1390 844 1513 878 ἄγγελος,
1529 845 1629 880 κρίσις,
1641 847 1788 882 ματαιότης
1800 847 1865 882 (53),

243 897 324 924 quam
341 897 375 916 eo
389 890 508 924 stuporis
524 897 698 924 progressum
711 889 873 925 cognovisti,
889 893 918 914 ut
932 888 1028 921 aliquid

1083 889 1106 915 οί
1124 889 1237 915 τοιοῦτοι
1256 890 1439 925 συλλογισμοὶ,
1458 891 1506 917 καὶ
1520 892 1569 927 τῆς
1583 892 1700 924 πίστεως
1716 881 1865 929 ὰνατροπῆ,

244 935 308 968 tale,
325 935 365 963 vel
385 936 506 970 cogitare
533 936 575 962 vel
593 936 768 970 pronuntiare
783 943 861 962 ausus
881 935 934 961 sit?
960 934 1032 961 lteli—

1085 933 1132 960 καὶ
1144 934 1190 960 τοῦ
1207 936 1357 971 μυστηρίου
1367 936 1491 968 κένωσις.

243 991 326 1017 qttum
340 988 380 1010 est
395 987 424 1009 ut
442 982 580 1010 ostendam
596 990 655 1017 quze
668 983 722 1009 sint
746 990 777 1009 ea
799 989 858 1016 quae
878 987 905 1009 et
922 986 985 1008 sunt
1019 985 1046 1006 ct
1077 979 1209 1009 dicuntur.
1243 982 1323 1014 Deus,
1350 982 1440 1016 homo,
1475 983 1595 1018 angelus,
1625 983 1770 1017 iudicium,
1789 985 1868 1012 vani-

243 1035 294 1063 tas,
313 1037 365 1064 qua
379 1029 533 1064 lmjusmodi
555 1036 714 1064 argumenta
734 1029 926 1060 coniiciuntur,
954 1027 1072 1062 lideique
1086 1027 1238 1061 sulnersio,
1253 1033 1279 1054 et
1295 1029 1415 1063 mysterii
1429 1030 1578 1057 evacuatio.

278 1077 372 1106 XXIV.
388 1077 454 1105 Cum
468 1085 532 1112 ergo
550 1077 576 1104 in
593 1077 745 1104 nominibus
772 1082 800 1103 et
819 1077 900 1104 rebus
923 1080 1026 1102 tantum

243 1123 389 1151 discrimen
415 1123 579 1157 reperiatur,
595 1123 659 1157 quid
684 1114 772 1149 causa:
790 1126 842 1154 est,
860 1128 908 1148 cur
930 1120 1027 1147 litteras

244 1174 382 1204 tantopere
409 1169 523 1199 servias,
548 1167 720 1203 Judaicmqne
747 1167 888 1201 sapientia:
914 1167 1026 1200 tcipsum

243 1214 384 1249 adiungas,
414 1213 572 1248 relictisque
600 1214 682 1241 rebus
712 1213 828 1248 syllabas
847 1212 1029 1240 consecteris?

243 1261 319 1294 Quod
342 1261 365 1288 si
389 1265 414 1288 te
437 1261 479 1288 bis
501 1261 630 1295 quinque,
653 1265 699 1286 aut
723 1259 763 1286 bis
786 1265 888 1294 septem
912 1259 1027 1290 dicente,

244 1307 337 1333 decem
352 1310 399 1332 aut
415 1305 620 1340 quatuordecim
635 1313 669 1332 ex
687 1304 776 1332 verbis
792 1305 844 1332 tuis
855 1304 1027 1339 colligerem;

243 1356 291 1379 aut
307 1359 339 1379 ex
359 1359 401 1383 eo,
419 1353 491 1386 quod
507 1351 606 1379 animal
622 1352 728 1378 ratione
744 1351 885 1385 praeditum
909 1356 936 1378 et
957 1358 1030 1378 mor-

245 1398 297 1424 tale
313 1398 429 1429 diceres,
450 1397 585 1424 hominem
610 1404 670 1424 esse
691 1396 897 1428 concluderem,
923 1404 956 1423 an
981 1396 1027 1423 tibi

245 1443 342 1478 nugari
365 1443 487 1470 viderer?
504 1442 536 1469 Et
553 1450 606 1477 quo
620 1447 697 1477 pacto
716 1442 741 1468 id
759 1441 816 1468 ﬁeri
831 1445 938 1477 posset,
967 1449 1028 1469 cum

244 1493 290 1516 tua
310 1489 418 1516 dicam?
435 1488 526 1523 Neque
542 1488 614 1515 enim
637 1489 719 1515 verba
735 1488 820 1523 magis
836 1492 898 1514 sunt
912 1487 970 1522 ejus
983 1487 1028 1522 qui

244 1535 374 1569 loquitur,
405 1543 485 1569 quam
512 1534 584 1562 illius
610 1534 654 1568 qui
686 1534 812 1569 loquendi
839 1535 1027 1561 necessitatem

244 1580 334 1608 afl‘ert.
366 1580 598 1614 Quemadmodum
625 1580 781 1615 igiturhic,
806 1587 859 1607 non
886 1587 918 1607 ea
942 1581 1028 1615 magis

248 1634 310 1662 quae
324 1627 462 1658 dicuntur,
473 1633 553 1660 quam
562 1633 621 1661 qum
635 1626 831 1661 intelliguntur,
849 1626 1029 1663 respicerent;

243 1672 340 1698 eodem
357 1671 436 1698 modo
453 1678 512 1701 nec.
541 1671 562 1698 si
589 1671 653 1705 quid
671 1671 743 1697 aliud
765 1677 877 1702 eorum,
903 1679 962 1706 quae
990 1675 1030 1701 vel

244 1717 317 1744 nullo
332 1717 421 1749 modo,
439 1716 480 1743 vel
496 1721 570 1743 certe
580 1725 632 1743 non
649 1717 715 1743 satis
731 1721 824 1750 aperte
836 1717 972 1748 dicuntur,
996 1727 1030 1746 ex

245 1762 385 1798 Scriptura
415 1768 504 1790 tamen
532 1763 645 1797 intelligi
679 1763 825 1798 colligique
866 1764 1030 1798 reperirem,

243 1809 311 1836 adeo
326 1813 352 1836 te
365 1808 556 1836 vocabulorum
572 1810 766 1844 sycophantam
789 1809 1007 1844 pertimescerem
1022 1830 1030 1842 ,

244 1858 273 1881 ut
286 1854 320 1881 ab
334 1853 520 1881 enuntiatione
538 1854 595 1888 ipsa
618 1854 782 1889 rel‘ugerom.
807 1855 894 1889 Atque
909 1855 942 1882 ad
957 1856 1029 1883 hunc

245 1900 353 1927 modum
382 1899 514 1927 adversus
532 1907 580 1927 eos
603 1900 746 1932 stabimus,
780 1900 826 1934 qui
853 1900 964 1927 dimidia
994 1908 1026 1928 ex

244 1949 321 1980 parte
334 1949 406 1973 recte
426 1946 556 1972 sentiunt.
573 1945 631 1972 Tibi
647 1945 730 1978 enim,
759 1946 805 1979 qui
832 1945 899 1972 Filio
922 1953 1028 1980 quoque

244 1991 342 2019 bellum
357 1991 464 2023 indicis,
486 1998 519 2018 ne
543 1991 594 2018 hoc
608 1991 716 2026 quidem
733 1990 824 2018 dicere
846 1991 936 2018 liceat.
962 1991 1027 2018 Nam

243 2037 290 2071 qui
322 2041 362 2064 tot
397 2042 508 2072 tamque
537 2036 694 2071 perspicuas
718 2036 803 2071 ipsius
835 2036 1029 2072 appellationes

1117 1075 1179 1101 KA’.
1195 1075 1335 1111 Τοσαύτης
1346 1074 1391 1102 οὖν
1404 1075 1486 1112 οὒσης
1503 1077 1634 1112 διαφορᾶς
1647 1078 1674 1103 ἐν
1687 1079 1742 1109 τοῖς
1756 1078 1867 1114 ὀνόμασι

1081 1122 1127 1147 καὶ
1143 1123 1197 1152 τοῖς
1214 1122 1368 1157 πράγμασι,
1382 1123 1441 1155 πῶς
1455 1122 1526 1149 οὕτω
1546 1124 1577 1150 σὺ
1597 1123 1656 1150 λίαν
1670 1124 1804 1156 δουλεύεις
1830 1124 1868 1160 τῷ

1080 1166 1235 1201 γράμματι,
1253 1167 1298 1194 καὶ
1310 1168 1371 1203 γίνῃ
1393 1169 1462 1203 μετὰ
1477 1169 1528 1204 τῆς
1547 1169 1692 1205 Ἰουδαϊκῆς
1705 1170 1809 1204 σοφίας,
1822 1171 1868 1197 καὶ

1083 1212 1226 1243 συλλαϐαῖς
1237 1213 1403 1245 ἁκολουθεῖς,
1417 1214 1496 1248 ἀφεὶς
1507 1214 1540 1241 τὰ
1553 1214 1717 1250 πράγμαται
1733 1216 1763 1241 Εἰ
1774 1215 1802 1242 δὲ
1820 1214 1867 1242 σοῦ

1082 1258 1117 1285 τὰ
1131 1259 1171 1290 δὶς
1183 1259 1264 1285 πέντε
1279 1259 1414 1293 λέγοντος,
1429 1260 1446 1294 ἢ
1457 1260 1491 1286 τὰ
1502 1260 1543 1292 δὶς
1554 1261 1632 1292 ἑπτὰ,
1656 1260 1690 1287 τὰ
1704 1260 1769 1287 δέκα
1787 1262 1866 1296 συνῆ-

1082 1312 1140 1337 γον,
1159 1303 1318 1339 ἢτέσσαρες
1337 1305 1382 1330 καὶ
1400 1305 1465 1331 δέκα
1487 1306 1519 1332 ὲκ
1534 1305 1588 1332 τῶν
1611 1306 1772 1340 λεγομένων·
1789 1306 1805 1342 ἢ
1836 1307 1867 1332 ὲκ

1081 1349 1140 1380 τοῦ,
1159 1349 1227 1381 ζῶον
1238 1350 1293 1385 (56)
1310 1350 1428 1385 λογικὸν,
1447 1350 1555 1386 Ονητὸν,
1575 1351 1621 1378 τὸν
1636 1351 1788 1386 ἄνθρωπον,
1813 1350 1867 1386 ἆρα

1083 1395 1115 1422 ἄν
1132 1404 1172 1421 σοι
1186 1395 1279 1430 ληρεῖν
1295 1394 1457 1430 ἑνομίσθην;
1471 1396 1518 1421 καὶ
1533 1395 1601 1428 πῶς,
1614 1395 1649 1422 τὰ
1661 1395 1695 1422 σὰ
1712 1396 1814 1429 λέγων;
1830 1396 1866 1421 υύ

1081 1441 1135 1476 γὰρ
1152 1440 1199 1467 τοῦ
1215 1441 1340 1475 λέγοντος
1357 1441 1456 1476 μᾶλλον
1468 1442 1493 1467 οί
1508 1441 1592 1475 λόγοι,
1610 1441 1626 1477 ἦ
1640 1441 1686 1468 τοῦ
1703 1442 1791 1476 λέγειν
1807 1450 1868 1467 συν-

1082 1487 1290 1522 αναγκάζοντος.
1307 1487 1415 1523 Ὥσπερ
1430 1486 1476 1514 οὖν
1492 1487 1609 1515 ἐνταῦθα
1620 1488 1670 1514 οὐκ
1685 1488 1717 1514 ἂν
1736 1487 1770 1514 τὰ
1792 1487 1868 1521 λεγό-

1082 1543 1151 1570 μενα
1182 1534 1280 1569 μᾶλλον
1296 1534 1438 1566 ἐσκόπουν,
1453 1534 1470 1569 ἢ
1487 1534 1520 1561 τὰ
1535 1535 1677 1570 νοούμενα·
1708 1535 1794 1566 οὕτως
1809 1534 1868 1562 οὺδδ

1080 1578 1108 1604 εἴ
1116 1586 1140 1604 τι
1155 1578 1210 1612 (57)
1225 1577 1288 1604 ἄλλο
1301 1577 1355 1604 τῶν
1368 1578 1405 1613 μὴ
1417 1578 1607 1614 λεγομένων,ἦ
1620 1579 1657 1615 μὴ
1672 1579 1764 1614 σαφῶς
1776 1581 1808 1606 ὲκ
1820 1580 1867 1615 τῆς

1080 1623 1190 1659 Γραφῆς
1205 1623 1349 1659 νοούμενον
1364 1624 1418 1659 (58)
1440 1623 1577 1660 εὕρισκον,
1596 1625 1695 1660 ἔφυγον
1715 1625 1748 1652 ἂν
1760 1627 1810 1661 τὴν
1823 1627 1867 1653 ὲκ-

1083 1668 1203 1703 φώνησιν
1230 1668 1296 1703 (59),
1319 1668 1486 1704 φοϐούμενος
1514 1670 1543 1696 σὲ
1559 1670 1604 1696 τὸν
1622 1671 1793 1707 συκοφάντην
1814 1671 1868 1698 τῶν

1082 1714 1233 1749 ὀνομάτων.
1253 1714 1331 1741 Οὕτω
1356 1715 1405 1749 μὲν
1421 1713 1468 1741 οὖν
1493 1716 1649 1751 στησόμεθα
1670 1717 1737 1752 πρὸς
1750 1718 1814 1749 τοὺς
1839 1718 1868 1751 ἐξ

1082 1760 1209 1795 ἡμισείας
1225 1759 1409 1795 εὐγνώμονας.
1433 1760 1478 1786 Σοὶ
1489 1760 1543 1796 γὰρ
1557 1761 1616 1787 οὐδὲ
1630 1761 1708 1788 τοῦτο
1723 1761 1810 1794 ἔξεστι
1825 1762 1868 1788 λέ-

1081 1814 1149 1840 γειν.
1176 1806 1205 1832 '0
1218 1806 1272 1842 γὰρ
1290 1806 1339 1838 τὰς
1353 1806 1399 1832 τοῦ
1416 1806 1482 1833 Υίοῦ
1491 1808 1684 1844 προσηγορίας,
1697 1808 1782 1839 οὕτως
1792 1810 1869 1844 ὲναρυ

1082 1853 1140 1885 γεῖς
1153 1851 1235 1884 οὔσας
1250 1852 1297 1878 καὶ
1310 1851 1453 1885 τοσαύτας,
1465 1853 1642 1888 ἀρνούμενος,
1659 1854 1713 1880 οὺδ¹
1726 1854 1759 1881 ἃν
1767 1855 1868 1887 ταύτας

1082 1899 1200 1934 ᾐδέσοης
1230 1899 1362 1934 δηλονότι,
1390 1899 1438 1925 κα)⁵
1464 1900 1488 1926 εἰ
1519 1899 1608 1935 πολλῷ
1631 1901 1801 1935 σαφεστέρας
1821 1902 1868 1927 καὶ

1082 1945 1191 1977 πλείους
1203 1945 1360 1980 ἐγίνωσκες.
1382 1945 1450 1981 Ἤδη
1473 1945 1502 1972 δε
1518 1946 1564 1972 καὶ
1589 1947 1639 1981 τὴν
1653 1947 1741 1973 αἰτίαν
1757 1946 1867 1981 δηλώσω

1081 1990 1131 2025 τῆς
1154 1990 1244 2025 πάσης
1266 1990 1452 2025 ἐπικρύψεως,
1478 1991 1578 2026 καίπερ
1590 1992 1680 2025 σοφοῖς
1700 1989 1774 2018 οὖσιν
1791 1992 1865 2027 ὑμῖν,

1083 2036 1167 2072 βραχύ
1177 2045 1203 2062 τι
1218 2036 1263 2063 τὺν
1271 2036 1349 2070 λόγον
1361 2036 1514 2071 ἀναγαγών.

243 2086 380 2119 abnegas,
408 2092 442 2112 ne
465 2085 508 2111 his
534 2084 641 2119 quidem
662 2084 837 2119 proculdubio
862 2086 1020 2117 movereris,
1041 2085 1121 2112 etiam
1157 2086 1179 2112 si
1219 2084 1303 2111 multo
1343 2085 1432 2119 plures
1457 2085 1659 2118 apertioresqne
1678 2092 1864 2119 cognosceres.

244 2129 364 2163 Scdjam
380 2129 460 2157 altius
474 2129 612 2164 aliquanto
623 2138 775 2158 sermonem
785 2136 920 2166 repetens,
934 2131 1022 2163 vobis,
1057 2131 1164 2159 tametsi
1195 2131 1360 2166 sapientibus
1383 2136 1411 2158 et
1435 2130 1560 2163 eruditis,
1582 2131 1670 2158 omnis
1703 2131 1866 2166 aenigmatici

243 2174 378 2203 Sermonis
393 2182 501 2202 causam
515 2175 665 2210 explicabo.

281 2220 365 2249 XXV.
384 2221 448 2249 Duae
461 2229 495 2250 ex
511 2223 584 2250 omni
601 2230 659 2251 aevo
674 2223 793 2251 illustres
805 2224 922 2251 vitarum
939 2227 1028 2251 muta-

1115 2222 1179 2249 KE’.
1194 2222 1246 2249 Δύο
1259 2221 1387 2256 γεγόνασι
1405 2221 1564 2257 μεταθέσεις
1589 2221 1654 2256 βίων
1667 2222 1808 2257 ὲπιφανεῖς
1832 2223 1866 2250 ἐκ

245 2268 332 2296 tiones
361 2268 540 2301 exstiterunt,
570 2277 629 2304 quae
648 2270 729 2297 etiam
758 2269 812 2297 duo
843 2269 1026 2302 Testamenta,

245 2318 338 2349 atque,
354 2315 390 2342 ob
404 2315 443 2342 rei
463 2314 666 2347 celebritatem,
684 2319 761 2342 terra:
783 2320 868 2342 matus
891 2315 1028 2349 appellan-

248 2365 292 2387 tur
309 2369 316 2388 :
336 2360 419 2388 altera
434 2368 449 2387 a
465 2361 673 2388 simulacrorum
691 2360 772 2396 572
791 2361 864 2388 cultu
879 2361 913 2388 ad
928 2360 1026 2394 legem,

245 2405 329 2431 altera
347 2413 362 2432 a
381 2405 440 2440 lege
461 2406 496 2433 ad
520 2405 706 2440 Evangelium.
739 2406 778 2433 Ac
805 2405 913 2433 tertium
943 2405 1024 2432 etiam

279 2452 302 2468 “
315 2452 365 2481 Isa.
382 2461 438 2486 xu,
460 2453 487 2480 4.
525 2454 547 2469 ⁵⁷
561 2453 612 2481 Isa.
630 2461 706 2484 mu,
724 2454 767 2481 I0.

357 2499 534 2534 Ἀνθρωπος.
552 2499 631 2526 Deest
645 2499 670 2526 in
686 2498 732 2526 0r.
746 2500 771 2528 Ι.

280 2533 335 2568 (55)
354 2535 530 2567 Ματαιότης.
557 2535 622 2568 Heg.
646 2534 738 2569 Cypr.,
756 2533 944 2566 ἀνταπόδοσις,
962 2543 972 2558 ι
986 2541 1029 2560 re—

250 2568 392 2595 tributio.»
416 2569 478 2596 νυιι
499 2569 647 2602 Gregorius
667 2578 676 2594 ι
689 2570 834 2596 vanitatem
847 2579 856 2594 ›
876 2577 937 2596 vere
960 2575 1022 2594 esse

245 2607 273 2628 ιιι
298 2602 362 2636 diei,
386 2611 433 2630 eas
453 2605 683 2634 ratiocinationes,
707 2605 806 2638 quibus
828 2605 945 2631 haeretici
968 2604 1029 2637 Spi-

246 2638 411 2674 rittgsaucti
428 2639 593 2666 divinitatem
608 2639 810 2674 impugnabant.

245 2672 338 2740 “($36)
357 2673 450 2700 Ζῶον.
469 2674 515 2702 Sic
538 2674 620 2702 Coisl.
633 2672 653 2701 1⁷
667 2672 695 2701 ei
715 2674 749 2705 ‘2,
768 2674 841 2706 I’ar.,
857 2679 911 2702 ctc.
933 2673 960 2700 In
975 2672 1031 2703 ed..

275 2716 284 2732 J
304 2727 310 2734 -

262 2715 310 2734 ων.

280 2741 336 2775 (31)
358 2740 434 2767 οὐδὲ
448 2741 476 2768 ει
493 2749 530 2767 τι.
545 2741 591 2768 0r.
606 2740 632 2772 I,
647 2739 702 2767 οὐδ’
713 2742 736 2766 εἰ
756 2741 792 2775 μή
809 2749 844 2769 τι,

281 2777 336 2812 (58)
357 2777 538 2812 Νοούμενογ.
563 2776 609 2812 Sic
635 2781 749 2809 quatuor
771 2776 847 2803 Coll).
870 2776 914 2803 Sic
947 2777 1028 2803 etiam

247 2812 304 2839 Bill.
317 2818 344 2838 et
359 2811 494 2838 Leuveuk.
509 2811 536 2836 In
552 2811 605 2838 ed..
621 2811 772 2845 νοουμένων

282 2847 337 2882 (59)
360 2847 490 2881 Ἕφυγον
513 2846 551 2873 ἂν
578 2845 633 2880 τὴν
653 2846 838 2880 agdn-110w,
863 2850 914 2873 etc.
942 2855 951 2872 Ι
971 2845 1028 2873 Non

1082 2267 1129 2295 τοῦ
1144 2267 1245 2299 παντὸς
1259 2267 1368 2300 αἰῶνος,
1385 2268 1413 2294 αἳ
1427 2267 1528 2294 καὶδύο
1547 2268 1679 2303 Διαθῆκαι
1709 2269 1864 2301 καλοῦνται,

1081 2313 1128 2339 καὶ
1142 2313 1250 2348 σεισμοὶ
1263 2312 1324 2347 γῆς.
1342 2313 1386 2339 διὰ
1404 2313 1434 2339 τὸ
1444 2312 1490 2339 τοῦ
1501 2313 1663 2348 πράγματος
1677 2314 1731 2349 (40)
1741 2313 1865 2350 περιϐόη-

1079 2366 1136 2384 τον·
1154 2358 1172 2393 ἡ
1189 2358 1238 2392 μὲν
1254 2357 1308 2384 ἀπὸ
1324 2357 1378 2384 τῶν
1392 2358 1508 2386 εἰδώλων
1523 2359 1569 2385 ἐπὶ
1580 2359 1624 2386 τὸν
1633 2360 1724 2394 νόμον,
1741 2360 1758 2394 ἡ
1773 2359 1800 2386 δὲ
1811 2359 1865 2386 ἀπὸ

1080 2403 1126 2430 τοῦ
1137 2404 1219 2439 νόμου
1229 2404 1295 2440 πρὸς
1307 2404 1337 2430 τὸ
1344 2404 1518 2438 Εὑαγγέλιον.
1529 2405 1583 2431 Καὶ
1591 2405 1681 2440 τρίτον
1690 2405 1800 2441 σεισμὸν
1808 2404 1864 2440 (LI)

1081 2497 1236 2529 defugerem
1258 2496 1373 2527 idipsum
1396 2495 1545 2532 etl‘erre,_le
1568 2495 1760 2523 vocabulorum
1787 2504 1864 2532 syco-

1083 2533 1210 2566 phantam
1235 2531 1461 2564 pertiuwsoens.»
1488 2530 1515 2558 Id
1543 2536 1601 2562 est.
1627 2539 1679 2558 non
1702 2530 1862 2560 abstinerent

1084 2567 1215 2600 Spiritqu
1231 2571 1353 2592 sanctum
1373 2566 1454 2592 Deum
1471 2572 1564 2599 aperte
1581 2567 1738 2600 praedicare.
1755 2568 1861 2594 etiamsi

1083 2602 1182 2635 alioqui
1202 2608 1254 2628 non
1272 2601 1306 2627 ita
1326 2602 1440 2628 fortasse
1455 2601 1570 2628 dilucide
1592 2602 1618 2628 in
1644 2601 1789 2634 Scripturis
1807 2602 1864 2636 Spi-

1086 2638 1153 2663 ritus
1181 2641 1290 2663 sanctus
1316 2637 1421 2662 dicatur
1445 2636 1526 2666 Deus,
1549 2641 1578 2662 ut
1603 2636 1682 2662 Pater
1707 2641 1734 2663 et
1762 2636 1861 2671 Filius;

1085 2671 1302 2712 quandoquidem
1321 2670 1348 2697 id
1371 2671 1492 2706 pluribus
1517 2671 1664 2706 Scriptura:
1684 2671 1750 2699 locis
1773 2672 1862 2706 colligi

1102 2712 1179 2733 05$".

1084 2715 1179 2775 νυῗῖίί).
1194 2740 1374 2774 "prii-llatae.
1392 2740 1438 2767 Sic
1453 2746 1506 2776 tres
1530 2740 1625 2774 Begg.,
1643 2745 1757 2776 quatuor
1772 2740 1862 2773 Ceno,

1083 2777 1135 2803 duo
1147 2776 1241 2806 Coisl.,
1255 2782 1305 2802 etc.
1324 2776 1351 2802 ιιι
1369 2776 1422 2805 ed..
1436 2775 1609 2810 γράμματος.

1117 2811 1174 2846 (Η)
1197 2812 1296 2845 Τρίτον
1315 2811 1452 2844 σεισμόν.
1473 2811 1578 2846 I'rimus
1601 2816 1680 2837 terrm
1702 2815 1790 2836 motus
1815 2810 1864 2837 fuit

1083 2845 1108 2873 ill
1123 2845 1218 2874 'tnottte
1233 2847 1306 2877 Sina,
1323 2854 1383 2873 cum
1400 2846 1440 2872 lex
1459 2845 1543 2882 Moysi
1561 2845 1623 2872 data
1638 2851 1677 2873 est
1695 2845 1791 2880 (liud.
1805 2853 1862 2878 xu,
