2049 3131
185 175 232 204 161

695 173 825 202 ORATIO
845 173 943 200 XXXI.
964 189 998 194 —
1017 172 1236 200 TllEOLOGlCA
1258 172 1291 199 V.

1755 169 1810 196 162

185 230 431 265 εὐαγγελιζόμεθα,
457 229 506 266 τὴν
524 229 648 257 ἐντεῦθεν
667 230 714 256 ἐπὶ
725 230 758 256 τὰ
783 230 871 256 ἐκεῖσε
891 229 971 264 μετά-

1029 235 1103 256 terra:
1116 234 1217 256 motum
1233 228 1371 262 Scriptura
1397 227 1475 255 nobis
1489 227 1650 260 annuntiat,
1671 226 1695 243 “
1715 235 1812 262 nempe

187 285 292 308 στασιν,
309 276 343 303 τὰ
352 276 450 311 μηκέτι
465 276 621 311 κινούμενα,
641 276 709 311 μηδὲ
724 276 780 311 (42)
796 276 974 310 σαλευόμενα.

186 323 290 351 Ταυτὸν
303 323 331 349 δὲ
344 323 372 349 αἱ
384 322 430 348 δύο
438 322 569 357 Διαθῆκαι
582 322 756 348 πεπόνθασιν.
772 322 804 348 Τί
816 322 893 348 τοῦτο
903 330 909 354 ;
919 322 976 348 Οὐκ

187 369 293 404 ἁθρόως
322 358 550 403 μετεκινήθησαν,
576 367 636 394 οὐδὲ
656 367 724 402 όμοῦ
741 369 775 403 τῇ
792 367 888 404 πρώτῃ
901 368 976 403 κινή-

188 422 229 441 σει
243 415 292 448 τῆς
306 413 497 448 ἐγχειρήσεως.
512 412 589 443 Τίνος
606 412 687 438 ’ἑνεκα
707 412 762 447 (4⁵5)
776 420 783 444 ;
801 412 909 446 (εἰδέναι
923 411 976 446 γὰρ

187 459 356 492 ἀναγκαῖον.)
371 459 430 484 Ἵνα
443 458 480 492 μὴ
496 457 661 492 βιασθῶμεν,
678 457 745 484 ἀλλὰ
758 457 924 492 πεισθῶμεν.
939 457 977 484 Τὸ

189 504 238 540 μὲν
251 504 305 539 γὰρ
317 503 454 534 ἀκούσιον,
472 503 534 529 οὐδὲ
552 503 677 538 μόνιμοψ
699 502 794 538 ὥσπερ
809 502 827 529 ὃ.
851 503 898 538 βίᾳ
911 511 976 529 κατ-

187 549 278 585 έχεται
293 549 347 576 τῶν
365 548 547 585 ρευμάτων,ἣ
563 548 617 575 τῶν
635 548 735 583 φυτῶν.
751 548 788 574 Τὸ
800 548 827 574 δὲ
842 548 975 579 ἑκούσιον⁹

190 594 375 631 μονιμώτερόν
392 603 421 620 τε
436 594 482 620 καὶ
495 593 707 629 ἀσφαλέστερον,
724 593 779 619 Καὶ
799 593 829 619 τὸ
856 593 905 629 μὲν
928 593 976 620 τοῦ

191 640 365 676 βιασαμένου,
383 640 415 666 τδ
439 639 467 666 δὲ
483 639 629 674 ἡμέτερον·
653 640 700 666 καὶ
716 639 746 665 τὸ
766 639 815 673 μὲν
826 639 976 670 ἐπιεικείας

190 686 269 719 Θεοῦ,
290 686 320 713 τὸ
335 686 363 712 δὲ
387 685 552 721 τυραννικῆς
564 684 698 717 ἐξουσίας.
712 684 817 711 Οὐκοῦν
831 684 899 720 ᾤετο
922 685 976 711 δεῖν

187 733 303 764 ἄκοντας
314 729 343 758 εὖ
361 732 458 762 ποιεῖν,
474 731 532 757 ἀλλ’
545 730 656 762 ἑκόντας
667 730 831 765 εὐεργετεῖν.
842 730 891 757 Διὰ
899 728 977 757 τοῦτο

189 776 399 812 παιδαγωγικῶς
415 785 444 803 τε
460 776 507 803 καὶ
525 776 665 811 ἰατρικῶς,
693 775 723 802 τὸ
743 776 792 811 μὲν
804 777 913 812 ὑφαιρεῖ
923 776 977 803 τῶν

189 824 322 860 πατρίων,
335 824 365 850 τὸ
381 823 409 850 δὲ
422 823 567 858 συγχωρεῖ,
583 822 680 858 μικρόν
694 831 720 848 τι
731 822 785 849 τῶν
804 822 872 857 πρὸς
882 822 977 858 ἡδονὴν

189 869 312 901 ἐνδιδούς·
337 869 431 904 ὥσπερ
445 870 470 895 oi.
497 869 584 905 ἰατροὶ
601 870 657 900 τοῖς
681 868 881 904 ἀρρωστοῦσιν,
899 868 943 894 ἵνα
959 869 976 904 ἡ

1028 275 1215 310 migrationem
1241 274 1275 301 ab
1294 274 1345 300 hac
1364 273 1416 300 vita
1440 274 1473 300 ad
1498 273 1609 301 alteram
1631 273 1704 300 illam
1723 279 1812 301 motus

1026 321 1114 348 0l|llIlS
1138 326 1164 347 et
1188 319 1343 354 iactationis
1370 324 1519 354 expertem.
1537 318 1610 345 ldem
1641 326 1722 353 porro
1749 319 1812 346 duo-

1026 366 1077 393 bus
1093 365 1276 393 ’l‘estamentis
1291 365 1400 392 accidit.
1426 364 1496 397 Quid
1514 364 1601 403 illud!
1627 363 1685 392 Non
1709 365 1811 397 subito,

1027 419 1077 439 nec
1094 412 1126 438 ad
1147 412 1261 446 primam
1277 410 1462 446 aggressionis
1479 410 1668 445 impulsionem
1686 417 1811 438 commu-

1027 461 1083 485 tata
1097 463 1172 485 sunt.
1189 457 1390 490 Quamobrem?
1407 456 1450 492 (ld
1465 457 1537 484 enim
1557 457 1627 484 scire
1642 464 1731 491 operte
1749 463 1812 491 pre-

1027 504 1092 530 tium
1116 503 1186 536 est.)
1218 502 1253 530 Ut
1278 510 1311 530 ne
1335 503 1360 530 vi
1379 503 1609 538 pertraheremur,
1635 502 1681 530 sed
1699 509 1811 537 persua-

1027 549 1104 576 sione
1120 549 1327 576 adduceremur.
1358 549 1434 582 Quod
1457 548 1530 576 enim
1551 548 1733 576 voluntarium
1757 556 1811 576 non

1026 600 1078 627 est,
1096 602 1130 622 ne
1145 595 1304 622 diuturnum
1318 594 1426 629 quidem
1443 599 1500 627 est;
1518 593 1745 630 quemadmodum
1761 601 1811 622 nec

1026 641 1144 672 ﬂuenta,
1171 644 1218 668 aut
1245 641 1365 675 stirpes,
1401 647 1461 675 quae
1488 647 1537 674 per
1562 640 1617 666 vim
1650 640 1811 667 retinentur.

1027 687 1103 719 Quod
1125 691 1214 714 autem
1230 686 1413 714 voluntarium
1436 690 1494 718 est,
1520 691 1574 712 tum
1590 685 1744 713 diuturnius
1759 691 1810 717 est,

1028 737 1084 760 tum
1101 733 1213 759 certius.
1231 733 1320 766 Atque
1333 732 1450 759 alterum
1464 732 1524 765 ejus
1538 737 1591 764 σει,
1611 731 1657 766 qui
1672 731 1726 758 vim
1742 733 1812 759 intu-

1027 777 1074 809 lit;
1106 778 1220 804 alterum
1250 783 1383 804 nostrum.
1415 777 1535 804 Alterum
1559 776 1656 804 divina:
1688 777 1810 811 benigni-

1028 824 1111 856 tatis;
1131 823 1244 850 alterum
1261 823 1408 858 tyrannica:
1424 823 1576 857 potestatis.
1594 822 1725 856 Quacirca
1743 823 1813 849 Dens

1029 869 1139 895 minime
1153 868 1304 896 faciendum
1321 868 1373 896 sibi
1388 868 1476 900 duxit,
1500 873 1529 895 ut
1551 868 1651 895 invitos
1672 867 1814 895 beneﬁciis

190 915 346 950 φαρμακεία
360 913 516 949 παραδεχθῇ
531 914 574 940 διὰ
589 914 639 949 τῆς
654 913 751 949 τέχνης
763 913 976 950 φαρματτομένη

1029 914 1159 948 afﬁceret,
1176 916 1223 942 sed
1239 919 1269 942 ut
1285 915 1318 942 de
1333 915 1488 942 volentibus
1501 914 1571 941 bene
1587 920 1747 942 mereretur.
1773 914 1814 942 Ac

189 961 245 991 τοῖς
272 960 475 996 χρηστοτὲροις.
500 959 538 986 Οὐ
554 959 607 995 γὰρ
625 959 711 995 ῥᾴστη
727 958 780 985 τῶν
796 960 824 985 ὲν
847 959 902 985 ἔθει
929 959 977 986 καὶ

189 1007 228 1042 τῷ
245 1007 299 1041 (Η)
316 1006 412 1042 μακρῷ
423 1006 511 1043 χρόνῳ
529 1005 719 1040 τετιμημένων
731 1005 882 1040 μετάθεσις.
898 1004 977 1039 Λέγω

189 1053 216 1079 δὲ
228 1053 269 1085 τίς
293 1053 324 1079 Ἡ
340 1052 434 1088 πρώτη
457 1057 490 1079 τα
506 1051 604 1078 εἴδωλα
624 1051 805 1086 περικόψασα,
821 1050 870 1082 τὰς
883 1051 977 1082 θυσίας

191 1098 388 1134 συνεχώρησεν·
406 1099 423 1133 ὴ
437 1097 550 1133 δευτέρα
565 1097 614 1128 τὰς
631 1097 727 1128 θυσίας
743 1097 916 1133 περιελοῦσα,
927 1097 977 1133 τὴν

189 1145 340 1181 περιτομὴν
355 1144 404 1170 οὐκ
416 1143 560 1170 ἐκώλυσενι
577 1141 634 1169 εἶτα
646 1143 683 1175 ὡς
707 1143 780 1177 ἆπαξ
795 1143 916 1175 ἐδέξαντο
929 1144 976 1180 τὴν

190 1190 343 1225 ὑφαίρεσιν,
355 1190 402 1216 καὶ
420 1189 449 1216 τὸ
463 1188 638 1224 συγχωρηθὲν
658 1188 860 1223 συνεχώρησαν·
886 1189 911 1214 οἱ
928 1189 977 1223 μὲν

189 1235 239 1266 τὰς
253 1234 357 1266 θυσίας,
371 1235 395 1261 οἱ
407 1234 435 1260 δὲ
444 1234 492 1269 τὴν
514 1234 675 1269 περιτομήν-
693 1234 739 1260 καὶ
752 1234 905 1268 γεγόνασιν,
917 1234 977 1261 ἀντὶ

191 1282 241 1318 μὲν
255 1281 350 1314 ἐθνῶν,
383 1281 514 1307 Ἰουδαῖον
530 1281 590 1306 ἀντὶ
617 1279 645 1306 δὲ
669 1279 782 1310 τούτων,
807 1280 975 1315 Χριστιανοὶ,

146 1334 157 1346 τ’
189 1328 250 1358 ταῖς
264 1327 334 1353 κατὰ
351 1325 431 1362 μέρος
445 1325 605 1362 μεταθέσεσι
621 1324 769 1362 κλαΞέντες
785 1325 832 1351 ἐπὶ
840 1325 872 1351 τὺ
889 1325 978 1358 Εὐαγ-

189 1373 289 1407 γέλιον,
315 1371 434 1398 Πειθέτω
460 1371 488 1397 σὲ
517 1370 595 1397 τοῦτο
610 1370 727 1402 Παῦλος.
744 1371 774 1397 ἐκ
796 1370 843 1396 τοῦ
873 1371 979 1406 περιτέ-

191 1427 269 1454 μνειν
283 1418 338 1453 (45)
354 1417 401 1444 καὶ
427 1416 586 1452 ἁγνίζεσθαι
608 1416 746 1453 προελθὼν
770 1417 816 1443 ἐπὶ
833 1417 862 1443 τὸ
877 1417 975 1451 λέγειν·

196 1464 269 1499 Ἐγὼ
282 1463 325 1494 δὲ.
347 1463 482 1497 ἀδελφοί,
498 1464 524 1489 εὶ
539 1462 703 1497 περιτομὴν
720 1463 871 1496 κηρύσσω.
887 1462 914 1488 τι
933 1462 977 1489 ἔτι

190 1508 345 1543 διώκομαι;
366 1508 469 1534 Ἐκεῖνο
499 1506 550 1542 τῆς
572 1507 735 1542 οἰκονομίας,
758 1506 838 1533 τοῦτο
860 1507 908 1542 τῆς
934 1515 977 1533 τε-

189 1554 339 1590 λειότητος.

1027 960 1139 996 proinde
1153 961 1287 995 paedagogi
1300 960 1441 995 cujusdam
1454 965 1482 987 et
1499 960 1596 988 medici
1619 967 1694 987 more
1709 960 1814 995 patrios

1028 1007 1106 1039 ritus,
1122 1007 1220 1040 partim
1254 1006 1401 1037 subtrahit.
1418 1006 1515 1041 partim
1535 1006 1691 1037 concessit,
1710 1007 1814 1033 nonni-

1027 1052 1065 1080 hil
1090 1052 1216 1080 videlicet
1233 1060 1327 1080 eorum
1345 1052 1478 1086 voluptati
1503 1051 1656 1087 indulgens,
1683 1052 1813 1086 quemad-

1027 1099 1136 1125 modum
1164 1099 1259 1125 medici
1288 1098 1491 1133 aegrotantibus,
1520 1103 1549 1125 ut
1573 1098 1810 1130 medicamentum,

1027 1144 1199 1171 suavioribus
1214 1144 1294 1170 rebus
1314 1148 1373 1170 arte
1397 1148 1576 1178 temperatum
1597 1148 1625 1170 et
1646 1142 1812 1174 edulcatum,

1027 1189 1185 1216 admittant.
1205 1189 1297 1224 Neque
1313 1191 1385 1217 enim
1402 1189 1482 1216 facile
1497 1193 1539 1216 est
1553 1188 1587 1216 ab
1602 1188 1644 1221 iis,
1658 1195 1718 1223 quae
1732 1187 1814 1222 longo

1027 1243 1076 1262 usu
1094 1240 1122 1262 et
1138 1235 1265 1263 diuturno
1288 1240 1408 1269 tempore
1436 1236 1461 1262 in
1483 1235 1585 1262 honore
1601 1242 1632 1261 ac
1649 1234 1736 1269 pretio
1753 1233 1812 1260 fue—

1028 1286 1103 1312 runt,
1125 1281 1158 1308 ad
1182 1281 1234 1308 alia
1260 1281 1406 1309 transilire.
1428 1281 1497 1316 Ergo
1512 1281 1597 1316 prima
1628 1281 1671 1308 lex
1700 1279 1815 1307 sublatis

1028 1325 1105 1353 idolis
1118 1327 1251 1354 sacriﬁcia
1268 1327 1407 1360 permisit;
1426 1327 1544 1353 secunda
1561 1326 1693 1354 submotis
1707 1326 1814 1353 sacriﬁ-

1026 1371 1079 1398 ciis
1091 1371 1325 1399 circumcisionem
1341 1372 1452 1398 minime
1470 1372 1607 1406 prohibuit
1621 1379 1629 1398 :
1648 1379 1679 1399 ac
1705 1376 1811 1406 postea,
1824 1397 1833 1410 ,

1027 1423 1056 1445 ut
1072 1417 1155 1444 semel
1184 1417 1306 1445 subtrahi
1327 1417 1378 1445 sibi
1401 1417 1502 1452 aliquid
1524 1425 1601 1452 aequo
1628 1418 1719 1446 animo
1743 1418 1814 1445 tule-

1028 1469 1091 1490 runt
1110 1463 1243 1496 homines,
1260 1465 1341 1491 rebus
1355 1464 1437 1490 etiam
1455 1463 1508 1491 sibi
1526 1464 1673 1496 concessis,
1692 1464 1743 1491 hoc
1760 1468 1814 1496 est,

1029 1510 1065 1536 illi
1097 1509 1260 1546 sacriﬁciis,
1287 1509 1314 1536 hi
1347 1510 1572 1541 circumcisione,
1612 1510 1814 1540 abstinuerunt,

1028 1560 1120 1590 atque,
1135 1561 1162 1582 ut
1181 1563 1212 1582 ex
1237 1555 1353 1582 ethnicis
1369 1554 1465 1588 Judzei,
1494 1555 1530 1582 ita
1554 1563 1588 1582 ex
1612 1554 1712 1582 .ludzeis
1734 1555 1816 1583 Chri—

191 1599 272 1628 stiani
306 1591 369 1626 facii
392 1602 465 1630 sunt,
489 1605 537 1632 per
572 1597 737 1624 mutationes
762 1598 837 1632 quasi
862 1597 954 1624 furtim
981 1598 1014 1625 ad
1035 1599 1207 1634 Evangelium
1230 1592 1363 1633 perducti.
1389 1598 1474 1634 llujus
1495 1599 1532 1626 rei
1558 1599 1604 1626 tibi
1630 1599 1709 1626 ﬁdem
1735 1600 1816 1628 faciat

192 1646 301 1686 Paulus,
322 1647 411 1681 quiex
428 1653 460 1673 eo
476 1645 546 1680 quod
566 1645 778 1672 circumeidebat
799 1644 833 1678 ",
851 1653 883 1672 ac
897 1646 1093 1680 purilicabatur
1107 1647 1131 1663 ⁸ο
1167 1655 1198 1674 eo
1230 1647 1338 1674 tandem
1373 1654 1537 1682 progressus
1556 1651 1609 1680 est,
1628 1652 1658 1674 ut
1688 1648 1790 1676 diceret
1806 1657 1815 1677 :

193 1693 248 1730 Ego
262 1699 360 1725 autem,
378 1694 483 1728 fratres,
497 1694 519 1720 si
537 1693 760 1720 circumcisionth
791 1693 920 1727 prwdico,
949 1695 1012 1729 quid
1031 1695 1117 1722 adhuc
1136 1696 1340 1730 persecutionem
1355 1695 1442 1729 patior
1458 1695 1501 1722 "‘3
1519 1695 1584 1723 lllud
1607 1695 1818 1730 dispensationis

192 1745 269 1773 erat;
284 1740 333 1766 hoc
355 1738 541 1772 perfectionis.

229 1785 302 1818 KG”.
316 1783 401 1819 Tot't'rc;
425 1783 455 1809 τὸ
467 1783 517 1818 τῆς
534 1783 672 1818 Θεολογίας
691 1783 811 1816 εἰκάζειν
832 1785 895 1820 ἔχω,
912 1785 978 1821 πλὴν

1068 1785 1163 1813 XXVI.
1186 1784 1254 1813 l’luic
1271 1785 1396 1819 exemplo
1423 1784 1575 1812 divinitatis
1602 1784 1725 1812 doctrina
1743 1792 1818 1813 com-

193 1832 254 1859 ὅσον
263 1832 294 1858 ἐκ
308 1830 362 1858 τῶν
375 1830 512 1858 ἐναντίων,
535 1831 608 1857 Ἐκεῖ
619 1831 667 1865 μὲν
687 1830 741 1866 γὰρ
754 1831 786 1857 ἐκ
799 1831 853 1858 τῶν
871 1831 981 1867 ὑφαιρέ-

196 1886 264 1904 σεων
279 1877 296 1912 ή
310 1876 465 1912 μετάθεσις·
481 1875 600 1902 ἐνταῦθα
611 1875 639 1901 δὲ
653 1875 696 1901 διὰ
713 1875 767 1902 τῶν
785 1875 947 1911 προσθηκῶν
964 1876 980 1910 ἡ

195 1922 342 1954 τελείωσις.
365 1922 441 1957 Ἔχει
467 1920 521 1957 γὰρ
547 1920 644 1952 οὕτως’
670 1922 804 1956 ἐκήρυσσε
817 1922 941 1957 φανερῶς
963 1923 980 1958 ἡ

197 1968 301 1995 Παλαιὰ
319 1968 363 1994 τὸν
378 1967 499 2003 Πατέρα,
517 1966 562 1992 τὸν
585 1966 646 1992 Υἱὸν
662 1966 854 2002 ἀμυδρότερον.
871 1967 981 2001 Ἐφανέ-

198 2023 283 2050 ρωσεν
297 2015 313 2048 ἡ
327 2013 416 2048 Καινὴ
426 2013 471 2039 τὸν
483 2012 557 2043 Υῐὺν,
567 2012 689 2044 ὑπέδειξε
703 2012 749 2039 τοῦ
766 2012 924 2048 Πνεύματος
932 2013 981 2048 τὴν

197 2059 321 2095 θεότητα.
341 2058 561 2094 Ἐμπολιτεύεται
576 2058 622 2084 νῦν
634 2058 664 2084 τὸ
674 2058 797 2093 Πνεῦμα.
812 2059 982 2094 σαφεστέραν

197 2107 261 2142 ἡμῖν
274 2105 394 2142 παρέχον
407 2105 456 2140 τὴν
476 2104 572 2131 ἑαυτοῦ
586 2104 711 2140 δήλωσιν.
734 2103 772 2131 Οὐ
783 2104 838 2140 γὰρ
848 2102 882 2139 ἦν
895 2105 982 2138 ἀσφα-

197 2153 251 2183 λὲς.
265 2152 348 2187 μήπω
364 2151 415 2186 τῆς
427 2151 474 2178 τοῦ
488 2151 594 2186 Πατρὸς
612 2151 738 2186 θεότητος
758 2151 980 2187 ὀμολογηθείσης,

197 2199 242 2225 τὸν
260 2198 323 2225 Υἰὺν
337 2197 457 2233 ἐκδήλως
480 2198 672 2233 κηρύττεσθαι·
690 2197 758 2233 μηδὲ
782 2197 832 2232 τῆς
847 2196 894 2224 τοῦ
917 2196 982 2224 Υἰοῦ

198 2243 424 2279 παραδεχθείσης,
436 2243 466 2270 τὺ
483 2243 595 2279 Πνεῦμα
607 2242 638 2269 τὸ
659 2242 746 2276 ἅγιον,
760 2243 792 2269 ἵν’
812 2243 882 2269 εἴπω
894 2251 921 2269 τι
936 2243 984 2269 καὶ

198 2291 405 2326 τολμηρότερον.
424 2289 657 2326 ὲπιφορτίζεσθαι·
678 2289 716 2324 μὴ
735 2288 860 2324 καθάπερ
884 2291 982 2324 τροφῇ,

198 2338 231 2372 τῇ
245 2336 315 2372 ὑπὲρ
327 2336 452 2372 δύναμιν,
469 2336 631 2372 βαρηθέντες
649 2335 716 2371 (46),
732 2335 779 2362 καὶ
793 2335 898 2371 ἡλιακῷ
915 2335 984 2370 φωτὶ

200 2382 364 2418 σαθμτέραν
376 2382 415 2409 ἔτι
431 2382 627 2418 προσϐαλόντες
639 2381 694 2416 (47)
703 2382 752 2417 τὴν
763 2381 834 2416 ww.
847 2382 894 2409 καὶ
904 2383 944 2413 εἰς
955 2382 985 2408 τὸ

200 2428 270 2455 κατὰ
294 2427 407 2464 δύναμιν
436 2427 653 2455 κινδυνεύσωσιν·
675 2429 735 2459 ταῖς
762 2427 791 2454 δὲ
811 2427 880 2454 κατὰ
903 2428 985 2463 μέρος

1034 1831 1124 1867 parari
1141 1836 1242 1865 potest,
1259 1831 1311 1858 nisi
1325 1832 1395 1865 quod
1415 1831 1554 1858 contrario
1570 1831 1651 1858 modo
1666 1838 1711 1858 res
1724 1838 1818 1865 proce-

1031 1877 1082 1905 dit.
1099 1877 1155 1904 lllic
1170 1878 1241 1905 enim
1258 1885 1290 1905 ex
1305 1878 1489 1904 subtractione
1513 1877 1627 1905 mutatio
1649 1877 1731 1905 ﬁebat
1746 1885 1753 1903 :
1773 1878 1818 1905 hic

1032 1928 1119 1950 autem
1134 1931 1166 1950 ex
1186 1924 1344 1951 accessione
1362 1928 1444 1958 atque
1466 1923 1633 1951 incremento
1668 1924 1701 1950 ad
1728 1923 1820 1957 perfe-

1031 1970 1148 1997 ctionem
1161 1974 1270 1998 ventum
1286 1975 1337 1998 cst.
1355 1970 1400 1997 Sic
1419 1970 1491 1997 enim
1512 1977 1542 1997 se
1559 1977 1602 1997 res
1617 1969 1699 1997 habet
1714 1978 1721 1996 :
1735 1968 1819 1997 Vetus

1032 2017 1235 2044 Testamentum
1263 2016 1369 2043 Patrem
1396 2020 1490 2050 aperte
1515 2015 1693 2049 praedicabat,
1720 2015 1817 2042 Filium

1032 2062 1182 2090 obscurius.
1211 2061 1314 2088 Novum
1341 2066 1430 2088 autem
1459 2061 1537 2088 nobis
1559 2060 1657 2088 Filium
1677 2060 1820 2094 perspicue

1033 2108 1163 2141 ostendit,
1180 2113 1206 2135 et
1224 2107 1342 2143 Spiritus
1370 2107 1541 2134 divinitatem
1565 2105 1732 2133 subobscure
1751 2113 1820 2140 quo—

1034 2154 1177 2182 dammodo
1194 2154 1332 2181 indicavit.
1350 2153 1427 2180 Nunc
1443 2160 1507 2180 vero
1524 2152 1641 2187 Spiritus
1659 2152 1716 2188 ipse
1729 2152 1819 2179 nobis-

1034 2207 1095 2228 cum
1112 2205 1244 2232 versatur,
1266 2199 1345 2235 573
1360 2207 1473 2234 seseque
1492 2199 1571 2226 nobis
1594 2199 1715 2233 apertius
1730 2197 1821 2226 decla-

1034 2250 1087 2272 rat.
1103 2244 1195 2279 Neque
1211 2245 1282 2272 cnim
1303 2249 1390 2272 tutum
1402 2249 1473 2278 erat,
1488 2244 1578 2272 Patris
1593 2244 1739 2272 divinitate
1757 2251 1822 2271 non-

1035 2292 1097 2319 duin
1114 2291 1249 2324 confessa,
1275 2290 1373 2317 Filium
1388 2295 1481 2325 aperte
1501 2290 1642 2325 prazdicari
1657 2298 1664 2316 :
1680 2296 1741 2322 nec,
1758 2289 1820 2316 Filii

1035 2339 1177 2367 divinitate
1205 2337 1324 2364 nondum
1348 2338 1483 2368 admissa,
1511 2336 1642 2369 Spiritum
1675 2340 1821 2366 sanctum,

1035 2382 1108 2409 velut
1133 2380 1284 2415 graviorem
1308 2380 1464 2415 quamdam,
1494 2380 1517 2407 si
1544 2380 1582 2407 ita
1609 2379 1681 2414 loqui
1710 2379 1750 2406 fas
1769 2384 1822 2412 est,

1037 2427 1171 2455 sarcinam
1188 2427 1265 2454 nobis
1280 2426 1364 2461 iugeri
1382 2434 1390 2452 :
1405 2434 1438 2453 ne
1456 2427 1568 2461 alioqui,
1584 2425 1657 2453 velut
1670 2426 1738 2453 cibis
1750 2425 1823 2452 ultra

201 2473 380 2510 προσθήκαις,
398 2474 455 2505 καὶ,
471 2474 510 2506 ὡς
521 2471 582 2501 εἷπε
597 2473 688 2506 Δαόὶδ,
706 2473 866 2506 ἀναθάσεσι,
886 2474 933 2500 καὶ
955 2473 978 2500 ὲ)

1039 2473 1110 2499 vires
1124 2471 1241 2507 gravati,
1265 2479 1295 2499 ac
1313 2471 1380 2499 solis
1402 2471 1486 2499 radiis
1513 2471 1625 2499 hebetes
1644 2470 1738 2499 oculos
1755 2471 1824 2505 adji-

201 2517 279 2554 δόξης
294 2519 334 2551 είς
344 2518 421 2551 δόξαν
432 2519 554 2554 προόδοις
564 2518 611 2545 καὶ
628 2519 790 2553 προκοπαῖς,
800 2517 830 2545 τὸ
841 2519 890 2554 τῆς
904 2518 987 2553 Τριά-

235 2609 258 2626 ⁸⁸
274 2608 356 2637 llebr.
374 2609 478 2643 xu,26.
515 2608 538 2624 “
550 2608 610 2636 Act.
628 2617 682 2640 xw,
697 2609 724 2636 5.
761 2608 784 2624 ⁵⁸
800 2608 861 2636 Act.
878 2616 933 2642 ut,
950 2608 994 2636 26.

203 2699 236 2727 18
248 2705 276 2728 et
290 2699 397 2736 seqq);
415 2699 561 2736 secundus,
575 2698 776 2736 ctttn_,_(lliristo_
786 2699 928 2736 moriente,
941 2698 983 2725 lex

204 2735 296 2769 gratia:
311 2734 394 2764 cessit
409 2734 518 2771 (Matth.
532 2741 617 2771 xxvii,
633 2734 695 2769 54);
716 2734 812 2771 tertius
829 2734 945 2771 denique
957 2739 981 2759 el

203 2774 354 2804 postremus
367 2771 394 2797 in
415 2769 468 2797 line
484 2770 574 2796 mundi
591 2769 696 2797 futurus
710 2774 761 2801 est,
775 2769 809 2796 de
838 2777 891 2804 quo
917 2769 986 2803 Apo-

204 2805 289 2840 stolus
307 2805 402 2840 (Hebr.
417 2812 465 2840 xui,
479 2804 535 2840 Ξθ).

237 2839 295 2875 (42)
312 2838 406 2875 Μηδὲ.
423 2839 479 2875 Du_o
496 2838 592 2875 item”
608 2839 685 2875 μήτε.

239 2870 295 2909 (65)
316 2870 433 2901 Ἒόεεκα.
450 2873 518 2901 'l'rcs
529 2870 623 2909 Réggl,
636 2870 752 2909 quatuor
766 2873 840 2902 Colb.
857 2878 884 2901 et
898 2872 944 2901 0r.
957 2872 983 2906 Ι,

1040 2518 1152 2550 cientes,
1170 2517 1204 2544 iis
1217 2525 1336 2552 quoque,
1354 2517 1452 2552 quibus
1464 2517 1568 2553 [traditi
1584 2524 1704 2550 eramus,
1720 2515 1824 2544 viribus

1033 2609 1055 2625 "
1073 2608 1132 2638 Gal.
1148 2616 1176 2642 v,
1196 2609 1239 2636 ll.

1033 2705 1126 2724 ενεκεν

1070 2732 1125 2768 (is)
1148 2733 1199 2764 Τῳ.
1219 2732 1298 2768 Deest
1312 2733 1338 2760 in
1356 2733 1442 2760 tribus
1458 2732 1543 2768 Ἆρες.
1556 2736 1583 2760 et
1599 2732 1646 2761 0r.
1661 2733 1687 2760 l.

1069 2766 1125 2803 (45)
1143 2767 1342 2801 Περιτέμνειν.
1349 2767 1470 2803 βουλὴ..
1485 2766 1654 2803 περιτεμεῖν.

1070 2802 1127 2838 μβ)
1140 2803 1334 2836 Βαρηθέντες,
1348 2802 1470 2836 Hmseh.,
1488 2802 1677 2838 βαρυνθέντες.

1070 2837 1125 2874 (i7)
1141 2838 1376 2874 Προσδῳζᾷντες.
1392 2839 1439 2866 Οι·.
1455 2839 1466 2866 Ι
1478 2837 1692 2874 ,προϐαλόντες
1711 2837 1739 2866 ln
1763 2837 1824 2873 qui-

1034 2873 1157 2906 busdam,
1176 2872 1399 2907 προσϐάλλοντες.
