2049 3131
164 161 218 188 165

163 264 366 299 λαμπρότητος,
385 265 459 296 ὅστις
484 265 532 300 οὐχ
553 265 639 297 οὕτως
660 265 759 301 ἕχει,ἣ
779 268 950 302 συμφέρεται

164 311 219 341 τοῖς
239 311 354 346 καιροῖς,
385 311 480 337 ἄλλοτε
495 311 573 343 ἄλλος
589 312 730 346 γινόμενος
758 313 803 338 καὶ
818 313 882 348 περὶ
897 313 950 340 τῶν

165 356 301 391 μεγίστων
316 356 423 392 σαθρῶς
435 357 634 392 βουλευόμενος.
654 359 685 384 Εἰ
711 359 759 393 μὲν
783 359 836 394 γὰρ
850 360 880 385 οὑ

165 403 363 438 προσκυνητὺν,
382 403 440 434 πῶς
464 404 512 438 ἐμὲ
531 404 587 430 0εοῖ
609 404 653 430 διὰ
676 404 723 430 τοῦ
746 406 948 440 βαπτίσματος;

166 449 189 474 εί
213 448 241 475 δὲ
268 449 466 484 προσκυνητὸν.
493 449 551 481 πῶς
567 450 597 476 οὐ
615 451 728 483 csa-16‘];
750 452 773 477 εί
793 451 820 477 δὲ
841 451 949 484 σεπτὸν,

166 493 224 524 πῶς
238 493 268 519 οὐ
281 493 363 525 Θεός;
381 494 428 519 Ἓν
441 495 556 528 ἤρτηται
571 494 618 521 τοῦ
633 495 727 530 ἑνὸς,ή
748 495 836 530 χρυσῆ
846 505 886 527 τις
894 496 949 531 (60)

165 538 250 570 ὅντως
266 538 345 574 σειρέι
355 539 402 565 καὶ
420 540 562 574 σωτήριος.
581 541 636 566 Καὶ
653 541 727 576 παρὰ
741 542 790 576 μὲν
806 542 851 568 τοῦ
865 541 950 568 Πνεύ-

167 594 251 620 ματος
267 587 342 621 ἡμῖν.
362 587 378 621 ἡ
404 586 594 621 ἀναγέννησις·
613 587 688 622 παρὰ
712 587 740 614 δὲ
771 588 820 622 τῆς
837 589 951 622 ἀναγεν-

165 631 279 665 νήσεως,
295 632 311 666 ἡ
326 631 487 663 ἅνάπλασις·
504 632 579 667 παρὰ
602 633 630 659 δὲ
645 633 695 668 τῆς
718 634 908 667 ἀναπλάσεως,
932 636 948 671 ἡ

165 676 312 711 ἐπίγνωσις
329 677 379 712 τῆς
393 677 470 710 ἀξίας
482 678 528 704 τοῦ
543 679 756 711 ἀναπλάσαντος.

202 807 262 834 K62
283 808 376 835 Ταῦτα
392 809 440 843 μὲν
455 808 501 836 οὖν
516 811 586 837 εἴποι
600 820 641 843 τις
656 811 688 838 ἂν
702 812 732 838 τὸ
748 812 870 849 ἄγραφον
885 814 951 841 ὑπο-

165 853 279 889 θέμενος
295 854 360 889 (61)”
381 855 431 890 ἤδη
457 856 484 882 δὲ
499 857 558 891 ἥξει
573 865 613 883 σοι
630 858 676 884 καὶ
688 859 702 884 ὁ
723 858 776 885 τῶν
796 861 951 895 μαρτυριῶν

165 900 259 934 ἑσμὸς,
274 901 303 932 ἐξ
317 898 366 932 ὧν,
378 902 418 927 ὅτι
432 903 478 928 καὶ
494 902 554 928 λίαν
573 902 720 938 ἔγγραφος.
733 906 749 939 ἡ
766 905 811 931 τοῦ
828 906 952 940 Πνεῦμα-ι
967 892 988 919 Β

164 954 210 977 τος
225 946 319 980 θεότης
330 947 546 983 ἐπιδειχθήσεται
562 951 617 980 τοῖς
630 949 667 984 μὴ
680 950 740 976 λίαν
756 953 869 982 σκαιοῖς,
885 952 952 987 μηδὲ

164 991 314 1025 ἀλλοτρίοις
329 991 375 1018 τοῦ
393 992 559 1028 ΙΙνεύματος.
577 994 676 1020 Σκόπει
696 995 723 1021 δὲ
739 995 833 1027 οὕτως’
855 996 953 1022 Γεννᾶ-

164 1045 209 1063 ται
223 1037 278 1072 (62)
300 1038 427 1073 Χριστὸς,
446 1039 599 1074 προτρέχει·
618 1039 788 1074 βαπτίζεται,
807 1044 950 1078 μαρτυρεῖ·

166 1083 335 1118 πειράζεται,
349 1084 444 1118 ἀνάγει
458 1085 524 1120 (65)·
539 1086 667 1121 δυνάμεις
682 1087 809 1120 ἐπιτελεῖ,
826 1097 953 1124 συμπαρ-

164 1130 290 1163 ομαρτεί·
312 1130 468 1165 ἀνέρχεται,
490 1131 655 1166 διαδέχεται.
672 1132 704 1158 Τί
724 1133 779 1167 γὰρ
799 1134 829 1159 οὐ
839 1134 951 1161 δύναται

163 1171 219 1197 τῶν
235 1172 370 1206 μεγάλων,
386 1175 431 1200 καὶ
446 1170 483 1201 ὧν
510 1175 592 1207 Θεός;
606 1176 632 1201 τί
647 1176 689 1202 δαὶ
701 1177 730 1203 οὐ
752 1179 952 1214 προσαγορεύε-

163 1226 209 1244 ται
223 1215 261 1244 ὧν
280 1219 357 1250 Θεὸς,
369 1219 439 1255 πλὴν
456 1221 619 1257 ἁγεννησίας
632 1223 679 1249 καὶ
696 1225 865 1259 γεννήσεως;
879 1226 952 1252 Ἔδει

163 1262 219 1298 γὰρ
247 1264 297 1295 τὰς
322 1264 457 1300 ἰδιότητας
481 1268 569 1300 μεῖναι
586 1268 672 1303 Πατρὶ
687 1268 734 1295 καὶ
758 1269 825 1304 Υίῷ,
840 1270 883 1296 ἵνα
914 1270 951 1306 μὴ

165 1309 295 1344 σύγχυσις
344 1310 420 1346 παρὰ
436 1313 467 1346 τῇ
487 1311 603 1347 θεότητι,
621 1315 654 1348 τῇ
670 1315 716 1340 καὶ
730 1314 814 1341 τᾶλλα
829 1317 867 1347 εἰς
876 1316 952 1349 τάξιν

164 1354 268 1390 ἀγούσῃ
292 1356 340 1382 καὶ
357 1357 506 1391 εὐκοσμίαν
531 1358 597 1394 (64).
633 1359 703 1393 Ἐγὼ
722 1360 772 1395 μὲν
787 1361 890 1397 φρίττω
906 1362 952 1388 τὸν

164 1400 279 1427 πλοῦτον
292 1401 389 1428 ἐννοῶν
407 1402 460 1428 τῶν
478 1402 610 1438 κλήσεων,
626 1405 673 1431 καὶ
688 1405 748 1432 καθ’
767 1407 837 1432 ὅσων
854 1407 952 1442 ὀνομά-

164 1454 218 1472 των
244 1447 466 1482 ἀναισχυντοῦσιν
479 1449 503 1474 οί
519 1448 558 1483 τῷ
580 1449 718 1484 Πνεύματι
735 1451 950 1484 ἀντιπίπτοντες.

164 1493 276 1528 Πνεῦμα
293 1493 361 1520 Θεοῦ
374 1494 491 1528 λέγεται,
516 1495 629 1531 Πνεῦμα
645 1497 773 1532 Χριστοῦ,
807 1498 868 1530 νοῦς
884 1499 952 1534 Χρι-

165 1538 240 1570 στοῦ,
251 1539 364 1574 Πνεῦμα
380 1540 494 1575 Κυρίου,
511 1541 577 1567 αὐτὸ
599 1541 711 1577 Κύριος,
730 1543 842 1579 Πνεῦμα
862 1545 951 1572 υἱοθε-

166 1585 379 1620 σίας,ἁληθείας,
391 1586 557 1622 ἐλευθερίας·
570 1587 680 1622 Πνεῦμα
690 1588 793 1623 σοφίας,
806 1589 951 1623 συνέσεως,

166 1630 274 1666 βουλῆς.
288 1632 389 1667 ἰσχύος,
402 1632 538 1666 γνώσεως,
551 1633 700 1666 εὐσεϐείας,
719 1635 800 1668 φόϐου
814 1635 892 1662 Θεοῦ·
903 1636 952 1663 καὶ

164 1676 219 1712 γὰρ
245 1678 385 1712 ποιητικὸν
413 1679 514 1705 τούτων
546 1679 681 1713 ἁπάντων,
710 1681 798 1707 πάντα
818 1683 851 1716 τῇ
872 1682 951 1717 οὐσίᾳ

165 1722 296 1758 πληροῦν,
322 1724 411 1750 πάντα
434 1725 554 1760 συνέχον,
571 1726 742 1762 πληρωτικὺν
764 1727 866 1762 κόσμου
881 1728 951 1755 κατὰ

164 1769 213 1803 τὴν
228 1769 323 1796 οὐσίαν
340 1770 406 1804 (65),
420 1771 559 1806 ἀχώρητον
571 1771 665 1807 κόσμῳ
676 1773 746 1799 κατὰ
762 1773 811 1808 τὴν
825 1773 950 1808 δύναμιν,

165 1814 278 1849 ἀγαθὸν,
299 1815 386 1847 εὺθὲς,
403 1817 577 1852 ἡγεμονικὸν,
589 1817 706 1851 φύσεισὺ
719 1818 792 1845 ϐέσει
803 1819 952 1854 ἁγιαζόμε-

165 1870 219 1892 νον,
239 1861 364 1897 μετροῦν,
378 1863 407 1888 οὗ
426 1863 618 1898 μετρούμενον,
635 1865 824 1899 μετεχόμενον,
840 1866 869 1891 οὐ
889 1874 952 1900 μετ-

165 1906 236 1942 έχον,
258 1907 388 1943 πληροῦν,
404 1908 434 1934 οὐ
446 1909 643 1944 πληρούμενον,
663 1910 782 1945 συνέχον,
798 1910 828 1936 οὐ
844 1911 952 1946 συνεχό-

167 1962 258 1988 μενον,
279 1953 538 1990 κ).ηρονομούμενον,
557 1955 742 1991 δοξαζόμενον,
768 1957 950 1992 συναριθμοῦ-

166 2006 257 2033 μενον,
269 1999 509 2034 ἐπαπειλούμενον,
527 2000 655 2032 δάκτυλος
670 2001 812 2037 eset-inﬁt:
829 2002 866 2033 ὡς
874 2002 950 2034 Θεὸς,

164 2043 204 2074 tl;
227 2042 356 2078 ἔμφασιν,
368 2041 457 2078 οἶμαι,
472 2045 517 2071 τοῦ
527 2044 680 2079 δμοουσίου·
698 2046 811 2080 Πνεῦμα
828 2047 860 2073 τὸ
874 2047 952 2082 ποιῆ-

164 2096 224 2121 σαν,
242 2089 273 2115 τὸ
281 2089 424 2121 ἀνακτίξον
437 2090 480 2116 διὰ
506 2090 703 2126 βαπτίσματος,
721 2092 755 2117 δι’
768 2093 950 2124 ἀναστάσεως⁸

675 161 805 189 ORATIO
824 161 919 188 XXXI.
940 176 974 182 -
995 162 1213 191 THEOLOGICA
1234 163 1266 190 V.

163 218 254 249 λοντα,
275 217 312 248 ὥς
328 226 409 252 φησιν
430 218 445 254 ὴ
460 218 565 254 Γραῳὴ,
594 219 660 254 μηδὲ
676 220 755 253 δόξαν
781 223 830 256 τῆς
845 221 948 247 ἐκεῖθεν
965 223 987 251 Α
1001 225 1045 248 tus
1081 227 1131 248 est.

1734 162 1783 190 160

1174 221 1226 248 Nec
1255 220 1396 247 luciferum
1421 219 1605 251 exorientem,
1631 220 1731 251 videat,
1757 224 1785 246 ut

1002 274 1061 293 cum
1105 266 1242 300 Scriptura
1269 265 1363 299 loquar
1378 264 1412 297 θ’,
1441 271 1490 291 nec
1513 263 1630 291 caelestis
1663 265 1787 298 splendo-

1002 311 1039 338 ris
1056 311 1178 345 gloriam,
1190 310 1315 344 quisquis
1330 309 1406 336 aliter
1425 308 1516 338 sentit,
1536 313 1581 334 ottt
1601 309 1713 342 tempori
1735 309 1783 336 ob—

1002 359 1134 391 sequitur,
1147 356 1225 382 aliam
1235 355 1368 389 aliamque
1380 354 1494 381 subinde
1506 353 1619 380 formam
1635 360 1785 386 assumens,

1002 402 1176 436 pntidumque
1194 401 1227 428 de
1253 400 1378 427 maximis
1403 402 1484 427 rebus
1505 398 1647 426 consilium
1667 399 1784 433 capiens.

1003 447 1030 474 Si
1051 448 1122 474 enim
1145 447 1261 481 Spiritus
1284 446 1435 474 adorandus
1456 453 1507 472 non
1527 451 1578 476 est,
1593 446 1728 479 quomodo
1744 452 1786 472 me

1002 494 1080 520 deum
1108 501 1154 527 per
1170 492 1360 527 baptismum"
1380 491 1482 518 etfacit?
1513 491 1540 518 Si
1567 495 1655 517 autem
1672 491 1786 517 adoran-

1002 540 1062 572 dus,
1079 546 1167 566 annon
1192 538 1319 565 colendus
1342 542 1369 564 et
1387 538 1575 565 venerandus?
1592 537 1618 563 Si
1637 545 1716 571 porro
1740 545 1786 564 ve-

1003 586 1147 616 nerandus,
1161 592 1249 612 annon
1266 585 1354 611 Deus?
1376 584 1464 611 Unttm
1481 584 1524 610 uni
1539 583 1665 615 cohaeret,
1682 591 1712 610 ac
1723 591 1787 611 vere

1002 639 1084 659 aurea
1096 632 1219 666 quaedam
1240 636 1266 657 et
1282 631 1408 657 salutaris
1423 635 1465 657 est
1480 630 1538 656 haec
1554 636 1660 656 catena.
1677 629 1711 655 Et
1727 629 1787 663 qui-

1002 679 1062 705 dem
1080 686 1095 704 a
1113 677 1214 712 Spiritu
1231 676 1460 711 regenerationem
1482 676 1621 707 habemus,
1639 682 1652 701 a
1671 682 1783 709 regene-

1003 724 1106 750 ratioue
1131 722 1364 759 instaurationem,
1391 720 1424 747 ab
1445 720 1638 748 instauratione
1653 720 1785 754 cognitio-

1003 777 1065 796 nem
1086 768 1225 803 dignitatis
1242 767 1323 798 illiusI
1337 775 1351 792 a
1367 774 1420 800 qtto
1436 766 1577 792 instaurati
1593 773 1696 793 sumus.

1036 813 1132 841 XXIX.
1154 813 1215 840 llam
1242 813 1350 848 quidem
1379 817 1451 844 sunt,
1483 819 1541 846 qum
1575 811 1608 838 ab
1635 819 1667 838 eo
1693 810 1784 838 allerri

1002 864 1112 894 queant,
1137 859 1182 893 qtti
1207 858 1318 892 spiritus
1342 856 1509 883 divinitatem
1537 855 1610 883 nullo
1637 854 1786 890 Scriptura:

1004 905 1062 933 loco
1090 905 1137 932 niti
1160 903 1335 931 concesserit.
1353 901 1411 929 Jam
1433 909 1496 928 vero
1517 901 1564 928 tibi
1595 902 1786 930 auctoritawm

1003 959 1114 978 examen
1131 949 1258 984 prodibit,
1283 956 1315 975 ex
1342 948 1439 982 quibus
1466 947 1612 980 Scriptura:
1632 947 1785 975 testimoni!

1002 997 1146 1024 admodum
1171 996 1359 1023 confirmatam
1386 1001 1445 1020 esse
1477 993 1593 1027 Spiritus
1621 994 1786 1020 divinitatem

1002 1042 1167 1072 ostendetur.
1187 1041 1219 1068 iis
1244 1041 1352 1075 quidem
1373 1044 1457 1070 certe,
1476 1039 1522 1073 qui
1546 1046 1597 1064 non
1623 1039 1706 1065 nimis
1731 1044 1786 1065 sto-

1002 1089 1048 1116 lidi
1067 1094 1091 1116 et
1108 1088 1195 1115 obtusi
1215 1087 1325 1119 fuerint,
1347 1092 1427 1120 atque
1456 1093 1470 1111 a
1494 1085 1595 1119 Spiritu
1616 1085 1717 1112 aversi.
1742 1086 1788 1113 Sic

1002 1141 1092 1162 autem
1115 1134 1236 1168 expende
1264 1142 1270 1160 :
1295 1132 1420 1159 Nascitur
1440 1131 1564 1158 Christus
1574 1131 1595 1146 ⁵³
1620 1140 1625 1158 :
1646 1133 1788 1166 pratcurrit

1003 1167 1163 1215 Spiritus“.
1182 1179 1338 1213 Baptizatur
1357 1178 1399 1204 ille
1410 1178 1452 1202 6x‘:
1472 1167 1515 1203 hic
1541 1176 1722 1203 testimonium
1747 1176 1788 1202 af-

1002 1226 1054 1254 fert
1063 1227 1095 1252 ⁸⁵⁸.
1112 1226 1244 1252 Tcntatur
1263 1224 1333 1250 ille“7
1346 1232 1352 1250 :
1367 1224 1411 1249 hic
1424 1221 1570 1249 abducit“.
1586 1221 1714 1248 Miracula
1733 1223 1789 1248 edit

1003 1271 1075 1299 ille"
1089 1280 1097 1298 :
1110 1271 1154 1298 hic
1174 1267 1356 1296 comitatur".
1370 1267 1499 1294 Ascendit
1520 1267 1610 1293 ille“:
1630 1266 1673 1293 ltic
1691 1273 1788 1294 succe-

1002 1319 1081 1345 dit".
1108 1317 1176 1350 Quid
1201 1316 1271 1343 enim
1296 1315 1362 1341 adeo
1387 1321 1513 1348 magnum
1542 1318 1569 1339 et
1594 1313 1715 1340 divinum
1734 1317 1788 1345 est,

1001 1363 1072 1397 quod
1093 1369 1145 1388 non
1171 1361 1227 1395 ipse
1245 1358 1350 1394 possit?
1365 1358 1440 1391 Quod
1469 1363 1522 1384 tam
1544 1357 1663 1384 divinum
1688 1364 1786 1384 nomen

1001 1413 1050 1441 est,
1067 1415 1120 1443 quo
1141 1415 1205 1438 non,
1230 1410 1343 1440 excepto
1362 1404 1475 1440 lngeniti
1496 1409 1523 1431 et
1549 1403 1637 1431 Geuili
1666 1403 1786 1436 nomine,

1001 1453 1174 1489 appelletur?
1191 1453 1278 1479 Patris
1298 1452 1368 1479 enim
1390 1457 1417 1478 et
1434 1450 1494 1477 Filii
1511 1450 1687 1485 proprietates
1711 1450 1786 1477 inco-

1001 1501 1087 1528 lumes
1109 1505 1189 1534 atque
1206 1499 1324 1532 integras
1340 1497 1404 1532 ipsis
1419 1504 1528 1523 manere
1542 1495 1728 1528 conveniebat,
1745 1503 1781 1522 ne

1002 1546 1101 1582 alioqui
1117 1546 1186 1580 apud
1205 1545 1382 1575 divinitatem,
1399 1551 1458 1578 quae
1473 1541 1553 1577 575
1570 1542 1622 1568 alia
1635 1549 1742 1576 quoque
1757 1541 1785 1568 in

1005 1592 1126 1618 ordinem
1152 1595 1179 1618 et
1196 1589 1406 1617 concinnitatem
1425 1588 1546 1620 adduxit,
1567 1587 1690 1615 confusio
1712 1587 1785 1615 exsi-

1003 1642 1095 1665 steret.
1115 1637 1244 1670 Equidem
1262 1637 1319 1671 ipse
1336 1635 1369 1662 ad
1391 1639 1492 1661 tantam
1517 1633 1655 1661 nominum
1671 1634 1787 1667 copiam,

1003 1684 1131 1711 adversus
1144 1690 1224 1718 quam
1242 1681 1355 1709 frontem
1374 1680 1531 1715 perfricant,
1545 1679 1590 1714 qui
1609 1679 1723 1713 Spiritui
1737 1681 1786 1706 ad-

1002 1735 1155 1762 versantur,
1171 1734 1240 1756 totus
1254 1729 1427 1755 cohorresco.
1440 1725 1556 1760 Spiritus
1580 1725 1627 1752 Dei
1636 1725 1658 1742 ⁷³
1675 1726 1788 1756 dicitur,

1004 1775 1122 1810 Spiritus
1135 1774 1247 1806 Christi,
1258 1781 1333 1801 mens
1348 1773 1447 1800 Christi
1456 1771 1489 1805 ⁷⁸,
1503 1771 1619 1805 Spiritus
1635 1771 1741 1798 Domini
1751 1771 1785 1803 ⁷⁵,

1003 1829 1034 1849 ac
1063 1821 1190 1848 Dominus
1214 1821 1313 1854 ipse”,
1346 1819 1463 1853 Spiritus
1493 1817 1689 1852 adoptionis",
1714 1817 1788 1844 veri-

1004 1866 1109 1898 tatis",
1124 1866 1305 1898 libertatis";
1322 1865 1439 1899 Spiritus
1459 1864 1609 1898 sapientize,
1627 1865 1786 1899 prudentia‘,

1003 1911 1125 1943 consilii,
1154 1910 1337 1942 fortitudinis,
1363 1910 1501 1940 scientiae.
1533 1910 1660 1944 pietatis,
1684 1910 1789 1937 timoris

1003 1956 1049 1984 Dei
1060 1957 1096 1989 ⁸ο,
1114 1961 1205 1990 utpote
1222 1955 1319 1982 horum
1346 1955 1464 1982 omnium
1491 1953 1618 1988 efﬁciens,
1638 1955 1729 1981 omnia
1745 1962 1787 1981 es-

1001 2001 1087 2028 sentia
1118 2009 1164 2028 sua
1198 2000 1323 2035 implens,
1354 2000 1443 2026 omnia
1474 1999 1625 2032 continens,
1660 1999 1787 2026 mundum

1002 2051 1131 2082 quantum
1151 2045 1183 2072 ad
1202 2046 1347 2073 essentiam
1369 2045 1492 2080 impleas,
1507 2045 1612 2071 interim
1629 2045 1686 2079 ipse
1699 2044 1784 2079 major

1001 2101 1080 2128 quam
1108 2097 1134 2119 ut
1162 2094 1277 2119 mumlus
1295 2092 1347 2118 vim
1377 2091 1448 2118 illitts
1472 2096 1499 2118 et
1517 2091 1663 2125 potentiam
1685 2098 1784 2125 capere

163 2135 278 2170 Πνεῦμα
292 2135 323 2161 τὸ
337 2135 471 2169 γινῶσκον
494 2136 612 2168 ἅπαντα,
632 2137 662 2163 τὸ
685 2137 819 2170 διδάσκον,
831 2138 861 2165 τὺ
872 2138 951 2165 πνέον

1004 2139 1133 2173 possit“:
1150 2137 1274 2168 bonus“.
1292 2141 1396 2168 rectus,
1413 2136 1568 2171 principalis
1576 2136 1609 2169 ⁸³,
1623 2140 1716 2163 natura
1729 2144 1782 2164 non

199 2191 221 2206 θ’
246 2189 296 2218 Joh
324 2199 363 2220 ιι.
383 2190 426 2218 17.
482 2192 504 2207 "
520 2191 615 2219 Matth.
633 2200 728 2224 xxviii,
745 2193 789 2220 l9.

165 2226 186 2241 "
202 2225 267 2252 Luc.
296 2234 332 2257 tv,
353 2227 378 2253 1.
429 2226 450 2242 ⁸⁸
462 2226 526 2253 ibid.
551 2227 592 2254 18.
644 2228 666 2243 ⁸³
692 2229 786 2254 Matth.
808 2237 857 2260 xta,
882 2229 927 2255 9'2.

165 2260 208 2287 11.
245 2261 270 2276 ⁷⁸
288 2261 466 2291 Rotn.v1tt,9
487 2269 558 2295 sqq.;
582 2261 602 2288 ll
629 2262 691 2289 Cor.
719 2271 758 2296 Ill,
779 2264 821 2290 18.

847 2194 869 2209 ⁵³
885 2193 949 2221 Luc.
966 2203 997 2225 tt.
1024 2196 1050 2222 7.

1102 2196 1124 2212 “
1139 2196 1202 2222 Luc.
1222 2202 1241 2223 I.
1253 2194 1299 2222 55.
1358 2194 1380 2210 ⁸⁸
1395 2192 1460 2221 Luc.
1475 2201 1515 2224 ιιι,
1531 2192 1577 2220 21.
1629 2193 1652 2208 ⁸⁸
1666 2192 1730 2219 ibid.
1743 2192 1787 2219 25·

882 2229 927 2255 22.
976 2230 998 2246 ⁷ο
1014 2231 1078 2258 ibid.
1094 2231 1138 2258 98.
1178 2231 1199 2245 τί
1213 2229 1272 2257 Act.
1288 2237 1308 2259 ι,
1323 2229 1349 2256 9.
1387 2229 1410 2244 "
1426 2229 1486 2255 Act.
1510 2236 1540 2259 ιι,
1552 2227 1577 2254 ιι.
1617 2228 1639 2243 ⁷³
1656 2227 1665 2253 l
1679 2227 1739 2254 Cor.
1758 2235 1788 2258 ll,

871 2264 895 2279 ⁷⁵
920 2264 983 2299 Sap.
1000 2273 1020 2295 ι.
1042 2266 1067 2292 7.
1105 2267 1127 2281 ’⁷⁵
1142 2265 1241 2292 'l'ltren.
1260 2272 1296 2295 ιν,
1312 2264 1357 2290 οι).
1390 2263 1507 2299 Vilior“.
1521 2271 1579 2292 \‘lll,
1593 2262 1636 2299 15.
1674 2261 1788 2299 'f_J_oan.

1000 2273 1020 2295 1.
1042 2266 1067 2292 7.
1105 2267 1127 2281 ’⁷⁵
1142 2265 1241 2292 'l'ltren.
1260 2272 1296 2295 IV,
1312 2264 1357 2290 20.
1396 2264 1418 2278 ⁷⁷
1430 2263 1507 2289 “om.
1521 2271 1579 2292 \‘lll,
1593 2262 1636 2289 15.
1674 2262 1697 2276 ⁷⁸
1711 2261 1791 2288 Joan.

166 2295 343 2335 xtv_,‘t7_;‘xv,
359 2296 407 2328 26;
423 2304 476 2329 nt,
488 2297 531 2323 15.
569 2297 591 2312 ⁷⁹
607 2297 627 2324 ll
645 2298 707 2325 (lor.
724 2306 764 2330 ιιι,
780 2299 823 2325 17.
861 2299 940 2326 “lsa.

1006 2301 1023 2326 2
1037 2308 1095 2335 sqq.
1133 2301 1226 2335 8|Sap.
1241 2307 1259 2332 ι,
1274 2299 1350 2326 7-10.
1387 2298 1410 2313 ⁸²
1422 2298 1492 2325 Psal.
1507 2305 1589 2331 cxui,
1605 2297 1647 2325 10.
1684 2297 1707 2313 ⁸³
1717 2296 1788 2324 Psal.

164 2339 190 2364 ι,
205 2330 301 2363 10,12.

200 2388 256 2422 (59)
271 2389 321 2414 Οὐ.
337 2387 384 2414 Or.
398 2387 424 2418 t,
438 2387 508 2414 οὐδὲ.

275 2421 380 2462 ἕρυσῇ
396 2431 450 2454 τις.
472 2422 537 2462 Reg.
553 2422 606 2453 bm,
623 2422 758 2462 χρυσῖτις.

211 2458 256 2492 61)
275 2456 481 2492 Ὑπορέμενος.
500 2457 562 2489 Meg.
577 2464 602 2487 a,
619 2456 819 2490 ὑποτιοέμενος.

211 2466 242 2485 υι
289 2466 481 2492 ιπουεμενος.
500 2466 562 2489 “CR.
577 2466 602 2487 ﬂ,
619 2466 819 2490 υποτιυεμενος.

199 2466 429 2528 ίϋῖςῗΓεννᾶζᾳι.
441 2501 449 2517 ι
460 2492 620 2528 Generatur,
638 2492 798 2525 concipitur.
811 2501 820 2517 ι
835 2490 900 2528 Nam
909 2491 950 2528 le-

165 2526 251 2563 gitur,"
259 2527 325 2554 Luc.
339 2534 359 2559 ι,
375 2527 420 2554 55.
440 2535 449 2552 ι
470 2527 588 2561 Spiritus
606 2531 718 2553 sanctus
738 2526 908 2560 superveniet
924 2526 951 2553 in

166 2569 200 2595 te,
216 2572 226 2588 ι
245 2568 298 2588 etc.

200 2598 256 2633 (63)
272 2596 486 2633 ἈνάτεμΡπη
500 2596 618 2633 dvitiqu
637 2605 646 2621 ι
659 2596 842 2633 sanctificat.)

199 2630 255 2666 (64')
270 2630 455 2666 Εὐκόσμίαν.
472 2632 518 2658 Sic
532 2637 586 2658 tres
603 2631 703 2666 Ἆρες,
719 2631 801 2666 Coisl.
820 2631 851 2663 1,
873 2630 949 2658 Orat.

165 2667 190 2699 1,
203 2665 255 2694 etc.
272 2667 300 2693 In
320 2665 377 2698 ed.,
390 2666 535 2701 ἀκοσμίαν.
553 2666 598 2693 Sic
618 2666 680 2700 tegit
696 2665 799 2701 Bittius,
813 2671 839 2693 et
850 2666 948 2692 vertit:

168 2711 177 2726 ε
196 2702 262 2735 Quae
275 2702 327 2728 alia
343 2700 467 2736 quoque,
479 2706 560 2735 atque
573 2702 640 2728 adeo
648 2700 835 2727 confusionem
851 2701 947 2735 ipsam,

166 2736 192 2763 in
204 2737 326 2763 ordinem
340 2737 459 2765 adducit.
475 2737 596 2763 cent‘usio
609 2736 762 2763 exsisteret.
780 2745 788 2760 ι

199 2771 256 2806 (65)
285 2770 475 2805 Πληρωτικὸν
505 2772 621 2806 xo'a'poo
650 2770 724 2806 κατὰ
749 2770 808 2806 ripe
831 2769 948 2806 οὐσίαν.

166 2804 275 2841 Schol):
298 2807 370 2841 Ὃρα
386 2806 424 2841 μὴ
445 2805 584 2841 ἐναλλάξει
599 2805 629 2831 τδ
649 2805 729 2839 ῥητὸν
741 2804 816 2841 Δκατὰ
832 2804 949 2841 δύναμιν

165 2840 211 2868 καὶ
226 2839 401 2869 οὐσίαν.’Κα“ι
416 2839 470 2874 γὰρ
483 2842 497 2868 ὁ
515 2840 653 2873 Βασίλειος
671 2841 700 2867 ὲν
719 2839 757 2875 τῷ
774 2839 797 2867 0’
810 2839 864 2868 τῶν
881 2839 950 2876 προς

1013 2388 1183 2428 ’ᾼμφιλόχιον
1201 2389 1264 2428 περι
1276 2388 1321 2428 τοῦ
1335 2389 1403 2415 Πνεύ
1409 2397 1492 2428 ματος
1502 2388 1573 2428 οἴη-ω
1587 2387 1678 2428 φησιν·
1693 2387 1790 2428 ’Πάντα

968 2443 975 2447 .
1006 2423 1055 2459 μὲν
1070 2422 1189 2459 πληροῦν
1200 2422 1372 2459 τῇδυνάμει,
1396 2424 1485 2457 μόνοις
1504 2423 1532 2459 δὲ
1545 2423 1573 2449 ὃν
1590 2422 1790 2459 μεθεκτοςλτοῖς

1004 2457 1098 2490 ἀξίοις.
1118 2457 1180 2485 Καὶ
1197 2457 1303 2492 ὁἺᾶγιος
1320 2457 1479 2489 Ἃθανάσιος
1503 2458 1565 2484 τάδε
1591 2458 1686 2489 αὑταῖς
1701 2457 1790 2489 λέξεσι

1004 2491 1086 2527 λέγει·
1096 2493 1188 2525 Ἐκτὸς
1204 2491 1256 2528 μέν
1268 2495 1325 2519 ἐστι
1342 2493 1387 2519 τοῦ
1402 2493 1500 2525 παντὸς
1517 2493 1575 2519 κατ’
1589 2492 1730 2523 οὐσίαν,ὲν
1739 2493 1790 2519 πᾶ-

1005 2536 1031 2553 σι
1044 2528 1073 2554 δέ
1088 2530 1146 2555 ἐστι
1157 2530 1216 2560 ταῖς
1240 2528 1336 2555 ἑαυτοῦ
1349 2528 1488 2563 δυνάμεσι·
1505 2537 1514 2553 ι
1537 2528 1601 2554 Vide
1614 2536 1646 2554 ne
1665 2528 1791 2563 inttnuta-

1004 2563 1039 2589 tis
1052 2564 1161 2590 vocibus
1175 2564 1302 2597 scriptum
1323 2563 1369 2593 sit.
1390 2569 1519 2596 quantum
1542 2563 1574 2589 ad
1595 2562 1741 2596 potentiam
1760 2569 1789 2589 et

1003 2599 1160 2628 essentiam.
1170 2599 1275 2625 Etenim
1287 2598 1404 2625 Basilius
1411 2605 1471 2631 eap.
1488 2597 1504 2624 9
1516 2598 1549 2624 ad
1559 2597 1788 2631 Amphilochium.

1004 2632 1037 2659 de
1054 2633 1153 2666 Spiritu
1171 2638 1266 2661 sancto
1281 2633 1319 2660 sic
1334 2634 1390 2659 ait:
1407 2632 1502 2659 Omnia
1515 2632 1613 2658 virtute
1629 2631 1743 2665 implens
1758 2639 1790 2658 ac

1004 2669 1133 2701 potentia,
1155 2667 1201 2695 sed
1224 2669 1257 2694 ab
1273 2668 1305 2694 iis
1325 2668 1423 2698 solum,
1443 2667 1487 2700 qni
1510 2667 1582 2701 digni
1598 2671 1670 2698 sunt,
1687 2666 1788 2700 percipi

1003 2700 1101 2735 potest.
1119 2704 1234 2729 Sancttts
1253 2702 1335 2729 etiam
1351 2701 1515 2728 Athanasius
1535 2700 1628 2728 iisdem
1647 2700 1736 2727 verbis
1749 2700 1789 2727 lo-

1002 2737 1118 2770 quitur:
1145 2737 1226 2764 Extra
1250 2738 1320 2764 bane
1341 2744 1431 2763 reruni
1462 2737 1663 2763 universitatem
1680 2740 1731 2766 est,
1763 2736 1785 2761 si

1001 2772 1146 2799 essentiam
1159 2776 1280 2807 spectes;
1297 2772 1323 2799 in
1332 2772 1457 2800 omnibus
1475 2776 1562 2800 autem
1576 2776 1627 2804 est,
1640 2778 1688 2799 sua
1705 2770 1789 2806 ipsius

1001 2811 1140 2842 potestate.
1159 2816 1168 2832 ι
