2049 3131
280 146 331 175 167

892 145 922 174 S.
943 145 1108 174 CREGORII
1129 144 1302 173 TIIEOLOGI

1863 143 1913 171 168

277 206 364 241 gratia
392 203 609 238 sanetiticans“,
638 212 692 232 non
720 204 922 236 salictiﬂeatus,
945 206 1069 236 metiens,

1123 205 1189 230 ὅπου
1205 203 1278 230 θέλει
1293 203 1341 230 καὶ
1361 203 1434 233 ὅσον,
1460 201 1584 238 ὁδηγοῦν,
1607 200 1714 232 λαλοῦν,
1737 199 1910 232 ἀποστέλλω,

278 259 330 278 non
350 251 501 283 dimensus,
518 251 686 285 impertiens,
702 258 754 278 non
776 251 924 286 particeps.
941 250 1068 284 implens,

277 304 331 324 non
345 295 482 330 impletus,
496 295 650 327 continens,
665 304 718 322 non
740 300 893 328 contentus,
912 295 1070 323 haereditate

276 341 444 376 acceptus",
466 341 640 373 gloriﬁcatus,
662 341 735 369 Patri
756 347 782 369 ct
798 341 866 368 Filio
889 349 1070 368 connumera-

279 388 363 421 tus",
380 388 522 416 minaciter
538 388 724 421 denuntiatus,
745 387 792 415 Dei
808 389 907 422 digitus
915 388 949 420 ⁸⁷,
964 387 1033 423 ignis
1046 387 1069 404 ⁸⁸

278 438 407 469 tanquam
426 433 507 465 Deus,
523 433 556 460 ad
580 434 789 464 ostendendum.
816 438 846 460 ut
869 433 974 468 opinor,
998 434 1068 468 quod

276 479 397 513 ejusdem
413 479 539 507 essentia:
552 479 586 506 sit
598 487 605 505 :
619 479 738 514 Spiritus
757 479 802 513 qui
820 479 949 512 condidit,
960 481 1004 514 qui
1022 487 1070 515 per

277 524 438 560 baptismum
452 531 479 552 et
493 525 717 552 resurrectionem
741 525 830 552 denuo
851 530 926 552 creat
941 525 964 541 "
981 533 988 551 :
1009 525 1070 561 Spi-

277 571 346 598 ritus
357 570 448 598 omnia
462 577 629 605 cognosccns
639 571 673 604 ὀ,
687 571 799 603 docens,
813 571 858 598 ubi
871 571 927 598 vult
944 577 971 600 et
982 580 1070 607 quan-

278 620 334 643 tum
350 615 406 643 vult
417 616 525 650 spirans
537 615 572 648 9‘,
584 615 711 642 ducatum
723 616 847 650 praebens
857 616 892 648 ",
913 616 1024 651 loquens
1034 616 1068 650 ",

276 662 387 690 mittens
398 662 432 694 ",
448 670 595 698 segregans
606 662 629 678 "
647 671 653 689 ε
672 661 788 697 Spiritus
799 662 845 696 qui
868 662 901 690 ad
917 663 985 690 iram
1003 663 1070 690 inci-

278 713 362 740 tatur.
376 709 422 743 qui
439 712 560 736 tentatur
573 709 608 741 ",
627 709 673 743 qui
688 709 800 740 revelat,
818 708 863 743 qui
877 708 963 736 lucem
978 717 1011 736 ac
1026 709 1068 736 vi.

277 757 332 782 tam
344 753 438 787 affert;
456 754 512 782 imo
535 755 579 789 qui
603 754 719 790 ipsamet
741 754 785 781 lux
813 760 840 782 et
867 755 921 782 rita
945 759 988 783 est
1004 756 1069 791 :qui

277 800 377 836 templa
390 800 481 833 ellicit.
499 801 619 832 deiﬂcat.
635 802 743 838 perlicit
756 803 791 830 ita
804 807 844 835 ut.
859 808 884 831 et
903 804 1069 839 baptismum

275 852 439 880 antevertat,
452 853 479 876 et
493 853 554 883 post
568 849 732 884 baptismum
745 849 901 884 requiratur
917 858 924 877 :
939 850 985 886 qui
1007 857 1068 878 om-

276 894 320 921 nia
335 894 425 927 eﬂleit,
441 883 612 930 quaecunque
622 894 692 922 Deus
707 895 773 930 ipse,
785 883 835 930 qui
857 895 883 922 in
909 883 998 931 igneis
1014 896 1068 923 lin-
1084 883 1105 911 Β

275 940 336 975 guis
352 940 483 968 dividitur
498 941 534 974 ",
552 941 597 975 qui
611 941 681 968 dona
691 940 837 973 distribuit,
854 941 898 976 qui
918 941 1066 976 apostolos,

276 987 638 1022 prophetas,evangelistas,
656 991 781 1021 pastoms
799 992 826 1014 et
840 987 964 1015 doctores
982 987 1065 1015 facit:

1121 251 1262 286 ἀφορίζον,
1272 249 1502 286 παροξυνόμενον,
1512 247 1719 284 πειραζόμενον,
1731 246 1913 274 ἀποκαλυπτι.

1121 298 1179 329 κὸν,
1209 297 1384 331 φωτιστιχδν,
1409 296 1533 328 ζωτικόν·
1552 295 1651 330 μᾶλλον
1665 294 1703 326 δὲ,
1721 293 1845 327 αὕτοφῶς
1865 293 1912 319 καὶ

1121 342 1188 376 ζωὴ,
1203 342 1357 373 ναοποιοῦν,
1373 341 1524 371 θεοποιοῦν,
1544 340 1673 367 τελειοῦν·
1695 340 1766 366 ὥστε
1780 339 1828 366 καὶ
1843 347 1910 374 προ-

1121 389 1272 424 λαμϐάνειν
1283 389 1314 416 τὸ
1330 389 1488 424 βάπτισμα,
1509 387 1698 423 ὲπιζητείσθαι
1711 385 1765 421 (66)
1782 384 1851 421 μετὰ
1881 384 1911 410 τὸ

1121 435 1274 470 βάπτισμα-
1291 434 1420 470 ἐνεργοῦν
1434 434 1484 460 ὅσα
1493 433 1569 465 θεὸς,
1583 431 1761 468 μεριζόμενον
1777 431 1806 457 ὲν
1821 429 1911 465 γλώσ-

1121 489 1182 512 σαις
1204 481 1343 516 πυρίναις,
1362 480 1484 516 διαιροῦν
1502 479 1671 516 χαρίσματα,
1682 478 1775 505 ποιοῦν
1795 476 1911 504 ἀποστό-

1119 527 1193 560 λους,
1213 527 1368 564 προφήτας,
1385 525 1590 561 εὐαγγελιστὰς,
1611 524 1754 560 ποιμένας,
1775 523 1822 550 καὶ
1837 522 1910 550 διδα-

1121 573 1246 606 σκάλους,
1260 574 1368 609 νοερὸν,”
1379 572 1541 608 πολυμερὲς,
1555 572 1650 606 σαφὲς,
1668 571 1778 608 τρανὸν,
1793 570 1910 606 ἀμύλυν-

1119 628 1175 651 τον,
1188 619 1326 647 ἀκώλυτον
1340 620 1418 655 (ὅπερ
1431 618 1488 654 (67)
1507 618 1563 645 ἴσον
1571 618 1693 650 δύναται,
1708 618 1738 644 τὺ
1749 617 1804 652 (68)
1823 615 1909 651 σοφώ-

1118 674 1200 693 τατον
1219 666 1266 693 καὶ
1282 665 1452 702 πολύτροπον
1469 666 1529 698 ταῖς
1552 664 1714 701 ἐνεργείαις,
1731 663 1779 690 καὶ
1795 671 1909 698 σαφηνι-

1120 712 1212 739 στικδν
1228 711 1348 743 πάντων,
1363 711 1594 747 καὶτρανωτικδν,
1606 711 1654 737 καὶ
1662 708 1908 743 αὐτεξούσιονμὶθ).

1119 759 1166 785 καὶ
1179 757 1379 793 ἀναλλοίωτον),
1392 757 1607 792 παντοδύναμον,
1623 755 1853 785 παντεπίσκοπον,
1867 753 1909 781 διά

1119 806 1228 833 πάντων
1243 805 1349 840 χωροῦν
1367 804 1543 840 πνευμάτων,
1564 803 1677 840 νοερῶν,
1706 801 1845 837 καθαρῶν,
1864 801 1908 827 λε-

1119 850 1262 877 πτοτάτων
1276 850 1453 886 (ἀγγελικῶν,
1463 847 1552 885 οἶμαι,
1563 849 1727 884 δυνάμεων),
1745 848 1838 883 ὥσπερ
1863 845 1909 873 καὶ

1119 896 1298 933 προφητικῶν
1309 897 1356 924 καὶ
1367 896 1565 927 ἀποστολικῶν,
1583 895 1655 923 κατὰ
1669 895 1767 922 ταυτὸν
1776 893 1845 929 (70),
1863 892 1908 920 καὶ

1118 944 1169 970 οὐκ
1188 944 1216 969 ὲν
1232 945 1289 975 τοῖς
1303 944 1395 975 αὐτοῖς
1408 943 1501 975 τόποις
1515 942 1612 976 (ἀλλων
1624 942 1652 969 δὲ
1663 940 1779 976 ἀλλαχοῦ
1797 948 1854 967 νενε
1859 947 1908 974 μη-

1119 989 1229 1025 μένων),
1244 985 1266 1023 ᾦ
1280 989 1406 1025 δηλοῦται
1420 989 1451 1016 τὸ
1466 989 1680 1024 ἀπερίγραπτον.

277 1032 397 1067 Spiritus
427 1033 591 1068 intelligens,
612 1033 763 1068 multiplex,
788 1038 910 1068 apertus,
932 1033 1036 1066 clarus.
1053 1033 1296 1069 incontaminatus,
1314 1036 1482 1070 minimeqne
1511 1035 1658 1070 impeditus
1682 1033 1705 1050 "
1736 1031 1824 1068 (quod
1838 1031 1907 1058 idem

277 1078 350 1106 valet
365 1086 398 1106 ac
413 1078 436 1106 si
459 1079 591 1111 dicerem,
609 1078 840 1113 sapientissimus,
859 1078 1012 1113 agendique
1032 1078 1162 1108 facultate
1178 1081 1271 1109 varius
1290 1090 1322 1109 ac
1339 1081 1489 1115 multiplex,
1505 1080 1596 1107 omnia
1630 1079 1769 1113 explicans
1798 1085 1830 1104 ac
1860 1076 1905 1104 de-

276 1126 397 1158 clarans,
412 1124 519 1152 arbitrii
533 1124 658 1151 libertate
675 1124 816 1158 pratditus,
828 1128 856 1150 et
873 1123 1072 1160 immutabilis),
1093 1125 1277 1160 omnipotens,
1296 1127 1387 1154 omnia
1400 1126 1529 1158 lustrans,
1547 1132 1595 1159 per
1607 1131 1702 1152 omnes
1733 1123 1845 1158 spiritus
1864 1129 1908 1157 pe-

276 1176 388 1199 netrans
406 1171 442 1203 °’,
459 1171 642 1205 intelligentes
656 1189 664 1202 ,
684 1177 767 1205 puros
781 1190 789 1202 ,
805 1169 980 1197 tenuissimus
1003 1170 1074 1204 (hoc
1092 1176 1144 1205 est,
1158 1180 1205 1206 per
1222 1173 1369 1207 angelicas,
1385 1176 1415 1199 ut.
1443 1172 1550 1207 opinor,
1567 1170 1703 1202 virtutes),
1733 1169 1908 1205 quemadmo-

276 1219 342 1246 dum
358 1224 385 1246 et
399 1225 447 1253 per
461 1216 636 1251 propheticos
670 1221 698 1244 et
732 1217 907 1251 apostolicos,
938 1217 1034 1244 eodem
1056 1219 1185 1252 temporis
1208 1223 1357 1251 momento,
1381 1226 1432 1245 nec
1454 1223 1545 1245 tamen
1570 1218 1598 1245 in
1629 1217 1725 1244 iisdem
1751 1216 1819 1244 locis
1840 1215 1905 1249 (alii

275 1264 348 1291 enim
365 1270 461 1290 eorum
474 1261 537 1288 alibi
561 1260 613 1288 fusi
648 1269 681 1288 ac
697 1263 785 1296 sparsi
819 1262 928 1296 erant),
959 1262 1032 1296 quod
1059 1262 1168 1296 quidem
1191 1263 1332 1298 perspicue
1358 1263 1486 1296 ostendit,
1505 1271 1565 1290 eum
1592 1263 1692 1290 nullius
1709 1261 1761 1290 loci
1793 1262 1910 1290 circum~

276 1309 424 1344 scriptione
435 1307 564 1335 coerceri.

311 1355 394 1392 576
410 1353 494 1380 XXX.
506 1353 558 1387 Qui
574 1353 631 1380 hare
646 1352 752 1385 dicunt,
779 1360 812 1381 ac
840 1359 940 1382 uocent
951 1375 959 1388 ,
987 1359 1069 1390 atque

1157 1355 1196 1381 A’.
1213 1355 1245 1382 Οί
1261 1355 1349 1382 ταῦτα
1370 1355 1497 1390 λέγοντες
1523 1356 1570 1382 καὶ
1585 1355 1766 1386 διοασχοντες.
1782 1354 1830 1381 καὶ
1843 1353 1908 1389 πρός

275 1403 388 1436 insuper
401 1400 570 1427 Paracletum
585 1399 668 1426 alium
690 1399 709 1431 ‘,
729 1399 798 1427 velut
811 1399 894 1427 alium
908 1400 1002 1434 Deum,
1020 1409 1068 1429 no-

1121 1410 1153 1436 γε
1172 1402 1226 1437 (71)
1252 1402 1331 1429 ἄλλον
1347 1402 1541 1438 Παράκλητον,
1556 1399 1611 1428 οἷον
1624 1402 1704 1429 ἄλλον
1715 1401 1793 1432 Θεὸν,
1811 1400 1909 1435 ὀνομάο

275 1450 394 1482 minant,
405 1447 451 1483 qui
467 1446 662 1481 blasphemiam
679 1445 765 1473 solam
781 1446 912 1474 adversus
927 1455 987 1474 eum
1006 1455 1067 1482 pro-

1121 1447 1222 1480 ζοντες,
1239 1449 1264 1475 οἱ
1279 1449 1328 1485 τὴν
1341 1449 1381 1481 εἰς
1394 1449 1476 1476 αὐτὸν
1491 1448 1546 1484 (72)
1560 1448 1734 1484 βλασφημίαν
1746 1447 1830 1483 μόνην
1844 1446 1911 1474 ειδό-

276 1497 358 1524 !atam
377 1493 569 1529 inexpiabilem
584 1492 595 1508 ¹
609 1499 669 1519 esse
684 1492 784 1525 sciunt,
806 1492 852 1527 qui
867 1493 983 1528 denique
997 1494 1069 1521 Ana-

1120 1504 1163 1527 τες
1174 1495 1380 1532 ἀσυγχώρητον,
1394 1496 1418 1522 οἱ
1435 1495 1479 1523 τὸν
1500 1495 1625 1522 ’Δνανίαν
1634 1495 1681 1522 καὶ
1690 1495 1739 1530 τὴν
1753 1495 1910 1529 Σάπφειραν

276 1544 328 1571 nim
340 1547 366 1569 et
381 1541 515 1575 Saphirze,
539 1543 684 1574 postquam
708 1537 821 1573 Spiritui
846 1543 942 1566 sancto
958 1539 1062 1566 mentiti

276 1593 369 1617 essent
398 1587 509 1622 perinde
537 1593 569 1613 ac
598 1585 654 1613 Deo
672 1605 679 1616 .
718 1592 771 1612 non
802 1585 925 1617 homini,
963 1587 1068 1614 mentiti

276 1634 396 1667 essent’,
407 1636 462 1661 tam
474 1632 632 1660 horribilem
647 1631 767 1659 infantiae
781 1636 873 1658 notam
889 1632 1068 1666 inusserunt;

277 1682 343 1718 quid
360 1680 468 1708 tandem
487 1679 535 1706 tibi
552 1678 689 1710 videntur,
706 1678 876 1714 Spiritnmne
896 1678 980 1706 Deum
1000 1687 1070 1714 pra:-

278 1729 383 1761 dicare,
397 1736 431 1754 an
443 1727 516 1754 aliud
528 1726 612 1761 quid?
623 1725 709 1759 Quam
722 1726 808 1753 crassi
817 1733 845 1753 es
859 1726 972 1761 ingenii,
988 1732 1071 1762 alque

277 1783 294 1805 a
310 1775 414 1810 Spiritu
427 1773 523 1809 procul
541 1773 648 1803 remoti.
665 1772 688 1799 si
706 1772 740 1799 de
760 1772 811 1799 hac
838 1780 867 1800 rc
891 1773 1011 1805 dubitas.
1039 1781 1071 1801 ac

277 1822 389 1849 doctore
402 1827 472 1854 opus
485 1819 584 1845 habes!
603 1818 642 1845 Ac
663 1822 703 1844 tot
723 1817 893 1851 nominibus,
915 1823 969 1846 tam
984 1819 1069 1852 vivis,

279 1873 306 1895 et
317 1866 467 1902 eypressis,
486 1865 512 1892 in
529 1864 669 1900 Scriptura
684 1864 803 1898 Spiritus
823 1864 984 1899 appellatur.
1001 1865 1071 1899 Quid

277 1913 349 1941 enim
365 1912 521 1940 testimonia
533 1911 590 1946 ipsa
607 1910 654 1937 libi
680 1910 713 1937 ad
731 1910 843 1937 verbum
861 1911 1009 1945 producere
1029 1916 1071 1938 at-

277 1958 549 1992 tineliQusecunque
565 1961 654 1983 autem
683 1956 728 1984 hic
744 1964 853 1991 quoque
876 1956 1004 1983 humilius
1027 1956 1070 1983 di-

276 2011 386 2038 cuntur,
396 2004 468 2032 velut
479 2003 551 2039 quod
563 2003 642 2029 detur
654 2002 675 2034 ⁸,
692 2002 816 2029 mittatur
826 2002 847 2034 ',
860 2001 1040 2030 distribuatur
1049 2002 1070 2035 ‘,

275 2051 416 2080 charisma
431 2050 513 2078 etiam
530 2049 552 2082 ⁷,
570 2050 671 2076 donum
688 2048 699 2063 ⁸
713 2068 722 2081 ,
741 2047 888 2074 insulllatio
900 2048 922 2079 9,
940 2048 1072 2082 pollicita-

276 2102 317 2129 tio
332 2101 366 2133 ¹⁰,
380 2098 544 2127 intercessio
558 2098 591 2128 “,
613 2105 645 2124 ac
659 2097 681 2124 si
695 2096 759 2130 quid
774 2095 846 2123 aliud
859 2095 1025 2129 hujnsmodi,
1039 2102 1072 2122 ne

274 2147 387 2182 singula
402 2151 629 2175 commemorem,
651 2143 683 2169 ad
701 2142 816 2177 primam
840 2148 950 2168 causam
976 2141 1072 2168 referri

274 2193 388 2224 debent,
403 2197 443 2222 ut.
461 2198 495 2218 ex
527 2197 580 2225 quo
607 2189 652 2222 sit,
682 2188 849 2219 ostendatur,
880 2194 913 2214 ac
938 2195 993 2214 non
1019 2187 1071 2214 tria

1117 1547 1189 1574 οὕτω
1198 1547 1323 1584 φοϐερῶς
1340 1548 1574 1584 στηλιτεύσαντες,
1594 1547 1688 1583 ἐπειδὴ
1711 1547 1860 1583 ἐψεύσαντο
1881 1547 1911 1574 τὸ

1121 1594 1232 1630 Πνεῦμα
1248 1595 1278 1622 τὺ
1295 1596 1381 1629 ἅγιον,
1397 1595 1435 1627 ὠς
1450 1595 1517 1622 Θεὸν
1533 1594 1730 1630 ψευσαμένους,
1743 1595 1793 1621 οὐκ
1808 1594 1911 1630 ἄνθρω-

1121 1657 1182 1675 πον·
1199 1646 1273 1676 οὗτοι
1286 1650 1310 1675 τί
1329 1658 1369 1675 σοι
1385 1648 1503 1680 δοκοῦσι,
1527 1648 1640 1684 πότερον
1663 1648 1728 1674 Θεὸν
1746 1648 1777 1675 τὸ
1800 1648 1911 1684 Πνεῦμα

1121 1695 1269 1730 κηρύσσειν
1286 1695 1352 1730 (75),
1370 1695 1386 1731 ἢ
1400 1695 1463 1723 ἄλλο
1478 1703 1520 1728 τι;
1543 1695 1587 1726 Ὠς
1603 1695 1662 1722 λίαν
1675 1695 1758 1727 ὅντως
1767 1695 1857 1731 παχύς
1870 1704 1911 1727 τις

1121 1739 1156 1774 εἷ,
1172 1742 1219 1768 καὶ
1236 1741 1332 1777 πόρρω
1348 1741 1394 1768 τοῦ
1413 1741 1583 1777 Πνεύματος,
1599 1741 1710 1768 εἰτοῦτο
1729 1742 1852 1778 ἀπορεῖς,
1865 1743 1911 1769 καὶ

1120 1795 1168 1831 δὲῃ
1180 1794 1228 1822 τοῦ
1248 1795 1398 1827 διδάξοντος
1416 1795 1484 1831 (74).
1496 1795 1529 1821 Αἰ
1547 1795 1596 1830 μὲν
1615 1793 1661 1822 οὖν
1676 1795 1798 1831 κλήσεις,
1813 1796 1911 1823 τοσαῦ·

1121 1857 1176 1878 ται,
1201 1848 1248 1875 καὶ
1276 1848 1364 1880 οὕτως
1388 1848 1514 1884 ἕμψυχοι.
1541 1848 1573 1874 Τί
1591 1848 1645 1884 γὰρ
1667 1849 1707 1875 δεῖ
1730 1858 1771 1876 σοι
1801 1849 1851 1882 τὰς
1866 1849 1912 1878 ἐπὶ

1121 1894 1175 1921 τῶν
1197 1894 1252 1929 (75)
1269 1895 1401 1930 ῥημάτων
1410 1894 1563 1930 μαρτυρίας
1575 1895 1774 1930 παρατίθεσθαι
1784 1896 1870 1937 ςᾭσα
1883 1896 1910 1923 δὲ

1121 1947 1260 1974 κάνταῦθα
1277 1947 1384 1982 λέγεται
1400 1948 1592 1984 ταπεινότερον
1610 1948 1640 1974 τὸ
1655 1947 1784 1980 δίδοσθαι,
1797 1948 1828 1975 τὸ
1844 1950 1911 1976 ἀπο-

1123 1993 1290 2025 στέλλεσθαι,
1306 1994 1338 2020 τὸ
1362 1994 1532 2029 μερίζεσθαι,
1549 1995 1580 2021 τὺ
1594 1994 1728 2030 χάρισμα,
1742 1995 1772 2022 τὸ
1784 1995 1910 2032 δώρημα,

1121 2040 1152 2066 τὸ
1166 2040 1330 2076 ἐμφύσημα,
1350 2042 1365 2076 ἡ
1398 2041 1562 2076 ἐπαγγελία,
1589 2041 1828 2078 ήὺπερέντευξις,
1856 2043 1911 2069 εἴτε

1121 2102 1148 2120 τι
1164 2093 1227 2121 ἄλλο
1242 2094 1372 2125 τοιοῦτον,
1387 2094 1432 2121 ἵνα
1449 2094 1485 2130 μὴ
1497 2095 1557 2121 καθ’
1570 2095 1685 2122 ἕκαστον
1703 2096 1758 2131 (76)
1770 2096 1854 2130 λέγω,
1867 2097 1912 2124 ἐπὶ

1122 2141 1170 2176 τὴν
1186 2140 1298 2176 πρώτην
1314 2141 1404 2168 αἰτίαν
1429 2142 1598 2173 ἀνενεκτέον,
1615 2142 1658 2168 ἴνα
1674 2142 1705 2169 τὸ
1719 2143 1748 2176 ἐξ
1761 2139 1791 2170 οὗ
1807 2144 1910 2180 δειχθῇ,

1123 2186 1170 2212 καὶ
1182 2186 1219 2221 μὴ
1236 2187 1311 2221 τρεῖς
1324 2187 1407 2222 ἀρχαὶ
1424 2188 1623 2222 μεμερισμέναι
1637 2187 1774 2220 πολυθέως
1793 2189 1911 2224 παραδε-

274 2238 414 2275 principia
428 2237 526 2268 divisa,
543 2235 709 2271 proindeque
724 2233 816 2268 plures
833 2233 868 2260 dii
882 2232 1068 2259 admittantur.

1122 2232 1224 2267 χθῶσιν
1238 2233 1306 2269 (77).
1327 2234 1397 2260 Ἴσον
1405 2233 1460 2269 γὰρ
1475 2235 1514 2265 εἰς
1537 2233 1675 2264 ἀσέϐειαν.
1696 2235 1743 2261 καὶ
1761 2235 1912 2267 Σαϐελλίως

314 2317 338 2333 ⁸⁸
349 2317 427 2344 “om.
444 2322 504 2346 vni,
518 2313 551 2341 Μ
566 2321 627 2346 sqq.

273 2361 322 2380 ‘lll.
338 2353 364 2379 5.
402 2351 424 2367 ‘°
442 2350 451 2377 l
467 2351 530 2378 Cor.
548 2345 686 2379 11,1οε12.
726 2346 748 2362 ⁹¹
763 2345 842 2372 .luan.
857 2353 897 2376 ιιι,
923 2345 940 2372 8

278 2374 322 2416 '2'."
338 2374 366 2403 ἶῖ
392 2374 453 2414 Ath
471 2374 556 2415 "ta;
572 2374 610 2414 '6.
634 2383 661 2410 ι.
711 2381 733 2396 ’τ
751 2382 810 2408 Act.
826 2387 856 2412 ιι,
873 2374 910 2416 εξ,

280 2431 329 2455 ιιι,
341 2423 386 2452 3i.
424 2422 435 2437 ³
445 2425 506 2448 Act.
522 2427 548 2452 v,
560 2419 581 2455 57
594 2426 654 2455 sqq.

274 2458 291 2474 "
303 2459 381 2486 Joan.
394 2466 440 2489 xx.
458 2456 503 2483 ΕΞ.

316 2538 373 2580 (περ)
387 2534 624 2580 ,Ἐξιῖητεῖξνέθίξίξ
641 2532 694 2580 sic
711 2529 942 2580 tsss-st.‘?°“’-
971 2529 1072 2565 υ¹υτεεο

276 2567 370 2602 ὒοῖςιί
386 2572 411 2603 1,
426 2572 474 2599 0r.
488 2567 514 2602 1,
529 2576 582 2597 etc.
598 2569 624 2595 ln
640 2567 695 2599 ed..
705 2567 894 2603 emineant.

316 2599 373 2647 (67)
405 2599 512 2647 ιὈσιτιιειρζ
530 2605 576 2647 S_ic
590 2604 682 2647 plures
704 2599 800 2638 Βεεςᾲ
821 2601 874 2629 duo
888 2599 984 2633 Coisl.,
996 2599 1071 2632 Par.,

275 2640 390 2674 Comi)...
406 2650 461 2679 etc:
476 2640 504 2668 ιιι
519 2640 574 2679 edn
595 2640 682 2679 ᾧπερ.

316 2679 374 2714 (68)
387 2679 434 2705 Τό.
447 2677 510 2714 Duo
523 2676 617 2709 llegg.,
632 2676 686 2714 et);
753 2697 756 2701 .
823 2707 829 2714 _
864 2707 881 2714 Δ.

326 2707 594 2748 ϋθὶΑῠτεξούσ-ιοὶεζ
617 2718 626 2735 ι
648 2707 738 2741 Liber,
757 2717 766 2734 ι
788 2707 831 2735 vel
845 2707 937 2740 etiam,
960 2716 970 2732 ι
995 2707 1072 2740 cujus

279 2745 649 2782 voluntatinihjlresistit.3
713 2777 726 2782 _
788 2777 797 2782 _

299 2776 376 2848 ἔσο)
411 2776 533 2812 Ταυτόν.
557 2781 605 2809 0r.
633 2779 661 2813 1,
680 2777 769 2805 τοῦτο.
788 2777 816 2805 In
834 2776 981 2810 nonnullis,
1006 2784 1071 2802 ταυ-

280 2828 298 2848 τ

277 2840 376 2918 ζὶτι)
392 2854 469 2889 Πρός
486 2861 529 2889 γε.
559 2851 625 2886 Reg.
651 2858 677 2883 ιι,
704 2847 773 2884 προς
789 2847 841 2875 ἔτι.
857 2846 938 2876 Coisl.
952 2845 978 2879 1,
1004 2845 1073 2881 πρὸς

299 2899 324 2918 τι
334 2898 378 2918 γε.

299 2899 324 2918 τι
334 2898 378 2926 γε.

692 2417 703 2432 ’⁸
719 2416 784 2443 an.
805 2423 842 2446 χι,
863 2415 907 2442 15.
945 2415 955 2431 ¹
973 2414 1052 2442 Joan.
1070 2423 1126 2448 xw,
1153 2417 1179 2444 7.

562 2454 584 2470 ¹⁰
603 2449 663 2480 Gal.
682 2459 726 2483 ιιι,
744 2451 789 2478 11.
828 2451 847 2466 ¹¹
863 2450 942 2477 Rtnn.
960 2458 1018 2482 \'lll,
1032 2449 1077 2477 ‘26.

664 2311 687 2327 "'
703 2311 801 2345 Ephes.
818 2319 839 2340 ι,
857 2309 900 2341 15,
920 2309 963 2336 14.
1000 2309 1070 2336 “Ma

664 2346 675 2363 δ
726 2346 748 2362 ot
769 2345 830 2363 ιηρ...
857 2353 885 2363 η.
924 2345 940 2363 ςι
991 2345 1013 2361 et
1028 2345 1070 2363 ιιε.

1120 2310 1290 2342 .xxvnt,l9.
1328 2310 1536 2342 "an.xt,20.
1574 2311 1668 2340 "Act.
1685 2320 1716 2345 tt,
1735 2312 1761 2339 3.
1801 2313 1910 2341 "Joan.

1120 2353 1186 2363 nun
1217 2345 1250 2363 an
1299 2345 1322 2362 οι
1340 2349 1383 2363 sm
1411 2354 1425 2363 ιο
1460 2347 1493 2363 ιο
1540 2347 1563 2363 ιδ
1584 2347 1628 2363 Am
1660 2355 1708 2363 ν...
1746 2347 1756 2363 ι
1807 2349 1900 2363 ηιμ..

991 2345 1013 2361 ⁹¹
1028 2345 1070 2371 Ps:

948 2379 971 2395 "
987 2380 1052 2414 Sap.
1069 2388 1070 2392 η

1120 2353 1197 2378 cun,
1217 2345 1260 2372 10.
1299 2345 1322 2362 ³⁸
1336 2349 1396 2373 Aet.
1411 2354 1438 2378 κ,
1460 2347 1502 2373 19.
1540 2347 1563 2363 ’⁵
1580 2347 1640 2375 Act.
1660 2355 1720 2379 xm,
1742 2347 1769 2375 4.
1807 2349 1830 2364 ’³
1847 2350 1911 2375 ibid.

1131 2381 1175 2408 2i.
1226 2382 1248 2397 θ’
1265 2381 1273 2407 1
1288 2381 1350 2408 Cor.
1365 2389 1393 2409 II.
1411 2382 1453 2408 10.
1504 2382 1512 2397 ¹
1529 2381 1608 2409 Joan.
1623 2390 1678 2414 xtv,
1695 2383 1739 2410 16.
1789 2385 1800 2399 ³
1816 2383 1910 2410 Matth.

1226 2382 1248 2397 θ’
1265 2381 1273 2407 1
1288 2381 1350 2408 Cor.
1365 2389 1393 2409 II.
1411 2382 1453 2408 10.
1504 2382 1512 2397 ¹
1529 2381 1608 2409 Joan.
1623 2390 1678 2414 xtv,
1695 2383 1739 2410 16.
1789 2385 1800 2399 ³
1816 2383 1910 2410 Matth.

1217 2416 1228 2432 ⁸
1242 2415 1324 2444 Hebr.
1347 2423 1376 2449 ιι,
1389 2417 1416 2443 4.
1454 2417 1485 2443 ⁷1
1501 2416 1562 2444 Cor.
1577 2424 1626 2449 xu,
1638 2418 1682 2445 50.
1721 2419 1732 2434 '
1745 2418 1804 2446 Act.
1822 2427 1853 2452 tt,
1867 2419 1910 2446 58.

1145 2527 1215 2572 ν(72)
1246 2527 1299 2559 Εἰς
1323 2526 1426 2553 αὐτόν.
1455 2525 1538 2554 Coisl.
1569 2526 1584 2553 1
1616 2526 1715 2562 aliique
1743 2527 1845 2562 plures.
1873 2529 1913 2560 εις

1121 2570 1215 2634 “(703)
1249 2597 1435 2632 Κηρύσσειν.
1464 2597 1532 2633 Reg.
1556 2605 1571 2625 a
1598 2603 1626 2626 et
1657 2597 1741 2626 Coisl.
1769 2598 1795 2630 1,
1813 2598 1915 2634 κηρύτ-

1120 2641 1214 2709 τοῖῗιξ)
1234 2667 1423 2709 Δρδᾴξοντος.
1436 2667 1504 2709 Reg.
1522 2667 1618 2704 Cypr.,
1631 2667 1798 2701 δικάζοντος,
1813 2677 1823 2694 ι
1837 2668 1914 2704 quasi

1122 2706 1167 2740 qui
1181 2704 1239 2736 ejus
1252 2704 1321 2736 juris
1334 2711 1444 2730 causam
1465 2704 1608 2738 disceptet.
1620 2713 1629 2730 ι

1160 2739 1216 2772 (75)
1239 2739 1294 2774 Τὰς
1309 2738 1359 2765 ἐπὶ
1374 2737 1444 2774 τῷτί.
1460 2738 1525 2774 Reg.
1539 2739 1635 2774 (ἐγω-η
1646 2739 1695 2771 τὰς
1707 2740 1738 2765 ἐκ
1749 2738 1814 2766 τῶν.

1158 2774 1215 2809 (76)
1245 2773 1295 2809 Μὴ
1331 2773 1396 2800 καθ’
1422 2772 1697 2807 ἕκασξονζῦοιιιιιη
1728 2775 1766 2810 μὴ
1791 2774 1826 2800 τὰ
1854 2772 1915 2801 καθ’

1122 2809 1246 2836 ἕκαστον.

1124 2845 1214 2906 σῃ(77)
1239 2843 1484 2880 Παραδεκθῶσιν.
1509 2845 1575 2881 Reg.
1603 2845 1696 2882 Cypr.,
1726 2843 1917 2881 παραδειχθῶο
