2029 3127
287 157 339 184 175

895 156 924 184 S.
944 155 1108 184 GREGORll
1130 156 1302 184 TIIEOLOGl

1862 163 1913 189 176

285 222 396 251 ruptus;
413 217 484 252 quod
507 221 615 244 rectene
629 215 731 249 judicio
753 222 784 242 ac
806 215 920 247 ratione,
937 224 971 242 au
988 216 1070 242 auuui

1125 216 1205 251 φησὶν
1220 218 1234 243 ὁ
1257 217 1327 248 θεῖος
1349 217 1518 249 ’Λπὸστολος,
1534 218 1580 244 καὶ
1593 218 1707 254 δηλώσει
1726 220 1818 254 σαφῶς
1833 221 1851 255 ἡ
1865 229 1913 256 της

285 263 470 291 malevolentia
483 267 510 290 et
520 262 700 290 contentionis
712 262 801 289 studio
813 261 868 294 fiat,
881 262 970 288 nescio
985 261 1070 288 εοεαε

283 310 330 336 m‘!
347 310 379 341 ¹⁵,
395 308 480 343 inquit
493 308 645 343 Apostolus,
661 308 741 342 idque
756 307 994 335 ret'clationisdies
1010 315 1071 341 pcr-

284 355 375 388 spicue
387 354 543 384 declarabit.
556 354 679 388 ignisque
693 353 736 381 ille
749 358 900 388 postremus
911 353 942 385 “,
954 360 1007 387 quo
1023 361 1070 380 tto-

284 405 338 427 stra
363 400 452 426 omrtia
477 399 671 434 expendentur,
691 404 736 425 aut
760 399 953 434 purgabantur.
980 398 1072 425 Enitar

286 450 386 474 tamen.
401 449 529 478 quantum
551 449 654 478 potero,
670 443 791 477 daboque
812 451 932 477 cperant,
955 451 988 470 ne
1008 451 1071 478 gra-

286 493 349 517 tiam
373 490 499 517 divinitus
517 494 652 523 acceptant
674 496 794 523 premant
822 493 904 523 atque
925 488 1070 521 occultam,

284 543 315 562 ac
337 536 472 562 lucernam
493 534 542 561 sub
563 534 652 561 modio
674 541 770 568 ponam
786 534 818 565 ‘7,
834 535 1019 568 talentumque
1042 534 1067 560 in

284 587 356 608 terra
379 579 511 607 defodiam
527 579 548 595 ¹⁸
572 579 640 614 (llaec
652 579 723 606 enim
745 587 760 606 a
780 579 856 606 vobis
877 587 949 613 srepe
965 579 1064 611 audivi,

1127 262 1323 296 ἀποκαλύψεως
1338 264 1437 298 ἡμέρα,
1452 264 1499 290 καὶ
1512 264 1540 289 τὸ
1553 265 1705 292 τελευταῖον
1716 265 1782 302 πῦρ,
1793 262 1815 300 ᾧ
1827 267 1913 293 πάντα

1128 307 1249 342 κρίνεται
1276 307 1291 343 ἢ
1311 308 1470 343 καθαίρεται
1490 309 1524 334 τὰ
1546 310 1676 345 ἡμέτερα.
1699 309 1869 346 Πειράσομαι
1889 311 1912 338 δ’

1124 353 1198 387 ὅμως
1223 354 1262 385 εἰς
1287 353 1402 388 δύναμιν
1431 355 1467 390 μὴ
1493 356 1696 391 κατακρύπτειν
1723 357 1752 383 τὸ
1777 357 1911 392 χάρισμα,

1127 399 1188 433 μηδ’
1209 399 1261 425 ὑπὸ
1278 399 1323 425 τὸν
1341 400 1431 434 μόδιον
1445 400 1547 427 τιθέναι
1561 402 1605 428 τὸν
1620 402 1725 436 λύχνον,
1744 403 1811 438 μηδὲ
1826 412 1911 429 κατα-

1125 443 1254 478 χωννύειν
1266 444 1296 470 τὸ
1306 445 1435 471 τάλαντον
1449 445 1477 480 (ἃ
1491 445 1620 477 πολλάκις
1634 446 1736 481 ηκουσα
1754 448 1818 482 παρ’
1835 447 1911 482 ὑμῶν

1126 487 1175 522 τὴν
1196 488 1294 522 ἀργίαν
1319 489 1520 521 ὀνειδιζόντων,
1543 491 1590 516 καὶ
1611 491 1840 526 δυσχεραινόντων
1862 493 1910 527 τὴν

1123 534 1228 570 σιωπὴν
1250 534 1328 570 [9]).
1356 535 1423 561 ἀλλὰ
1457 535 1544 570 λόγοις

1120 580 1165 605 καὶ
1182 579 1362 615 συναρμόζειν
1377 580 1416 615 τῷ
1430 581 1580 616 Πνεύματι.

1582 536 1711 572 ἀληθείας
1741 538 1910 566 ἑκπαιόεύειν

284 635 344 654 cum
366 626 431 653 mihi
448 626 623 653 cessationem
642 631 721 660 atque
738 626 867 652 desidiam
889 626 987 659 probro
1007 626 1157 657 vertet-etis,
1174 634 1206 653 ac
1219 627 1354 654 silentium
1386 633 1506 654 nostrum
1534 628 1653 662 graviter
1668 633 1695 655 et
1726 629 1820 664 iniquo
1851 630 1909 656 atti-

284 679 327 698 uto
339 670 466 704 ferretis),
481 678 571 696 verum
584 676 612 697 ut
623 670 876 698 veritatisductrina
887 678 934 698 vos
948 671 1068 698 erudiam
1089 678 1120 697 ac
1136 679 1184 705 per
1195 671 1325 706 Spiritum
1341 673 1489 700 concordes
1506 674 1627 701 reddam.

320 720 352 747 ll.
371 718 446 746 Unde
471 719 552 753 igitur
574 726 621 746 vos
645 719 778 745 instruere
800 719 943 753 incipiam,
967 718 1065 746 fratres

283 766 424 794 meiiAut
436 772 488 799 qua
511 764 631 791 oratione
651 765 777 795 athletas,
800 772 913 799 quorum
937 769 977 792 est
996 772 1066 799 pra:-

283 820 345 840 sens
363 811 419 839 hanc
431 811 584 843 celebritas,
601 810 724 837 ornabo?
743 808 813 842 Quid
832 810 947 844 primum
969 810 1066 842 dicant,

283 863 330 886 aut
348 858 411 894 quid
424 856 585 885 maximum?
601 856 670 889 Quid
687 856 827 883 animabus
839 857 937 883 vestris
953 857 1070 884 maxime

279 903 472 940 profuturum?
493 902 546 929 Aut
569 901 631 936 quid
655 901 717 928 huic
744 901 858 935 tempori
881 901 1068 928 commodissi-

284 948 376 976 mum?
398 947 426 975 Id
446 954 510 974 vero
530 946 580 973 hac
605 947 711 972 domum
729 945 832 972 ratione
857 944 1067 979 perspiciemus.

284 995 417 1028 Quidnam
435 993 460 1020 in
478 997 568 1019 nostra
588 991 708 1018 doctrina
731 991 984 1025 praastautissimum
1009 992 1070 1019 est?

283 1041 348 1068 Pax.
365 1040 467 1066 Addam
488 1038 568 1065 etiam
589 1037 773 1064 utilissimum.
797 1037 906 1069 Contra,
923 1037 986 1071 quid
1004 1041 1070 1063 tur-

283 1087 423 1121 pissimum
436 1092 466 1111 ac
478 1081 755 1118 perniciosissimtnu?
770 1082 918 1109 Discordia.
935 1082 1068 1115 Quoniam

283 1138 373 1161 autem
386 1132 456 1159 hanc
479 1130 654 1166 quzestionem
679 1129 817 1164 proposui,
835 1128 913 1163 eique
927 1129 1067 1163 respondi,

284 1180 355 1215 quod
383 1178 529 1206 secundum
550 1181 602 1207 est,
617 1177 728 1209 insuper
749 1175 916 1202 sciscitabar.
935 1175 1067 1208 Quidnam

284 1226 417 1261 praecipue
435 1224 506 1251 illam
521 1222 638 1254 sustulit,
654 1227 681 1249 et
695 1222 765 1249 hanc
779 1221 899 1248 invexit?
918 1221 962 1253 Ut,
975 1229 1069 1254 quem-

285 1272 428 1299 admodum
438 1270 464 1296 iu
476 1275 618 1304 corporum
632 1267 745 1299 morbis,
758 1267 847 1294 causis
862 1268 936 1302 prius
951 1267 1067 1294 circum-

285 1319 358 1350 cisis,
373 1325 404 1345 ac
417 1315 628 1344 turbulenlarum
641 1313 724 1341 animi
737 1313 935 1348 permotionum
950 1313 1069 1341 fontibus

285 1363 430 1392 obstructis
461 1367 507 1389 aut.
527 1360 681 1391 exsiccatis,
708 1361 744 1386 ita
772 1359 879 1387 demum
907 1359 1069 1394 profluentes

275 1400 349 1438 Illinc
369 1409 471 1437 rivulos
492 1407 656 1441 eﬂ‘ectusque
676 1405 756 1433 simul
776 1411 954 1440 amputemus.
978 1405 1069 1441 Neque

284 1457 356 1483 enim
372 1455 429 1482 lieri
444 1457 540 1489 potest,
557 1457 596 1485 ut,
609 1451 747 1486 principiis
761 1458 814 1478 non
829 1457 903 1478 recte
914 1452 1069 1478 considera-
1083 1471 1105 1500 ε

285 1503 330 1534 tis,
347 1501 492 1536 quidquam
507 1499 540 1526 de
555 1498 607 1525 line
619 1497 748 1532 prmclare
762 1504 968 1531 cognoscamus.
983 1497 1070 1525 Vultis

286 1547 367 1581 igitur
379 1553 426 1573 vos
439 1544 490 1579 ipsi
509 1544 649 1577 utriusque
663 1542 702 1569 rei
720 1549 831 1569 causam
847 1541 968 1576 proferre
981 1550 1013 1569 ac
1024 1543 1070 1570 de-

287 1592 409 1622 clarare?
427 1592 468 1618 Au
495 1590 559 1617 mihi
578 1589 678 1624 potius,
695 1588 791 1616 medici
811 1595 921 1616 munere
938 1588 1071 1623 iungenti,

287 1647 346 1667 eam
372 1636 543 1665 indicandam
567 1641 595 1663 et
619 1635 805 1669 corrigendam
829 1633 1000 1668 relinquitis?
1017 1633 1072 1669 Ego

287 1683 370 1716 enim,
385 1686 413 1710 et
429 1681 508 1717 581
528 1681 616 1708 dicere
629 1685 740 1715 paratus
761 1687 833 1711 sum,
858 1679 881 1707 si
898 1681 934 1707 ita
950 1680 1073 1707 voluntas

286 1733 375 1756 vestra
396 1727 476 1760 ferat,
493 1731 521 1754 et.
534 1726 654 1754 dicentes
677 1726 772 1753 audire
794 1725 923 1761 paratior.
940 1725 992 1753 Sed
1006 1726 1073 1754 nihil

288 1775 392 1809 dubito,
406 1775 470 1809 quin
486 1773 591 1801 dicendi
607 1779 703 1799 ntunus
715 1772 781 1798 mihi
799 1772 972 1805 concedatis;
991 1780 1072 1807 quem

288 1829 341 1849 non
353 1820 461 1847 omnino
475 1818 625 1853 imperitum
641 1822 667 1844 et
678 1817 901 1844 contemnendum
918 1817 1071 1845 morborum

287 1865 440 1902 huiusmodi
455 1864 597 1896 medicum,
608 1867 654 1890 aut
665 1863 690 1890 in
702 1863 828 1890 curandis
839 1863 936 1890 animis
949 1863 1071 1897 ignarum

287 1913 401 1940 fumasse
416 1909 575 1938 existimatis
591 1919 597 1936 :
615 1909 671 1937 sive
685 1908 712 1936 id
728 1914 810 1940 recte,
827 1909 886 1936 sive
901 1916 979 1936 secus
998 1909 1072 1936 arbi-

287 1958 406 1986 tremiui.
419 1958 475 1985 Nec
489 1964 552 1984 vero
569 1955 666 1983 mirutn
686 1955 764 1983 vobis
777 1955 908 1986 videatur,
923 1955 945 1981 si
961 1962 1069 1987 novam,

287 2007 315 2030 et
335 2003 369 2031 ab
393 2002 543 2029 animorum
560 2005 710 2028 vestrorum
732 1999 855 2027 sensibus
872 1998 987 2025 alienam
1005 2006 1068 2026 ora-

1151 718 1188 745 B’.
1205 719 1289 746 Πόθεν
1298 717 1466 755 οὗνᾶρξομαι
1487 721 1660 757 καταρτίςειν
1672 721 1818 757 ὑμᾶς(10),
1834 723 1909 749 ἀδελ-

1120 765 1164 800 φοί
1177 774 1183 797 ;
1198 766 1252 792 Καὶ
1265 766 1319 792 τίσι
1335 766 1422 800 Αὸγοις
1443 768 1551 802 τιμήσω
1574 768 1636 799 τοὺς
1652 767 1770 803 ἀθλητὰς
1786 767 1852 803 (11),
1873 766 1909 795 ὧν

1120 812 1137 846 ἡ
1158 812 1282 846 παροῦσα
1301 812 1472 847 πανήγυρις;
1493 813 1524 838 Τί
1542 813 1651 848 πρῶτον
1671 814 1742 840 εἴπω
1759 814 1825 848 (12),
1850 815 1866 850 ἢ
1884 815 1909 841 τί

1121 857 1265 893 μέγιστον;
1281 858 1313 884 Τί
1330 858 1447 892 μάλιστα
1464 859 1602 894 συμφέρον
1617 861 1677 891 ταῖς
1693 860 1838 894 ὑμετέραις
1854 861 1908 895 (15)

1119 903 1234 938 ψυχαῖς
1267 904 1301 929 Ἦ
1329 904 1355 930 τί
1370 904 1408 939 τῷ
1436 905 1549 940 παρόντι
1571 905 1659 941 καιρῷ
1684 905 1907 940 χρησιμώτατον;

1120 950 1253 985 Γνοίημεν
1276 950 1298 976 δ’
1315 951 1348 977 ἂν
1368 951 1456 977 οὕτων
1481 951 1513 977 Ti
1533 951 1579 977 τοῦ
1602 951 1737 987 ἡμετέρου
1759 953 1815 987 (14)
1830 952 1908 986 λόγου

1119 995 1148 1021 τὸ
1167 995 1325 1027 κάλλιστον;
1348 996 1379 1022 Ἠ
1396 996 1509 1031 εἰρήνη·
1530 996 1676 1031 προσθήσω
1692 996 1725 1028 δ’,
1745 997 1786 1023 ὃτι
1810 997 1857 1023 καὶ
1879 997 1909 1023 τδ

1119 1041 1350 1069 λυσιτελέστατον.
1372 1043 1405 1068 Tt’
1422 1043 1465 1069 δαὶ
1488 1043 1518 1069 τὸ
1535 1044 1674 1078 αἴσχιστον
1690 1043 1738 1069 καὶ
1756 1043 1787 1069 τὸ
1811 1043 1908 1078 βλαϐε-

1120 1087 1258 1122 ρώτατον;
1276 1088 1309 1114 Ἠ
1323 1088 1441 1123 διχόνοια
1456 1088 1522 1124 (l5).
1541 1089 1617 1114 Ἐπεὶ
1631 1089 1659 1115 δὲ
1674 1089 1752 1115 τοῦτο
1767 1088 1908 1124 ἠρώτησα,

1119 1133 1164 1158 καὶ
1189 1133 1392 1168 ἀπεκρινάμην,
1419 1134 1628 1169 προσερήσομαι
1650 1134 1696 1160 καὶ
1718 1134 1748 1160 τὸ
1768 1133 1906 1168 δεύτερον·

1119 1178 1151 1204 Τί
1164 1178 1194 1204 τὸ
1210 1179 1326 1213 μάλιστα
1340 1178 1422 1205 λῦε-αν
1438 1179 1560 1214 εκείνην;
1575 1180 1629 1206 Καὶ
1650 1180 1676 1206 τί
1691 1179 1719 1205 τὴ
1734 1179 1835 1214 ταύτην
1853 1180 1909 1205 εἰσ-

1119 1224 1236 1258 αγαγόν;
1251 1224 1308 1257 ’Ίν’,
1319 1224 1412 1260 ὥσπερ
1429 1227 1457 1251 ὲν
1471 1227 1527 1257 τοῖς
1539 1226 1686 1260 νοσήμασι,
1698 1225 1732 1251 τὰ
1743 1225 1817 1251 αἴτια
1831 1233 1909 1260 περιέ

1120 1270 1264 1304 κόψαντες,
1278 1271 1325 1297 καὶ
1342 1271 1391 1302 τὰς
1403 1271 1493 1306 πηγὰς
1516 1271 1569 1297 τῶν
1595 1271 1689 1298 παθῶν
1709 1271 1908 1306 ἐμφράξαντες,

1119 1315 1135 1350 ἦ
1151 1316 1464 1351 ἀποξηράναντες,οῧτω
1481 1317 1527 1343 καὶ
1544 1316 1578 1343 τὰ
1591 1317 1695 1343 ἐκεῖθεν
1721 1316 1845 1352 ῥεύματα
1863 1316 1911 1342 καὶ

1119 1361 1326 1397 ἀποτελέσματα
1356 1363 1576 1397 συνεκκόψωμεν.
1613 1363 1680 1389 Οὐδὲ
1708 1363 1762 1397 γὰρ
1797 1360 1852 1389 οἷόν
1878 1371 1909 1389 τε

1120 1407 1255 1440 γνῶναίτι
1265 1408 1321 1443 (16)
1335 1409 1399 1444 περὶ
1411 1408 1460 1443 τῆς
1474 1409 1600 1444 τελευτῆς
1613 1409 1712 1440 καλῶς,
1730 1408 1767 1444 μὴ
1783 1409 1846 1444 περὶ
1862 1409 1910 1444 τῆς

1121 1454 1207 1490 ἀρχῆς
1221 1453 1308 1489 ὀρθῶς
1322 1454 1518 1490 σκεψαμένους.
1536 1455 1668 1482 Βούλεσθε
1682 1454 1729 1482 οὖν
1756 1456 1834 1491 ὑμεῖς
1861 1455 1909 1491 τὴν

1122 1499 1212 1526 αἰτίαν
1228 1500 1284 1535 (17)
1301 1501 1388 1527 εἰπεῖν
1404 1501 1451 1526 καὶ
1466 1501 1616 1536 γνωρίσαι;
1634 1502 1669 1528 Ἢ
1690 1501 1750 1537 ἐμοὶ
1768 1501 1808 1536 τῷ
1828 1501 1909 1536 θερα-

1123 1546 1208 1580 πευτῇ
1226 1548 1426 1582 παραχωρεῖτε,
1445 1547 1492 1573 καὶ
1507 1547 1625 1582 δηλῶσαι
1643 1547 1744 1583 ταύτην
1755 1567 1762 1579 ,
1780 1547 1826 1573 καὶ
1840 1547 1910 1582 διορ-

1121 1589 1277 1623 θώσασθαι;
1293 1592 1347 1618 Καὶ
1361 1592 1415 1627 γὰρ
1429 1593 1517 1619 εἰπεῖν
1537 1592 1706 1628 βουλομένων
1721 1593 1830 1628 ἕτοιμος
1841 1614 1848 1625 ,
1864 1593 1911 1619 καὶ

1120 1636 1229 1662 ἀκούειν
1245 1636 1377 1671 λεγόντων
1398 1639 1576 1674 ἑτοιμότερος.
1591 1639 1784 1674 Παραχωρεῖτε
1801 1638 1849 1674 μὲν
1859 1658 1866 1671 ,
1881 1636 1910 1665 εὖ

1119 1680 1167 1708 οἷδ’
1192 1683 1248 1708 ὃτι·
1273 1683 1321 1710 καὶ
1342 1684 1397 1720 γὰρ
1418 1684 1448 1710 οὐ
1473 1684 1592 1718 φαύλους
1620 1685 1729 1720 ἰατροὺς
1748 1686 1824 1720 ἡμᾶς
1857 1685 1910 1711 τῶν

1120 1728 1248 1755 τοιούτων
1265 1728 1329 1760 ἴσως
1344 1729 1550 1764 ὑπολαμϐάνετε
1562 1750 1569 1762 ,
1586 1730 1639 1756 οὐδ’
1655 1730 1723 1766 (ιτ)
1738 1731 1855 1766 ἀμαθεῖς
1867 1731 1911 1757 θε-

1125 1774 1241 1810 ραπείας
1259 1774 1352 1809 ψυχῶν
1363 1784 1369 1791 ·
1387 1777 1441 1802 εἴτε
1457 1774 1503 1803 οὖν
1521 1777 1642 1811 φαύλως,
1660 1777 1716 1803 εἴτε
1732 1777 1820 1813 ὀρθῶς
1833 1777 1911 1804 τοῦτο

1125 1820 1370 1856 ὑπολαμϐάνοντες.
1398 1822 1444 1858 Μὴ
1467 1822 1626 1858 θαυμάσητε
1648 1823 1688 1855 δὲ,
1716 1823 1739 1849 εἰ
1760 1823 1910 1858 παράδοξον

1124 1865 1180 1901 ἐρῶ
1200 1866 1291 1901 λόγον·
1316 1868 1364 1894 καὶ
1387 1868 1441 1904 γάρ
1466 1869 1523 1895 ὲστι
1547 1868 1698 1904 παράδοξος
1724 1869 1788 1904 μὲν,
1810 1869 1910 1904 ἀληθὴς

1124 1911 1163 1943 δὲ,
1181 1911 1218 1942 ὡς
1238 1911 1325 1947 ἔγωγὲ
1346 1922 1427 1949 φημι,
1453 1914 1500 1940 καὶ
1523 1914 1603 1949 ὑμεῖς
1622 1916 1790 1950 συμφήσετε,
1808 1915 1841 1942 ἂν
1855 1915 1909 1949 (18)

1124 1956 1167 1983 διὰ
1184 1957 1276 1989 τέλους
1299 1958 1394 1993 μαθεῖν
1409 1959 1584 1996 ἁναμείνητε,
1601 1961 1668 1987 ἀλλὰ
1692 1961 1740 1996 μὴ,
1756 1961 1770 1988 ὅ
1791 1962 1911 1996 ἐγκαλῶ.

1126 2003 1241 2038 πάθητε,
1251 2005 1298 2030 καὶ
1310 2005 1526 2041 προεξαναστῆτε
1540 2005 1587 2032 τοῦ
1600 2006 1679 2041 λόγου
1691 2006 1735 2033 διὰ
1746 2006 1909 2043 θερμότητα.

289 2051 389 2078 tionem
409 2049 532 2076 attulero.
556 2048 714 2082 Quanquam
729 2047 802 2074 enim
817 2047 850 2074 ab
865 2046 1066 2080 exspectatione
1085 2052 1112 2075 et.
1123 2050 1249 2084 opiuimte
1263 2057 1362 2086 vestra,
1377 2060 1429 2079 nou
1441 2058 1532 2080 tamen
1562 2061 1577 2080 a
1606 2054 1721 2081 veritate
1736 2054 1909 2089 discrepabit,

288 2103 317 2124 ut
336 2097 442 2132 quidem
462 2097 518 2130 ipse
534 2095 648 2127 aliirmo,
662 2102 694 2122 ac
713 2101 760 2122 vos
782 2093 977 2126 asseutiemini,
993 2093 1016 2120 si
1033 2095 1066 2121 ad
1085 2101 1234 2125 extremum
1251 2107 1335 2134 usque
1348 2100 1441 2127 audire
1455 2101 1649 2134 sustinueritis,
1662 2109 1693 2129 ac
1721 2109 1774 2130 non
1808 2103 1910 2137 ipsum,

288 2146 360 2180 quod
370 2144 477 2178 objicio,
489 2143 563 2170 vobis
578 2150 627 2170 usu
641 2142 739 2174 veniat,
773 2142 901 2170 nimirum
930 2147 960 2170 ut
989 2150 1045 2178 pra:
1061 2145 1212 2172 animorum
1233 2146 1350 2180 fervore,
1368 2153 1514 2183 antequam
1533 2149 1567 2177 ad
1583 2149 1683 2177 calcem
1697 2150 1785 2177 oratio
1814 2157 1911 2185 perve-

288 2193 371 2225 nerit,
384 2192 543 2226 exsurgatis.

323 2239 367 2266 Ill.
383 2238 492 2274 lugenia
508 2245 605 2273 magna
620 2242 648 2265 et
659 2236 787 2264 ferventia
802 2236 932 2264 tnntultus
945 2237 1024 2271 istos,
1043 2237 1069 2265 in

1157 2238 1194 2265 I".
1214 2238 1310 2269 Φύσεις
1326 2238 1425 2275 θερμαὶ
1441 2241 1488 2267 καὶ
1507 2241 1632 2276 μεγάλαι,
1645 2241 1694 2276 τῆς
1710 2243 1833 2277 ταραχῆς
1847 2240 1912 2267 ταύ⁸

288 2288 387 2324 quibus
405 2294 553 2318 versamur,
569 2286 735 2316 excitarunt,
751 2291 804 2310 nou
822 2282 865 2310 illa
880 2283 988 2318 quidem
1003 2285 1071 2312 sim-

287 2333 394 2368 pliciter
407 2339 504 2366 magna
520 2334 547 2358 et
563 2329 693 2357 ferventia
710 2329 770 2364 (nec
785 2327 855 2355 enim
870 2328 889 2355 ii
901 2335 1012 2363 sumus,
1025 2329 1071 2364 qui

288 2380 439 2406 animorum
457 2375 632 2404 acrimoniam
650 2375 677 2401 in
692 2374 757 2402 vitio
772 2381 904 2409 ponamus
915 2394 923 2407 ,
943 2374 1001 2402 sine
1016 2382 1069 2410 qua

288 2432 369 2452 nemo
384 2429 511 2458 magnum
525 2421 631 2456 aliqttod
646 2419 754 2456 pietatis
769 2424 816 2447 aut
831 2419 990 2455 cujusquam
1004 2421 1072 2448 alius

325 2484 346 2500 “
362 2483 383 2510 ll
394 2482 458 2509 Cor.
476 2489 524 2513 xtt,
538 2480 567 2507 ‘2.
605 2479 627 2495 “
642 2480 652 2506 1
667 2478 730 2506 Cor.
747 2486 785 2510 tu,
802 2478 845 2506 15.

311 2562 361 2607 ,(9)
384 2561 444 2596 Τὴν
468 2559 594 2593 σιωπήν.
623 2556 705 2585 Coisl.
732 2557 760 2588 1,
783 2561 810 2583 et
831 2555 937 2589 Comb.,
953 2556 986 2591 τῇ
1005 2564 1069 2583 σιω-

289 2607 380 2668 πῃ(ιο)
405 2630 502 2666 Ὑμᾱς.
532 2629 578 2657 sic
604 2629 656 2656 duo
680 2627 765 2662 Regg.
783 2630 810 2654 et
833 2625 879 2654 0r.
906 2627 932 2653 t.
963 2625 991 2654 In
1019 2629 1074 2660 ed.,

300 2677 382 2738 mai.)
398 2700 562 2738 _’A0.1qzdg.
583 2709 592 2726 ι
607 2699 750 2736 Martyres,
768 2710 778 2726 ι
792 2708 904 2734 quorum
917 2699 977 2729 dies
993 2701 1075 2730 festus

289 2736 476 2765 celebrabatur
494 2743 590 2770 magno
606 2737 762 2770 populorum
777 2743 920 2763 concursu.

340 2773 380 2806 12)
397 2771 487 2798 Εἴπω.
505 2771 551 2798 0r.
567 2771 699 2806 Lysimbv.

340 2773 380 2806 12)
397 2773 487 2798 Εῖπω.
505 2773 551 2798 0r.
567 2773 592 2803 1,
606 2773 699 2799 εἰπών.

325 2773 380 2844 in?)
406 2806 577 2844 Ὺμετξραίς.
589 2805 636 2844 Qr.
654 2808 681 2839 ‘I,
698 2806 854 2842 ἡμετέραις.

326 2808 370 2844 (15
406 2808 577 2841 Ὺμετέραις.
589 2808 636 2833 0r.
654 2808 681 2839 ‘I,
698 2808 854 2842 ἡμετέραις.

326 2808 380 2878 (IL;
403 2843 432 2869 Ti
451 2843 504 2869 τοῦ
519 2841 672 2876 ἡμετέρου,
689 2849 742 2868 ειν.
762 2851 771 2867 ι
793 2842 862 2875 Quid
881 2840 907 2867 in
919 2843 1071 2871 Christiana

290 2877 457 2914 professione
475 2877 783 2913 pulcherruuumH’ax.
802 2888 810 2903 ι

891 2479 911 2494 ⁸⁷
926 2478 1021 2506 Matth.
1043 2487 1067 2512 v,
1084 2479 1127 2507 15.

1124 2293 1175 2321 της
1190 2285 1276 2312 αἴτιον
1289 2285 1362 2322 (19)·
1378 2286 1469 2322 οὕτιγε
1486 2288 1579 2320 ἁπλῶς
1595 2288 1721 2323 διάπυροι
1734 2288 1782 2315 καὶ
1795 2288 1913 2323 μεγάλαι

1126 2330 1232 2367 (μήπω
1256 2331 1311 2367 γὰρ
1335 2333 1574 2368 καταγινώσκομεν
1596 2334 1647 2370 τῆς
1674 2334 1856 2370 θερμότητος,
1879 2331 1912 2369 ἧς

1120 2375 1182 2412 δίχα
1197 2377 1268 2412 μέγα
1282 2386 1309 2404 τι
1322 2379 1527 2415 κατορθωθῆναι
1546 2380 1614 2416 πρὸς
1628 2380 1767 2407 εὐσέϐειαν
1781 2380 1798 2416 ἢ
1813 2380 1913 2417 ἀρετὴν

1120 2422 1204 2458 ἄλλην
1221 2423 1363 2459 ἀμήχανον
1373 2425 1396 2460 ),
1417 2424 1485 2452 ἀλλὰ
1505 2427 1627 2459 γενναῖαι
1650 2426 1698 2453 σὺν
1724 2426 1839 2461 ἀλογίᾳ,
1867 2427 1913 2453 καὶ

1168 2480 1190 2497 ’⁸
1208 2481 1304 2508 Matth.
1321 2490 1383 2516 xxv,
1400 2483 1443 2510 18.

1160 2558 1216 2596 (l5)
1234 2559 1380 2596 ΔιχόνοΙα.
1393 2559 1465 2593 ΒῙΙΙ.,
1487 2570 1496 2586 ι
1513 2561 1682 2588 Voluntatum
1696 2562 1850 2596 disjunctio.
1865 2572 1877 2590 ι

1159 2594 1216 2630 (16)
1240 2595 1279 2621 Τί.
1298 2595 1361 2621 Dest
1374 2596 1400 2622 iu
1417 2596 1521 2623 duobus
1537 2597 1620 2630 κοπῇ.
1634 2601 1661 2623 et
1676 2597 1722 2625 0r.
1735 2594 1762 2625 ἰ.

1159 2629 1216 2663 (17)
1235 2630 1347 2658 Αἱτίαν.
1369 2639 1378 2655 ι
1400 2630 1545 2665 Utriusque
1573 2633 1611 2659 rei
1633 2640 1753 2663 causam,
1781 2642 1791 2658 ›
1811 2633 1837 2660 id
1861 2639 1913 2665 est,

1128 2666 1228 2704 opacis
1242 2665 1347 2696 ablataz,
1364 2671 1390 2692 et
1407 2666 1547 2692 discardim
1560 2667 1687 2704 i_t_id_uct:e.
1705 2677 1715 2693 υ
1733 2667 1800 2694 Nam
1813 2669 1913 2704 Gri-go-

1126 2700 1182 2726 rius
1204 2700 1246 2726 ltic
1270 2707 1414 2735 utrumque
1436 2703 1542 2735 qua-rit.
1561 2701 1655 2729 Billius
1676 2711 1683 2729 :
1703 2712 1712 2728 1
1732 2700 1915 2731 contentionis

1129 2734 1241 2766 hujusr-e
1252 2734 1377 2762 causam.
1392 2745 1401 2761 ι

1164 2769 1229 2806 (17⁸)
1252 2770 1334 2806 οὐδ’,
1347 2772 1392 2797 0r.
1408 2771 1433 2803 l,
1449 2770 1518 2797 οὐδέ.
1533 2771 1563 2799 In
1580 2771 1750 2806 quibusdam,
1771 2772 1843 2800 οὔτε.

1163 2805 1219 2840 (18)
1241 2805 1306 2832 Ἂν.
1319 2804 1384 2838 Reg.
1399 2806 1425 2838 1),
1442 2807 1489 2832 ἐάν

1162 2840 1217 2875 (19)
1236 2841 1346 2867 Αἴτιον.
1361 2841 1417 2867 Duo
1431 2841 1513 2876 llegg.
1526 2846 1553 2868 et.
1569 2841 1615 2870 0r.
1634 2843 1660 2874 l,
1676 2842 1706 2869 τὸ
1723 2843 1818 2874 αἴτιον,
1835 2852 1845 2869 ι
1866 2844 1914 2871 hu-

1124 2873 1171 2910 jus
1182 2873 1392 2910 perturbationis
1406 2873 1502 2904 causa:
1520 2886 1530 2902 ι
