  <div class='ocr_page' id='page_1' title='image "/cluster/home/n/w/nwhite01/storage/ocr_20150623/36/njp.32101013202633/100.png"; bbox 0 0 2029 3127; ppageno 0'>
   <div class='ocr_carea' id='block_1_1' title="bbox 122 173 173 201">
    <p class='ocr_par' dir='ltr' id='par_1_1' title="bbox 122 173 173 201">
     <span class='ocr_line' id='line_1_1' title="bbox 122 173 173 201; baseline 0 -1"><span class='ocrx_word' id='word_1_1' title='bbox 122 173 173 201; x_wconf 83' lang='lat' dir='ltr'><strong>I77</strong></span> 
     </span>
    </p>
   </div>
   <div class='ocr_carea' id='block_1_2' title="bbox 460 172 1416 202">
    <p class='ocr_par' dir='ltr' id='par_1_2' title="bbox 460 172 1416 202">
     <span class='ocr_line' id='line_1_2' title="bbox 460 172 1416 202; baseline 0 -2"><span class='ocrx_word' id='word_1_2' title='bbox 460 172 593 200; x_wconf 72' lang='lat' dir='ltr'><strong>ORATIO</strong></span> <span class='ocrx_word' id='word_1_3' title='bbox 613 172 720 201; x_wconf 74' lang='lat' dir='ltr'><strong>XXXII.</strong></span> <span class='ocrx_word' id='word_1_4' title='bbox 741 189 776 194; x_wconf 95' lang='lat'>—</span> <span class='ocrx_word' id='word_1_5' title='bbox 796 173 840 200; x_wconf 82' lang='lat' dir='ltr'><strong>DE</strong></span> <span class='ocrx_word' id='word_1_6' title='bbox 859 172 1114 201; x_wconf 79' lang='lat' dir='ltr'><strong>MODERATIONE</strong></span> <span class='ocrx_word' id='word_1_7' title='bbox 1133 173 1167 200; x_wconf 81' lang='lat' dir='ltr'><strong>IN</strong></span> <span class='ocrx_word' id='word_1_8' title='bbox 1188 172 1416 202; x_wconf 79' lang='lat' dir='ltr'><strong>DISPUTANDO.</strong></span> 
     </span>
    </p>
   </div>
   <div class='ocr_carea' id='block_1_3' title="bbox 1707 172 1759 200">
    <p class='ocr_par' dir='ltr' id='par_1_3' title="bbox 1707 172 1759 200">
     <span class='ocr_line' id='line_1_3' title="bbox 1707 172 1759 200; baseline 0.038 -2"><span class='ocrx_word' id='word_1_9' title='bbox 1707 172 1759 200; x_wconf 75' lang='grc' dir='ltr'><strong>ΠΒ</strong></span> 
     </span>
    </p>
   </div>
   <div class='ocr_carea' id='block_1_4' title="bbox 121 230 932 268">
    <p class='ocr_par' dir='ltr' id='par_1_4' title="bbox 121 230 920 268">
     <span class='ocr_line' id='line_1_4' title="bbox 121 230 920 268; baseline 0.003 -11"><span class='ocrx_word' id='word_1_10' title='bbox 121 231 237 266; x_wconf 74' lang='grc' dir='ltr'>ἀμαθίᾳ,</span> <span class='ocrx_word' id='word_1_11' title='bbox 253 231 310 262; x_wconf 80' lang='grc' dir='ltr'>καὶ,</span> <span class='ocrx_word' id='word_1_12' title='bbox 325 230 365 266; x_wconf 91' lang='grc' dir='ltr'>τῷ</span> <span class='ocrx_word' id='word_1_13' title='bbox 380 231 483 267; x_wconf 80' lang='grc' dir='ltr'><strong>ταύτης</strong></span> <span class='ocrx_word' id='word_1_14' title='bbox 499 232 604 267; x_wconf 79' lang='grc' dir='ltr'><strong>ἐκγόνῳ</strong></span> <span class='ocrx_word' id='word_1_15' title='bbox 620 232 708 268; x_wconf 80' lang='grc' dir='ltr'>κακῷ,</span> <span class='ocrx_word' id='word_1_16' title='bbox 724 232 837 268; x_wconf 81' lang='grc' dir='ltr'>θράσει”</span> <span class='ocrx_word' id='word_1_17' title='bbox 857 232 920 268; x_wconf 84' lang='grc' dir='ltr'>θρά-</span> 
     </span>
    </p>
   </div>
   <div class='ocr_carea' id='block_1_5' title="bbox 984 230 1762 268">
    <p class='ocr_par' dir='ltr' id='par_1_5' title="bbox 984 231 1762 267">
     <span class='ocr_line' id='line_1_5' title="bbox 984 231 1762 267; baseline -0.001 -7"><span class='ocrx_word' id='word_1_18' title='bbox 984 233 1082 260; x_wconf 66' lang='grc' dir='ltr'><strong>νὶτῑυιὶε</strong></span> <span class='ocrx_word' id='word_1_19' title='bbox 1097 240 1198 260; x_wconf 85' lang='lat' dir='ltr'><strong>munus</strong></span> <span class='ocrx_word' id='word_1_20' title='bbox 1213 231 1326 266; x_wconf 78' lang='lat' dir='ltr'><strong>exsequi</strong></span> <span class='ocrx_word' id='word_1_21' title='bbox 1343 232 1460 266; x_wconf 85' lang='lat' dir='ltr'><strong>potest);</strong></span> <span class='ocrx_word' id='word_1_22' title='bbox 1483 232 1530 260; x_wconf 93' lang='lat' dir='ltr'><strong>sed</strong></span> <span class='ocrx_word' id='word_1_23' title='bbox 1549 239 1609 267; x_wconf 78' lang='lat' dir='ltr'><strong>qua:</strong></span> <span class='ocrx_word' id='word_1_24' title='bbox 1626 239 1686 258; x_wconf 90' lang='lat' dir='ltr'><strong>cum</strong></span> <span class='ocrx_word' id='word_1_25' title='bbox 1711 239 1762 266; x_wconf 79' lang='lat' dir='ltr'><strong>ge-</strong></span> 
     </span>
    </p>
   </div>
   <div class='ocr_carea' id='block_1_6' title="bbox 123 276 917 315">
    <p class='ocr_par' dir='ltr' id='par_1_6' title="bbox 123 276 917 315">
     <span class='ocr_line' id='line_1_6' title="bbox 123 276 917 315; baseline 0.003 -11"><span class='ocrx_word' id='word_1_26' title='bbox 123 286 169 309; x_wconf 79' lang='grc' dir='ltr'><strong>σος</strong></span> <span class='ocrx_word' id='word_1_27' title='bbox 185 276 309 314; x_wconf 66' lang='grc' dir='ltr'>γὰρ’(ἓο)</span> <span class='ocrx_word' id='word_1_28' title='bbox 325 278 446 314; x_wconf 81' lang='grc' dir='ltr'><strong>ἀμαθίας</strong></span> <span class='ocrx_word' id='word_1_29' title='bbox 460 278 581 313; x_wconf 75' lang='grc' dir='ltr'><strong>ἔκγονον.</strong></span> <span class='ocrx_word' id='word_1_30' title='bbox 598 280 631 306; x_wconf 82' lang='grc' dir='ltr'><strong>Αἱ</strong></span> <span class='ocrx_word' id='word_1_31' title='bbox 648 279 698 314; x_wconf 80' lang='grc' dir='ltr'>μὲν</span> <span class='ocrx_word' id='word_1_32' title='bbox 714 280 768 315; x_wconf 82' lang='grc' dir='ltr'>γὰρ</span> <span class='ocrx_word' id='word_1_33' title='bbox 783 279 917 311; x_wconf 84' lang='grc' dir='ltr'>ἀσθενεῖς,</span> 
     </span>
    </p>
   </div>
   <div class='ocr_carea' id='block_1_7' title="bbox 122 323 917 360">
    <p class='ocr_par' dir='ltr' id='par_1_7' title="bbox 122 323 917 360">
     <span class='ocr_line' id='line_1_7' title="bbox 122 323 917 360; baseline 0.001 -10"><span class='ocrx_word' id='word_1_34' title='bbox 122 324 169 350; x_wconf 83' lang='grc' dir='ltr'>καί</span> <span class='ocrx_word' id='word_1_35' title='bbox 185 323 254 359; x_wconf 76' lang='grc' dir='ltr'>πρὸς</span> <span class='ocrx_word' id='word_1_36' title='bbox 266 323 367 360; x_wconf 80' lang='grc' dir='ltr'>ἀρετὴν</span> <span class='ocrx_word' id='word_1_37' title='bbox 380 324 427 351; x_wconf 77' lang='grc' dir='ltr'><strong>καὶ</strong></span> <span class='ocrx_word' id='word_1_38' title='bbox 442 324 510 359; x_wconf 84' lang='grc' dir='ltr'>πρὸς</span> <span class='ocrx_word' id='word_1_39' title='bbox 524 325 623 352; x_wconf 84' lang='grc' dir='ltr'>κακίαν</span> <span class='ocrx_word' id='word_1_40' title='bbox 638 325 739 360; x_wconf 83' lang='grc' dir='ltr'>ὁμοίως</span> <span class='ocrx_word' id='word_1_41' title='bbox 755 325 847 355; x_wconf 58' lang='grc' dir='ltr'>νωθεῖς</span> <span class='ocrx_word' id='word_1_42' title='bbox 861 325 917 359; x_wconf 64' lang='lat' dir='ltr'><strong>(Si)</strong></span> 
     </span>
    </p>
   </div>
   <div class='ocr_carea' id='block_1_8' title="bbox 122 368 918 407">
    <p class='ocr_par' dir='ltr' id='par_1_8' title="bbox 122 368 918 407">
     <span class='ocr_line' id='line_1_8' title="bbox 122 368 918 407; baseline 0.001 -11"><span class='ocrx_word' id='word_1_43' title='bbox 122 370 170 396; x_wconf 69' lang='grc' dir='ltr'>καὶ</span> <span class='ocrx_word' id='word_1_44' title='bbox 185 369 362 406; x_wconf 86' lang='grc' dir='ltr'>δυσκίνητοι,</span> <span class='ocrx_word' id='word_1_45' title='bbox 376 370 423 397; x_wconf 74' lang='grc' dir='ltr'>καὶ</span> <span class='ocrx_word' id='word_1_46' title='bbox 438 371 493 397; x_wconf 83' lang='grc' dir='ltr'>οὐδ’</span> <span class='ocrx_word' id='word_1_47' title='bbox 507 371 624 407; x_wconf 76' lang='grc' dir='ltr'>ἑτέρωσε</span> <span class='ocrx_word' id='word_1_48' title='bbox 640 371 712 406; x_wconf 83' lang='grc' dir='ltr'><strong>μέγα</strong></span> <span class='ocrx_word' id='word_1_49' title='bbox 728 371 861 402; x_wconf 81' lang='grc' dir='ltr'><strong>νεύουσαι,</strong></span> <span class='ocrx_word' id='word_1_50' title='bbox 876 368 918 398; x_wconf 75' lang='grc' dir='ltr'>οἵα</span> 
     </span>
    </p>
   </div>
   <div class='ocr_carea' id='block_1_9' title="bbox 122 415 917 452">
    <p class='ocr_par' dir='ltr' id='par_1_9' title="bbox 122 415 917 452">
     <span class='ocr_line' id='line_1_9' title="bbox 122 415 917 452; baseline 0.003 -10"><span class='ocrx_word' id='word_1_51' title='bbox 122 415 157 442; x_wconf 80' lang='grc' dir='ltr'><strong>τὰ</strong></span> <span class='ocrx_word' id='word_1_52' title='bbox 173 416 228 442; x_wconf 84' lang='grc' dir='ltr'>τῶν</span> <span class='ocrx_word' id='word_1_53' title='bbox 250 416 414 452; x_wconf 76' lang='grc' dir='ltr'>ναρκώντων</span> <span class='ocrx_word' id='word_1_54' title='bbox 427 417 576 452; x_wconf 87' lang='grc' dir='ltr'>κινήματα.</span> <span class='ocrx_word' id='word_1_55' title='bbox 595 417 627 443; x_wconf 78' lang='grc' dir='ltr'><strong>Αἱ</strong></span> <span class='ocrx_word' id='word_1_56' title='bbox 641 419 762 452; x_wconf 81' lang='grc' dir='ltr'>γενναῖαι</span> <span class='ocrx_word' id='word_1_57' title='bbox 781 417 824 450; x_wconf 82' lang='grc' dir='ltr'>δὲ,</span> <span class='ocrx_word' id='word_1_58' title='bbox 839 417 917 451; x_wconf 83' lang='grc' dir='ltr'>λόγου</span> 
     </span>
    </p>
   </div>
   <div class='ocr_carea' id='block_1_10' title="bbox 125 462 918 499">
    <p class='ocr_par' dir='ltr' id='par_1_10' title="bbox 125 462 918 499">
     <span class='ocr_line' id='line_1_10' title="bbox 125 462 918 499; baseline 0.003 -11"><span class='ocrx_word' id='word_1_59' title='bbox 125 462 175 497; x_wconf 83' lang='grc' dir='ltr'>μὲν</span> <span class='ocrx_word' id='word_1_60' title='bbox 191 463 278 494; x_wconf 80' lang='grc' dir='ltr'>αὑτὰς</span> <span class='ocrx_word' id='word_1_61' title='bbox 292 463 530 498; x_wconf 82' lang='grc' dir='ltr'>παιδαγωγοῦντος</span> <span class='ocrx_word' id='word_1_62' title='bbox 552 464 599 490; x_wconf 81' lang='grc' dir='ltr'>καὶ.</span> <span class='ocrx_word' id='word_1_63' title='bbox 622 463 826 495; x_wconf 81' lang='grc' dir='ltr'>διευθύνοντος,</span> <span class='ocrx_word' id='word_1_64' title='bbox 848 464 918 499; x_wconf 81' lang='grc' dir='ltr'>μέγα</span> 
     </span>
    </p>
   </div>
   <div class='ocr_carea' id='block_1_11' title="bbox 124 509 922 546">
    <p class='ocr_par' dir='ltr' id='par_1_11' title="bbox 124 509 922 546">
     <span class='ocr_line' id='line_1_11' title="bbox 124 509 922 546; baseline 0 -10"><span class='ocrx_word' id='word_1_65' title='bbox 124 517 150 535; x_wconf 82' lang='grc' dir='ltr'><strong>τι</strong></span> <span class='ocrx_word' id='word_1_66' title='bbox 167 509 264 544; x_wconf 84' lang='grc' dir='ltr'>χρῆμα</span> <span class='ocrx_word' id='word_1_67' title='bbox 288 510 358 545; x_wconf 85' lang='grc' dir='ltr'>πρὸς</span> <span class='ocrx_word' id='word_1_68' title='bbox 373 510 491 546; x_wconf 79' lang='grc' dir='ltr'>ἀρετήν’</span> <span class='ocrx_word' id='word_1_69' title='bbox 509 510 704 546; x_wconf 81' lang='grc' dir='ltr'><strong>ἐπιλειπούσης</strong></span> <span class='ocrx_word' id='word_1_70' title='bbox 720 510 748 536; x_wconf 81' lang='grc' dir='ltr'>δὲ</span> <span class='ocrx_word' id='word_1_71' title='bbox 766 511 922 545; x_wconf 83' lang='grc' dir='ltr'>ἐπιστήμης</span> 
     </span>
    </p>
   </div>
   <div class='ocr_carea' id='block_1_12' title="bbox 125 554 924 592">
    <p class='ocr_par' dir='ltr' id='par_1_12' title="bbox 125 554 924 592">
     <span class='ocr_line' id='line_1_12' title="bbox 125 554 924 592; baseline 0.001 -11"><span class='ocrx_word' id='word_1_72' title='bbox 125 555 172 581; x_wconf 78' lang='grc' dir='ltr'>καὶ</span> <span class='ocrx_word' id='word_1_73' title='bbox 185 554 277 589; x_wconf 80' lang='grc' dir='ltr'>λόγου,</span> <span class='ocrx_word' id='word_1_74' title='bbox 291 556 322 581; x_wconf 82' lang='grc' dir='ltr'>τὸ</span> <span class='ocrx_word' id='word_1_75' title='bbox 333 556 390 582; x_wconf 80' lang='grc' dir='ltr'>ἴσον</span> <span class='ocrx_word' id='word_1_76' title='bbox 406 556 447 587; x_wconf 84' lang='grc' dir='ltr'><strong>είς</strong></span> <span class='ocrx_word' id='word_1_77' title='bbox 462 557 560 583; x_wconf 79' lang='grc' dir='ltr'>κακίαν</span> <span class='ocrx_word' id='word_1_78' title='bbox 575 556 758 592; x_wconf 83' lang='grc' dir='ltr'>εὑρίσκονται.</span> <span class='ocrx_word' id='word_1_79' title='bbox 782 555 859 582; x_wconf 73' lang='grc' dir='ltr'>Ἐπεὶ</span> <span class='ocrx_word' id='word_1_80' title='bbox 876 555 924 582; x_wconf 75' lang='grc' dir='ltr'>καὶ</span> 
     </span>
    </p>
   </div>
   <div class='ocr_carea' id='block_1_13' title="bbox 126 600 923 637">
    <p class='ocr_par' dir='ltr' id='par_1_13' title="bbox 126 600 923 637">
     <span class='ocr_line' id='line_1_13' title="bbox 126 600 923 637; baseline 0.001 -11"><span class='ocrx_word' id='word_1_81' title='bbox 126 600 210 626; x_wconf 82' lang='grc' dir='ltr'>ἵππον</span> <span class='ocrx_word' id='word_1_82' title='bbox 227 600 356 636; x_wconf 79' lang='grc' dir='ltr'><strong>θυμοειδῆ</strong></span> <span class='ocrx_word' id='word_1_83' title='bbox 374 601 424 636; x_wconf 76' lang='grc' dir='ltr'>μὲν</span> <span class='ocrx_word' id='word_1_84' title='bbox 441 600 512 628; x_wconf 70' lang='grc' dir='ltr'>εἶναι</span> <span class='ocrx_word' id='word_1_85' title='bbox 525 601 578 637; x_wconf 85' lang='grc' dir='ltr'>χρὴ</span> <span class='ocrx_word' id='word_1_86' title='bbox 593 601 641 628; x_wconf 73' lang='grc' dir='ltr'><strong>καὶ</strong></span> <span class='ocrx_word' id='word_1_87' title='bbox 655 602 788 636; x_wconf 81' lang='grc' dir='ltr'>γενναῖον,</span> <span class='ocrx_word' id='word_1_88' title='bbox 803 601 848 628; x_wconf 80' lang='grc' dir='ltr'>τὸν</span> <span class='ocrx_word' id='word_1_89' title='bbox 864 601 923 627; x_wconf 83' lang='grc' dir='ltr'><strong>ὲσό-</strong></span> 
     </span>
    </p>
   </div>
   <div class='ocr_carea' id='block_1_14' title="bbox 129 645 923 682">
    <p class='ocr_par' dir='ltr' id='par_1_14' title="bbox 129 645 923 682">
     <span class='ocr_line' id='line_1_14' title="bbox 129 645 923 682; baseline 0.003 -11"><span class='ocrx_word' id='word_1_90' title='bbox 129 653 209 680; x_wconf 81' lang='grc' dir='ltr'>μενον</span> <span class='ocrx_word' id='word_1_91' title='bbox 222 646 380 682; x_wconf 79' lang='grc' dir='ltr'>νικηφόρον,</span> <span class='ocrx_word' id='word_1_92' title='bbox 395 646 450 672; x_wconf 81' lang='grc' dir='ltr'>εἴτε</span> <span class='ocrx_word' id='word_1_93' title='bbox 464 646 675 682; x_wconf 82' lang='grc' dir='ltr'>πολεμιστήριον</span> <span class='ocrx_word' id='word_1_94' title='bbox 687 645 756 682; x_wconf 73' lang='lat'><strong>(2‘2),</strong></span> <span class='ocrx_word' id='word_1_95' title='bbox 774 646 829 672; x_wconf 82' lang='grc' dir='ltr'>εἴτε</span> <span class='ocrx_word' id='word_1_96' title='bbox 843 646 923 682; x_wconf 81' lang='grc' dir='ltr'>ἁμιλ-</span> 
     </span>
    </p>
   </div>
   <div class='ocr_carea' id='block_1_15' title="bbox 127 691 923 729">
    <p class='ocr_par' dir='ltr' id='par_1_15' title="bbox 127 691 923 729">
     <span class='ocr_line' id='line_1_15' title="bbox 127 691 923 729; baseline 0.001 -11"><span class='ocrx_word' id='word_1_97' title='bbox 127 691 272 727; x_wconf 75' lang='grc' dir='ltr'>λητήριονο</span> <span class='ocrx_word' id='word_1_98' title='bbox 290 693 332 728; x_wconf 78' lang='grc' dir='ltr'>εἴη</span> <span class='ocrx_word' id='word_1_99' title='bbox 348 693 371 719; x_wconf 81' lang='grc' dir='ltr'>δ’</span> <span class='ocrx_word' id='word_1_100' title='bbox 388 692 421 719; x_wconf 84' lang='grc' dir='ltr'>ἂν</span> <span class='ocrx_word' id='word_1_101' title='bbox 438 693 452 718; x_wconf 88' lang='grc' dir='ltr'><strong>ὁ</strong></span> <span class='ocrx_word' id='word_1_102' title='bbox 466 693 548 724; x_wconf 81' lang='grc' dir='ltr'>αὐτὸς</span> <span class='ocrx_word' id='word_1_103' title='bbox 570 693 646 720; x_wconf 74' lang='grc' dir='ltr'>οὐδὲν</span> <span class='ocrx_word' id='word_1_104' title='bbox 661 693 718 729; x_wconf 66' lang='grc'><strong>(2⁵))</strong></span> <span class='ocrx_word' id='word_1_105' title='bbox 742 692 846 726; x_wconf 77' lang='grc' dir='ltr'>ἀγαθοῦ</span> <span class='ocrx_word' id='word_1_106' title='bbox 857 713 864 724; x_wconf 87' lang='grc'><strong>,</strong></span> <span class='ocrx_word' id='word_1_107' title='bbox 886 693 923 728; x_wconf 83' lang='grc' dir='ltr'>μὴ</span> 
     </span>
    </p>
   </div>
   <div class='ocr_carea' id='block_1_16' title="bbox 128 736 924 774">
    <p class='ocr_par' dir='ltr' id='par_1_16' title="bbox 128 736 924 774">
     <span class='ocr_line' id='line_1_16' title="bbox 128 736 924 774; baseline 0.001 -10"><span class='ocrx_word' id='word_1_108' title='bbox 128 736 230 773; x_wconf 81' lang='grc' dir='ltr'>χαλινῷ</span> <span class='ocrx_word' id='word_1_109' title='bbox 248 737 414 772; x_wconf 81' lang='grc' dir='ltr'>παιδευθεὶς,</span> <span class='ocrx_word' id='word_1_110' title='bbox 432 739 479 765; x_wconf 79' lang='grc' dir='ltr'><strong>καὶ</strong></span> <span class='ocrx_word' id='word_1_111' title='bbox 491 739 630 774; x_wconf 72' lang='grc' dir='ltr'>γυμνασίᾳ</span> <span class='ocrx_word' id='word_1_112' title='bbox 646 738 851 774; x_wconf 74' lang='grc' dir='ltr'>φιλοπονωτέρᾳ</span> <span class='ocrx_word' id='word_1_113' title='bbox 875 747 924 774; x_wconf 88' lang='grc' dir='ltr'>μα-</span> 
     </span>
    </p>
   </div>
   <div class='ocr_carea' id='block_1_17' title="bbox 128 781 367 819">
    <p class='ocr_par' dir='ltr' id='par_1_17' title="bbox 128 781 367 819">
     <span class='ocr_line' id='line_1_17' title="bbox 128 781 367 819; baseline 0.008 -11"><span class='ocrx_word' id='word_1_114' title='bbox 128 781 182 808; x_wconf 60' lang='lat' dir='ltr'><strong>om</strong></span> <span class='ocrx_word' id='word_1_115' title='bbox 200 783 367 819; x_wconf 79' lang='grc' dir='ltr'><strong>ἡμερότητα.</strong></span> 
     </span>
    </p>
   </div>
   <div class='ocr_carea' id='block_1_18' title="bbox 972 278 1763 315">
    <p class='ocr_par' dir='ltr' id='par_1_18' title="bbox 972 278 1763 315">
     <span class='ocr_line' id='line_1_18' title="bbox 972 278 1763 315; baseline -0.001 -9"><span class='ocrx_word' id='word_1_116' title='bbox 972 281 1123 308; x_wconf 87' lang='lat' dir='ltr'><strong>nerositale</strong></span> <span class='ocrx_word' id='word_1_117' title='bbox 1140 281 1361 315; x_wconf 79' lang='lat' dir='ltr'><strong>imprudentiam,</strong></span> <span class='ocrx_word' id='word_1_118' title='bbox 1377 285 1405 308; x_wconf 88' lang='lat' dir='ltr'><strong>et</strong></span> <span class='ocrx_word' id='word_1_119' title='bbox 1417 279 1564 313; x_wconf 73' lang='lat' dir='ltr'><strong>inscitiam,</strong></span> <span class='ocrx_word' id='word_1_120' title='bbox 1581 283 1626 312; x_wconf 87' lang='lat' dir='ltr'><strong>et,</strong></span> <span class='ocrx_word' id='word_1_121' title='bbox 1642 278 1686 313; x_wconf 88' lang='lat' dir='ltr'><strong>qui</strong></span> <span class='ocrx_word' id='word_1_122' title='bbox 1702 286 1763 305; x_wconf 83' lang='lat' dir='ltr'><strong>ma-</strong></span> 
     </span>
    </p>
   </div>
   <div class='ocr_carea' id='block_1_19' title="bbox 972 324 1764 360">
    <p class='ocr_par' dir='ltr' id='par_1_19' title="bbox 972 324 1764 360">
     <span class='ocr_line' id='line_1_19' title="bbox 972 324 1764 360; baseline -0.003 -8"><span class='ocrx_word' id='word_1_123' title='bbox 972 326 1014 353; x_wconf 84' lang='lat' dir='ltr'><strong>lus</strong></span> <span class='ocrx_word' id='word_1_124' title='bbox 1034 326 1119 360; x_wconf 86' lang='lat' dir='ltr'><strong>ipsius</strong></span> <span class='ocrx_word' id='word_1_125' title='bbox 1145 326 1217 354; x_wconf 81' lang='lat' dir='ltr'><strong>fetus</strong></span> <span class='ocrx_word' id='word_1_126' title='bbox 1240 331 1298 359; x_wconf 88' lang='lat' dir='ltr'><strong>est,</strong></span> <span class='ocrx_word' id='word_1_127' title='bbox 1320 326 1501 353; x_wconf 88' lang='lat' dir='ltr'><strong>temeritatem</strong></span> <span class='ocrx_word' id='word_1_128' title='bbox 1522 324 1692 360; x_wconf 77' lang='lat' dir='ltr'><strong>coniunctam</strong></span> <span class='ocrx_word' id='word_1_129' title='bbox 1715 325 1764 351; x_wconf 79' lang='lat' dir='ltr'><strong>ha-</strong></span> 
     </span>
    </p>
   </div>
   <div class='ocr_carea' id='block_1_20' title="bbox 973 371 1763 407">
    <p class='ocr_par' dir='ltr' id='par_1_20' title="bbox 973 371 1763 407">
     <span class='ocr_line' id='line_1_20' title="bbox 973 371 1763 407; baseline -0.003 -8"><span class='ocrx_word' id='word_1_130' title='bbox 973 371 1072 405; x_wconf 88' lang='lat' dir='ltr'><strong>beant;</strong></span> <span class='ocrx_word' id='word_1_131' title='bbox 1090 372 1225 407; x_wconf 89' lang='lat' dir='ltr'><strong>siquidem</strong></span> <span class='ocrx_word' id='word_1_132' title='bbox 1242 372 1359 400; x_wconf 71' lang='lat' dir='ltr'><strong>inscitiae</strong></span> <span class='ocrx_word' id='word_1_133' title='bbox 1379 372 1460 405; x_wconf 78' lang='lat' dir='ltr'><strong>fetus,</strong></span> <span class='ocrx_word' id='word_1_134' title='bbox 1471 376 1512 399; x_wconf 90' lang='lat' dir='ltr'><strong>est</strong></span> <span class='ocrx_word' id='word_1_135' title='bbox 1526 372 1674 399; x_wconf 81' lang='lat' dir='ltr'><strong>temeritas.</strong></span> <span class='ocrx_word' id='word_1_136' title='bbox 1687 371 1763 397; x_wconf 88' lang='lat' dir='ltr'><strong>lnlir-</strong></span> 
     </span>
    </p>
   </div>
   <div class='ocr_carea' id='block_1_21' title="bbox 972 418 1764 452">
    <p class='ocr_par' dir='ltr' id='par_1_21' title="bbox 972 418 1764 452">
     <span class='ocr_line' id='line_1_21' title="bbox 972 418 1764 452; baseline -0.004 -6"><span class='ocrx_word' id='word_1_137' title='bbox 972 419 1008 446; x_wconf 92' lang='lat' dir='ltr'><strong>mi</strong></span> <span class='ocrx_word' id='word_1_138' title='bbox 1024 419 1095 446; x_wconf 91' lang='lat' dir='ltr'><strong>enim</strong></span> <span class='ocrx_word' id='word_1_139' title='bbox 1107 423 1135 446; x_wconf 93' lang='lat' dir='ltr'><strong>et</strong></span> <span class='ocrx_word' id='word_1_140' title='bbox 1147 419 1297 447; x_wconf 83' lang='lat' dir='ltr'><strong>imbecilles</strong></span> <span class='ocrx_word' id='word_1_141' title='bbox 1310 419 1404 452; x_wconf 90' lang='lat' dir='ltr'><strong>anitni,</strong></span> <span class='ocrx_word' id='word_1_142' title='bbox 1419 425 1472 446; x_wconf 90' lang='lat' dir='ltr'><strong>tam</strong></span> <span class='ocrx_word' id='word_1_143' title='bbox 1488 418 1521 446; x_wconf 86' lang='lat' dir='ltr'><strong>ad</strong></span> <span class='ocrx_word' id='word_1_144' title='bbox 1533 419 1671 450; x_wconf 84' lang='lat' dir='ltr'><strong>virtutem,</strong></span> <span class='ocrx_word' id='word_1_145' title='bbox 1682 425 1764 452; x_wconf 88' lang='lat' dir='ltr'><strong>qttam</strong></span> 
     </span>
    </p>
   </div>
   <div class='ocr_carea' id='block_1_22' title="bbox 974 463 1763 501">
    <p class='ocr_par' dir='ltr' id='par_1_22' title="bbox 974 463 1763 501">
     <span class='ocr_line' id='line_1_22' title="bbox 974 463 1763 501; baseline -0.004 -9"><span class='ocrx_word' id='word_1_146' title='bbox 974 468 1007 492; x_wconf 84' lang='lat' dir='ltr'><strong>ad</strong></span> <span class='ocrx_word' id='word_1_147' title='bbox 1025 465 1120 492; x_wconf 87' lang='lat' dir='ltr'><strong>vitium</strong></span> <span class='ocrx_word' id='word_1_148' title='bbox 1137 473 1235 501; x_wconf 84' lang='lat' dir='ltr'><strong>segnes</strong></span> <span class='ocrx_word' id='word_1_149' title='bbox 1246 471 1274 493; x_wconf 88' lang='lat' dir='ltr'><strong>et</strong></span> <span class='ocrx_word' id='word_1_150' title='bbox 1288 465 1356 493; x_wconf 88' lang='lat' dir='ltr'><strong>tardi</strong></span> <span class='ocrx_word' id='word_1_151' title='bbox 1373 469 1446 498; x_wconf 87' lang='lat' dir='ltr'><strong>sunt,</strong></span> <span class='ocrx_word' id='word_1_152' title='bbox 1459 472 1548 500; x_wconf 86' lang='lat' dir='ltr'><strong>neque</strong></span> <span class='ocrx_word' id='word_1_153' title='bbox 1563 465 1590 491; x_wconf 93' lang='lat' dir='ltr'><strong>in</strong></span> <span class='ocrx_word' id='word_1_154' title='bbox 1606 463 1763 491; x_wconf 80' lang='lat' dir='ltr'><strong>alterutram</strong></span> 
     </span>
    </p>
   </div>
   <div class='ocr_carea' id='block_1_23' title="bbox 974 509 1766 547">
    <p class='ocr_par' dir='ltr' id='par_1_23' title="bbox 974 509 1766 547">
     <span class='ocr_line' id='line_1_23' title="bbox 974 509 1766 547; baseline -0.004 -9"><span class='ocrx_word' id='word_1_155' title='bbox 974 515 1080 546; x_wconf 86' lang='lat' dir='ltr'><strong>partem</strong></span> <span class='ocrx_word' id='word_1_156' title='bbox 1096 519 1263 547; x_wconf 80' lang='lat' dir='ltr'><strong>magnopere</strong></span> <span class='ocrx_word' id='word_1_157' title='bbox 1284 512 1469 539; x_wconf 87' lang='lat' dir='ltr'><strong>inclinantur:</strong></span> <span class='ocrx_word' id='word_1_158' title='bbox 1488 519 1541 538; x_wconf 90' lang='lat' dir='ltr'><strong>non</strong></span> <span class='ocrx_word' id='word_1_159' title='bbox 1559 518 1638 538; x_wconf 90' lang='lat' dir='ltr'><strong>secus</strong></span> <span class='ocrx_word' id='word_1_160' title='bbox 1662 509 1766 537; x_wconf 80' lang='lat' dir='ltr'><strong>scilicet</strong></span> 
     </span>
    </p>
   </div>
   <div class='ocr_carea' id='block_1_24' title="bbox 974 554 1766 592">
    <p class='ocr_par' dir='ltr' id='par_1_24' title="bbox 974 554 1766 592">
     <span class='ocr_line' id='line_1_24' title="bbox 974 554 1766 592; baseline -0.004 -8"><span class='ocrx_word' id='word_1_161' title='bbox 974 563 1056 592; x_wconf 87' lang='lat' dir='ltr'><strong>atque</strong></span> <span class='ocrx_word' id='word_1_162' title='bbox 1077 557 1218 585; x_wconf 92' lang='lat' dir='ltr'><strong>hominum</strong></span> <span class='ocrx_word' id='word_1_163' title='bbox 1243 563 1354 592; x_wconf 89' lang='lat' dir='ltr'><strong>torpore</strong></span> <span class='ocrx_word' id='word_1_164' title='bbox 1375 557 1555 585; x_wconf 88' lang='lat' dir='ltr'><strong>laborantium</strong></span> <span class='ocrx_word' id='word_1_165' title='bbox 1578 556 1710 583; x_wconf 87' lang='lat' dir='ltr'><strong>incessus.</strong></span> <span class='ocrx_word' id='word_1_166' title='bbox 1731 554 1766 581; x_wconf 83' lang='lat' dir='ltr'><strong>At</strong></span> 
     </span>
    </p>
   </div>
   <div class='ocr_carea' id='block_1_25' title="bbox 978 601 1766 640">
    <p class='ocr_par' dir='ltr' id='par_1_25' title="bbox 978 601 1766 640">
     <span class='ocr_line' id='line_1_25' title="bbox 978 601 1766 640; baseline -0.003 -10"><span class='ocrx_word' id='word_1_167' title='bbox 978 603 1064 631; x_wconf 84' lang='lat' dir='ltr'><strong>fortes</strong></span> <span class='ocrx_word' id='word_1_168' title='bbox 1079 608 1106 632; x_wconf 89' lang='lat' dir='ltr'><strong>et</strong></span> <span class='ocrx_word' id='word_1_169' title='bbox 1124 605 1260 640; x_wconf 84' lang='lat' dir='ltr'><strong>generosi,</strong></span> <span class='ocrx_word' id='word_1_170' title='bbox 1277 605 1504 638; x_wconf 83' lang='lat' dir='ltr'><strong>quemadmodum</strong></span> <span class='ocrx_word' id='word_1_171' title='bbox 1519 603 1541 631; x_wconf 89' lang='lat' dir='ltr'><strong>si</strong></span> <span class='ocrx_word' id='word_1_172' title='bbox 1555 603 1659 630; x_wconf 85' lang='lat' dir='ltr'><strong>ratione</strong></span> <span class='ocrx_word' id='word_1_173' title='bbox 1669 601 1766 637; x_wconf 85' lang='lat' dir='ltr'><strong>guber-</strong></span> 
     </span>
    </p>
   </div>
   <div class='ocr_carea' id='block_1_26' title="bbox 975 649 1767 686">
    <p class='ocr_par' dir='ltr' id='par_1_26' title="bbox 975 649 1767 686">
     <span class='ocr_line' id='line_1_26' title="bbox 975 649 1767 686; baseline -0.004 -9"><span class='ocrx_word' id='word_1_174' title='bbox 975 654 1076 677; x_wconf 81' lang='lat' dir='ltr'><strong>Itentur</strong></span> <span class='ocrx_word' id='word_1_175' title='bbox 1090 655 1118 678; x_wconf 89' lang='lat' dir='ltr'><strong>et</strong></span> <span class='ocrx_word' id='word_1_176' title='bbox 1132 656 1324 684; x_wconf 87' lang='lat' dir='ltr'><strong>coerceantur,</strong></span> <span class='ocrx_word' id='word_1_177' title='bbox 1343 658 1470 686; x_wconf 81' lang='lat' dir='ltr'><strong>magnum</strong></span> <span class='ocrx_word' id='word_1_178' title='bbox 1498 649 1531 677; x_wconf 88' lang='lat' dir='ltr'><strong>ad</strong></span> <span class='ocrx_word' id='word_1_179' title='bbox 1555 650 1681 676; x_wconf 82' lang='lat' dir='ltr'><strong>virtutem</strong></span> <span class='ocrx_word' id='word_1_180' title='bbox 1699 655 1767 683; x_wconf 87' lang='lat' dir='ltr'><strong>pon-</strong></span> 
     </span>
    </p>
   </div>
   <div class='ocr_carea' id='block_1_27' title="bbox 975 694 1766 730">
    <p class='ocr_par' dir='ltr' id='par_1_27' title="bbox 975 694 1766 730">
     <span class='ocr_line' id='line_1_27' title="bbox 975 694 1766 730; baseline -0.001 -9"><span class='ocrx_word' id='word_1_181' title='bbox 975 695 1026 722; x_wconf 87' lang='lat' dir='ltr'><strong>dus</strong></span> <span class='ocrx_word' id='word_1_182' title='bbox 1040 694 1175 728; x_wconf 80' lang='lat' dir='ltr'><strong>al&#39;ferunt;</strong></span> <span class='ocrx_word' id='word_1_183' title='bbox 1193 696 1230 723; x_wconf 84' lang='lat' dir='ltr'><strong>ita</strong></span> <span class='ocrx_word' id='word_1_184' title='bbox 1243 716 1251 730; x_wconf 91' lang='lat'><strong>,</strong></span> <span class='ocrx_word' id='word_1_185' title='bbox 1266 697 1289 724; x_wconf 88' lang='lat' dir='ltr'><strong>si</strong></span> <span class='ocrx_word' id='word_1_186' title='bbox 1306 705 1320 723; x_wconf 91' lang='lat' dir='ltr'><strong>a</strong></span> <span class='ocrx_word' id='word_1_187' title='bbox 1337 696 1450 724; x_wconf 87' lang='lat' dir='ltr'><strong>scientia</strong></span> <span class='ocrx_word' id='word_1_188' title='bbox 1470 700 1498 722; x_wconf 87' lang='lat' dir='ltr'><strong>et</strong></span> <span class='ocrx_word' id='word_1_189' title='bbox 1520 695 1625 722; x_wconf 84' lang='lat' dir='ltr'><strong>ratione</strong></span> <span class='ocrx_word' id='word_1_190' title='bbox 1640 694 1766 722; x_wconf 84' lang='lat' dir='ltr'><strong>deseran-</strong></span> 
     </span>
    </p>
   </div>
   <div class='ocr_carea' id='block_1_28' title="bbox 976 740 1766 773">
    <p class='ocr_par' dir='ltr' id='par_1_28' title="bbox 976 740 1766 773">
     <span class='ocr_line' id='line_1_28' title="bbox 976 740 1766 773; baseline -0.001 -6"><span class='ocrx_word' id='word_1_191' title='bbox 976 745 1031 773; x_wconf 88' lang='lat' dir='ltr'><strong>tur,</strong></span> <span class='ocrx_word' id='word_1_192' title='bbox 1053 750 1107 769; x_wconf 92' lang='lat' dir='ltr'><strong>non</strong></span> <span class='ocrx_word' id='word_1_193' title='bbox 1125 743 1214 770; x_wconf 87' lang='lat' dir='ltr'><strong>minus</strong></span> <span class='ocrx_word' id='word_1_194' title='bbox 1231 743 1361 770; x_wconf 88' lang='lat' dir='ltr'><strong>momenti</strong></span> <span class='ocrx_word' id='word_1_195' title='bbox 1379 742 1413 769; x_wconf 91' lang='lat' dir='ltr'><strong>ad</strong></span> <span class='ocrx_word' id='word_1_196' title='bbox 1437 741 1532 769; x_wconf 87' lang='lat' dir='ltr'><strong>vitium</strong></span> <span class='ocrx_word' id='word_1_197' title='bbox 1555 740 1671 768; x_wconf 88' lang='lat' dir='ltr'><strong>habituri</strong></span> <span class='ocrx_word' id='word_1_198' title='bbox 1691 744 1766 767; x_wconf 91' lang='lat' dir='ltr'><strong>sunt.</strong></span> 
     </span>
    </p>
   </div>
   <div class='ocr_carea' id='block_1_29' title="bbox 977 786 1767 822">
    <p class='ocr_par' dir='ltr' id='par_1_29' title="bbox 977 786 1767 822">
     <span class='ocr_line' id='line_1_29' title="bbox 977 786 1767 822; baseline -0.003 -8"><span class='ocrx_word' id='word_1_199' title='bbox 977 786 1023 814; x_wconf 84' lang='lat' dir='ltr'><strong>Sic</strong></span> <span class='ocrx_word' id='word_1_200' title='bbox 1039 788 1166 815; x_wconf 92' lang='lat' dir='ltr'><strong>nimirum</strong></span> <span class='ocrx_word' id='word_1_201' title='bbox 1185 795 1284 822; x_wconf 87' lang='lat' dir='ltr'><strong>equum</strong></span> <span class='ocrx_word' id='word_1_202' title='bbox 1302 789 1375 816; x_wconf 88' lang='lat' dir='ltr'><strong>acris</strong></span> <span class='ocrx_word' id='word_1_203' title='bbox 1391 794 1452 816; x_wconf 86' lang='lat' dir='ltr'><strong>esse</strong></span> <span class='ocrx_word' id='word_1_204' title='bbox 1466 794 1497 814; x_wconf 92' lang='lat' dir='ltr'><strong>ac</strong></span> <span class='ocrx_word' id='word_1_205' title='bbox 1512 793 1652 821; x_wconf 79' lang='lat' dir='ltr'><strong>generosae</strong></span> <span class='ocrx_word' id='word_1_206' title='bbox 1662 790 1767 813; x_wconf 68' lang='lat' dir='ltr'><strong>naturae</strong></span> 
     </span>
    </p>
   </div>
   <div class='ocr_carea' id='block_1_30' title="bbox 129 830 1768 865">
    <p class='ocr_par' dir='ltr' id='par_1_30' title="bbox 129 830 1768 865">
     <span class='ocr_line' id='line_1_30' title="bbox 129 830 1768 865; baseline 0.002 -9"><span class='ocrx_word' id='word_1_207' title='bbox 129 837 242 856; x_wconf 84' lang='lat' dir='ltr'><strong>necesse</strong></span> <span class='ocrx_word' id='word_1_208' title='bbox 257 834 316 862; x_wconf 82' lang='lat' dir='ltr'><strong>est,</strong></span> <span class='ocrx_word' id='word_1_209' title='bbox 330 830 376 864; x_wconf 91' lang='lat' dir='ltr'><strong>qui</strong></span> <span class='ocrx_word' id='word_1_210' title='bbox 393 830 520 865; x_wconf 80' lang='lat' dir='ltr'><strong>quidem,</strong></span> <span class='ocrx_word' id='word_1_211' title='bbox 538 831 594 858; x_wconf 85' lang='lat' dir='ltr'><strong>sive</strong></span> <span class='ocrx_word' id='word_1_212' title='bbox 610 831 636 858; x_wconf 93' lang='lat' dir='ltr'><strong>in</strong></span> <span class='ocrx_word' id='word_1_213' title='bbox 653 831 732 858; x_wconf 88' lang='lat' dir='ltr'><strong>hellis</strong></span> <span class='ocrx_word' id='word_1_214' title='bbox 751 835 833 865; x_wconf 85' lang='lat' dir='ltr'><strong>atque</strong></span> <span class='ocrx_word' id='word_1_215' title='bbox 849 831 925 864; x_wconf 85' lang='lat' dir='ltr'><strong>acie,</strong></span> <span class='ocrx_word' id='word_1_216' title='bbox 946 832 1004 859; x_wconf 90' lang='lat' dir='ltr'><strong>sive</strong></span> <span class='ocrx_word' id='word_1_217' title='bbox 1017 833 1043 860; x_wconf 91' lang='lat' dir='ltr'><strong>in</strong></span> <span class='ocrx_word' id='word_1_218' title='bbox 1059 833 1165 861; x_wconf 90' lang='lat' dir='ltr'><strong>ludicro</strong></span> <span class='ocrx_word' id='word_1_219' title='bbox 1184 842 1266 862; x_wconf 91' lang='lat' dir='ltr'><strong>cursu</strong></span> <span class='ocrx_word' id='word_1_220' title='bbox 1286 838 1314 862; x_wconf 81' lang='lat' dir='ltr'><strong>et</strong></span> <span class='ocrx_word' id='word_1_221' title='bbox 1327 834 1477 862; x_wconf 87' lang='lat' dir='ltr'><strong>certamine</strong></span> <span class='ocrx_word' id='word_1_222' title='bbox 1502 833 1589 860; x_wconf 90' lang='lat' dir='ltr'><strong>victor</strong></span> <span class='ocrx_word' id='word_1_223' title='bbox 1610 833 1646 859; x_wconf 87' lang='lat' dir='ltr'><strong>sit</strong></span> <span class='ocrx_word' id='word_1_224' title='bbox 1666 832 1768 860; x_wconf 86' lang='lat' dir='ltr'><strong>disces&#39;</strong></span> 
     </span>
    </p>
   </div>
   <div class='ocr_carea' id='block_1_31' title="bbox 131 878 1769 918">
    <p class='ocr_par' dir='ltr' id='par_1_31' title="bbox 131 878 1769 918">
     <span class='ocr_line' id='line_1_31' title="bbox 131 878 1769 918; baseline 0 -13"><span class='ocrx_word' id='word_1_225' title='bbox 131 885 212 905; x_wconf 81' lang='lat' dir='ltr'><strong>surns</strong></span> <span class='ocrx_word' id='word_1_226' title='bbox 229 887 236 904; x_wconf 95' lang='lat'><strong>:</strong></span> <span class='ocrx_word' id='word_1_227' title='bbox 253 882 282 905; x_wconf 88' lang='lat' dir='ltr'><strong>at</strong></span> <span class='ocrx_word' id='word_1_228' title='bbox 304 878 374 905; x_wconf 79' lang='lat' dir='ltr'><strong>idem</strong></span> <span class='ocrx_word' id='word_1_229' title='bbox 400 883 490 906; x_wconf 87' lang='lat' dir='ltr'><strong>tamen</strong></span> <span class='ocrx_word' id='word_1_230' title='bbox 521 878 625 906; x_wconf 93' lang='lat' dir='ltr'><strong>nullum</strong></span> <span class='ocrx_word' id='word_1_231' title='bbox 650 887 770 914; x_wconf 88' lang='lat' dir='ltr'><strong>unquam</strong></span> <span class='ocrx_word' id='word_1_232' title='bbox 797 880 933 914; x_wconf 81' lang='lat' dir='ltr'><strong>egregium</strong></span> <span class='ocrx_word' id='word_1_233' title='bbox 954 881 995 907; x_wconf 90' lang='lat' dir='ltr'><strong>sui</strong></span> <span class='ocrx_word' id='word_1_234' title='bbox 1013 888 1090 908; x_wconf 88' lang='lat' dir='ltr'><strong>usum</strong></span> <span class='ocrx_word' id='word_1_235' title='bbox 1119 882 1278 918; x_wconf 64' lang='lat' dir='ltr'><strong>praebuerit,</strong></span> <span class='ocrx_word' id='word_1_236' title='bbox 1293 881 1345 909; x_wconf 90' lang='lat' dir='ltr'><strong>nisi</strong></span> <span class='ocrx_word' id='word_1_237' title='bbox 1379 881 1457 908; x_wconf 82' lang='lat' dir='ltr'><strong>freno</strong></span> <span class='ocrx_word' id='word_1_238' title='bbox 1488 880 1623 913; x_wconf 92' lang='lat' dir='ltr'><strong>eruditus,</strong></span> <span class='ocrx_word' id='word_1_239' title='bbox 1640 884 1664 906; x_wconf 91' lang='lat' dir='ltr'><strong>el</strong></span> <span class='ocrx_word' id='word_1_240' title='bbox 1688 886 1769 906; x_wconf 74' lang='lat' dir='ltr'><strong>accu-</strong></span> 
     </span>
    </p>
   </div>
   <div class='ocr_carea' id='block_1_32' title="bbox 131 925 886 954">
    <p class='ocr_par' dir='ltr' id='par_1_32' title="bbox 131 925 886 954">
     <span class='ocr_line' id='line_1_32' title="bbox 131 925 886 954; baseline 0.003 -2"><span class='ocrx_word' id='word_1_241' title='bbox 131 925 227 952; x_wconf 87' lang='lat' dir='ltr'><strong>ratiori</strong></span> <span class='ocrx_word' id='word_1_242' title='bbox 246 925 444 953; x_wconf 82' lang='lat' dir='ltr'><strong>exercitatione</strong></span> <span class='ocrx_word' id='word_1_243' title='bbox 457 926 577 954; x_wconf 86' lang='lat' dir='ltr'><strong>domitus</strong></span> <span class='ocrx_word' id='word_1_244' title='bbox 593 931 620 953; x_wconf 88' lang='lat' dir='ltr'><strong>et</strong></span> <span class='ocrx_word' id='word_1_245' title='bbox 638 927 776 954; x_wconf 87' lang='lat' dir='ltr'><strong>cicuratus</strong></span> <span class='ocrx_word' id='word_1_246' title='bbox 796 928 886 954; x_wconf 82' lang='lat' dir='ltr'><strong>fuerit.</strong></span> 
     </span>
    </p>
   </div>
   <div class='ocr_carea' id='block_1_33' title="bbox 166 971 964 1006">
    <p class='ocr_par' dir='ltr' id='par_1_33' title="bbox 166 971 964 1006">
     <span class='ocr_line' id='line_1_33' title="bbox 166 971 964 1006; baseline 0.001 -8"><span class='ocrx_word' id='word_1_247' title='bbox 166 972 203 999; x_wconf 83' lang='lat' dir='ltr'><strong>A’.</strong></span> <span class='ocrx_word' id='word_1_248' title='bbox 220 971 276 999; x_wconf 75' lang='grc' dir='ltr'><strong>Καὶ</strong></span> <span class='ocrx_word' id='word_1_249' title='bbox 285 971 364 998; x_wconf 80' lang='grc' dir='ltr'>τοῦτό</span> <span class='ocrx_word' id='word_1_250' title='bbox 377 972 461 1004; x_wconf 73' lang='grc' dir='ltr'>ἐστιν,</span> <span class='ocrx_word' id='word_1_251' title='bbox 474 972 511 1004; x_wconf 82' lang='grc' dir='ltr'>ὡς</span> <span class='ocrx_word' id='word_1_252' title='bbox 524 972 571 998; x_wconf 72' lang='grc' dir='ltr'><strong>ἐπὶ</strong></span> <span class='ocrx_word' id='word_1_253' title='bbox 581 972 612 998; x_wconf 83' lang='grc' dir='ltr'>τὸ</span> <span class='ocrx_word' id='word_1_254' title='bbox 623 972 758 1006; x_wconf 86' lang='grc' dir='ltr'>πλεῖστον,</span> <span class='ocrx_word' id='word_1_255' title='bbox 771 973 785 999; x_wconf 83' lang='grc' dir='ltr'><strong>ὃ</strong></span> <span class='ocrx_word' id='word_1_256' title='bbox 799 973 926 1000; x_wconf 81' lang='grc' dir='ltr'><strong>διέσπασε</strong></span> <span class='ocrx_word' id='word_1_257' title='bbox 943 977 964 1004; x_wconf 82' lang='grc' dir='ltr'><strong><em>Β</em></strong></span> 
     </span>
    </p>
   </div>
   <div class='ocr_carea' id='block_1_34' title="bbox 132 1017 927 1054">
    <p class='ocr_par' dir='ltr' id='par_1_34' title="bbox 132 1017 927 1054">
     <span class='ocr_line' id='line_1_34' title="bbox 132 1017 927 1054; baseline 0.001 -10"><span class='ocrx_word' id='word_1_258' title='bbox 132 1017 200 1053; x_wconf 85' lang='grc' dir='ltr'>μέλη</span> <span class='ocrx_word' id='word_1_259' title='bbox 211 1037 219 1049; x_wconf 83' lang='grc'><strong>,</strong></span> <span class='ocrx_word' id='word_1_260' title='bbox 234 1017 376 1054; x_wconf 77' lang='grc' dir='ltr'><strong>διέστησεν</strong></span> <span class='ocrx_word' id='word_1_261' title='bbox 393 1018 541 1053; x_wconf 72' lang='grc' dir='ltr'>ἀδελφοὺς,</span> <span class='ocrx_word' id='word_1_262' title='bbox 559 1019 652 1051; x_wconf 84' lang='grc' dir='ltr'>πόλεις</span> <span class='ocrx_word' id='word_1_263' title='bbox 671 1019 799 1054; x_wconf 79' lang='grc' dir='ltr'>ἐτάραξε,</span> <span class='ocrx_word' id='word_1_264' title='bbox 824 1019 927 1054; x_wconf 84' lang='grc' dir='ltr'>δήμους</span> 
     </span>
    </p>
   </div>
   <div class='ocr_carea' id='block_1_35' title="bbox 131 1063 928 1099">
    <p class='ocr_par' dir='ltr' id='par_1_35' title="bbox 131 1063 928 1099">
     <span class='ocr_line' id='line_1_35' title="bbox 131 1063 928 1099; baseline 0.003 -10"><span class='ocrx_word' id='word_1_265' title='bbox 131 1063 272 1098; x_wconf 74' lang='grc' dir='ltr'>ἑξέμηνεν.</span> <span class='ocrx_word' id='word_1_266' title='bbox 283 1063 401 1090; x_wconf 81' lang='grc' dir='ltr'>ὡπλισεν</span> <span class='ocrx_word' id='word_1_267' title='bbox 414 1063 491 1098; x_wconf 72' lang='grc' dir='ltr'>ἔθνη,</span> <span class='ocrx_word' id='word_1_268' title='bbox 506 1064 624 1099; x_wconf 77' lang='grc' dir='ltr'><strong>βασιλεῖς</strong></span> <span class='ocrx_word' id='word_1_269' title='bbox 635 1064 831 1099; x_wconf 82' lang='grc' dir='ltr'>ὲπανέστησεν,</span> <span class='ocrx_word' id='word_1_270' title='bbox 846 1065 928 1099; x_wconf 69' lang='grc' dir='ltr'>ἱερεῖς</span> 
     </span>
    </p>
   </div>
   <div class='ocr_carea' id='block_1_36' title="bbox 131 1107 928 1144">
    <p class='ocr_par' dir='ltr' id='par_1_36' title="bbox 131 1107 928 1144">
     <span class='ocr_line' id='line_1_36' title="bbox 131 1107 928 1144; baseline 0.001 -10"><span class='ocrx_word' id='word_1_271' title='bbox 131 1107 188 1142; x_wconf 86' lang='grc' dir='ltr'><strong>λαῷ</strong></span> <span class='ocrx_word' id='word_1_272' title='bbox 207 1108 255 1134; x_wconf 75' lang='grc' dir='ltr'>καὶ</span> <span class='ocrx_word' id='word_1_273' title='bbox 278 1107 417 1144; x_wconf 81' lang='grc' dir='ltr'>ἀλλήλοις,</span> <span class='ocrx_word' id='word_1_274' title='bbox 441 1107 503 1136; x_wconf 84' lang='grc' dir='ltr'>λαὸν</span> <span class='ocrx_word' id='word_1_275' title='bbox 523 1109 613 1144; x_wconf 80' lang='grc' dir='ltr'>ἑαυτῷ</span> <span class='ocrx_word' id='word_1_276' title='bbox 636 1109 684 1136; x_wconf 78' lang='grc' dir='ltr'>καὶ</span> <span class='ocrx_word' id='word_1_277' title='bbox 699 1109 812 1144; x_wconf 75' lang='grc' dir='ltr'>ἱερεῦσι,</span> <span class='ocrx_word' id='word_1_278' title='bbox 840 1110 928 1144; x_wconf 85' lang='grc' dir='ltr'>γονεῖς</span> 
     </span>
    </p>
   </div>
   <div class='ocr_carea' id='block_1_37' title="bbox 130 1153 928 1191">
    <p class='ocr_par' dir='ltr' id='par_1_37' title="bbox 130 1153 928 1191">
     <span class='ocr_line' id='line_1_37' title="bbox 130 1153 928 1191; baseline 0.001 -11"><span class='ocrx_word' id='word_1_279' title='bbox 130 1153 255 1187; x_wconf 80' lang='grc' dir='ltr'>τέκνοις,</span> <span class='ocrx_word' id='word_1_280' title='bbox 271 1154 355 1181; x_wconf 76' lang='grc' dir='ltr'>τέκνα</span> <span class='ocrx_word' id='word_1_281' title='bbox 376 1155 502 1189; x_wconf 82' lang='grc' dir='ltr'>γονεῦσιν</span> <span class='ocrx_word' id='word_1_282' title='bbox 513 1175 520 1187; x_wconf 91' lang='grc'><strong>,</strong></span> <span class='ocrx_word' id='word_1_283' title='bbox 540 1155 641 1191; x_wconf 81' lang='grc' dir='ltr'>ἄνδρας</span> <span class='ocrx_word' id='word_1_284' title='bbox 657 1155 776 1190; x_wconf 76' lang='grc' dir='ltr'>γυναιξὶ,</span> <span class='ocrx_word' id='word_1_285' title='bbox 796 1157 928 1189; x_wconf 85' lang='grc' dir='ltr'>γυναῖκας</span> 
     </span>
    </p>
   </div>
   <div class='ocr_carea' id='block_1_38' title="bbox 132 1199 929 1236">
    <p class='ocr_par' dir='ltr' id='par_1_38' title="bbox 132 1199 929 1236">
     <span class='ocr_line' id='line_1_38' title="bbox 132 1199 929 1236; baseline 0 -10"><span class='ocrx_word' id='word_1_286' title='bbox 132 1200 257 1235; x_wconf 80' lang='grc' dir='ltr'>ἀνδράσι.</span> <span class='ocrx_word' id='word_1_287' title='bbox 272 1199 366 1227; x_wconf 82' lang='grc' dir='ltr'>Πάντα</span> <span class='ocrx_word' id='word_1_288' title='bbox 377 1200 413 1227; x_wconf 81' lang='grc' dir='ltr'>τὰ</span> <span class='ocrx_word' id='word_1_289' title='bbox 427 1201 476 1235; x_wconf 82' lang='grc' dir='ltr'>τῆς</span> <span class='ocrx_word' id='word_1_290' title='bbox 491 1200 596 1232; x_wconf 82' lang='grc' dir='ltr'>εὐνοίας</span> <span class='ocrx_word' id='word_1_291' title='bbox 612 1201 743 1236; x_wconf 83' lang='grc' dir='ltr'>ὀνόματα,</span> <span class='ocrx_word' id='word_1_292' title='bbox 759 1201 867 1232; x_wconf 83' lang='grc' dir='ltr'>δούλους</span> <span class='ocrx_word' id='word_1_293' title='bbox 882 1200 929 1227; x_wconf 77' lang='grc' dir='ltr'><strong>καὶ</strong></span> 
     </span>
    </p>
   </div>
   <div class='ocr_carea' id='block_1_39' title="bbox 132 1246 930 1282">
    <p class='ocr_par' dir='ltr' id='par_1_39' title="bbox 132 1246 930 1282">
     <span class='ocr_line' id='line_1_39' title="bbox 132 1246 930 1282; baseline 0.001 -10"><span class='ocrx_word' id='word_1_294' title='bbox 132 1246 267 1277; x_wconf 79' lang='grc' dir='ltr'><strong>δεσπότας</strong></span> <span class='ocrx_word' id='word_1_295' title='bbox 283 1246 414 1281; x_wconf 84' lang='grc' dir='ltr'><strong>ἀλλήλους</strong></span> <span class='ocrx_word' id='word_1_296' title='bbox 435 1246 503 1282; x_wconf 71' lang='grc'><strong>(⁸24),</strong></span> <span class='ocrx_word' id='word_1_297' title='bbox 528 1246 660 1282; x_wconf 84' lang='grc' dir='ltr'>ἀλλήλους</span> <span class='ocrx_word' id='word_1_298' title='bbox 683 1247 862 1279; x_wconf 78' lang='grc' dir='ltr'>διδασκάλους</span> <span class='ocrx_word' id='word_1_299' title='bbox 883 1247 930 1274; x_wconf 75' lang='grc' dir='ltr'><strong>καὶ</strong></span> 
     </span>
    </p>
   </div>
   <div class='ocr_carea' id='block_1_40' title="bbox 133 1292 930 1329">
    <p class='ocr_par' dir='ltr' id='par_1_40' title="bbox 133 1292 930 1329">
     <span class='ocr_line' id='line_1_40' title="bbox 133 1292 930 1329; baseline 0.001 -10"><span class='ocrx_word' id='word_1_300' title='bbox 133 1292 271 1329; x_wconf 83' lang='grc' dir='ltr'>μαθητὰς,</span> <span class='ocrx_word' id='word_1_301' title='bbox 291 1293 449 1329; x_wconf 75' lang='grc' dir='ltr'>πρεσϐύτας</span> <span class='ocrx_word' id='word_1_302' title='bbox 465 1294 513 1320; x_wconf 76' lang='grc' dir='ltr'>καὶ</span> <span class='ocrx_word' id='word_1_303' title='bbox 529 1293 624 1326; x_wconf 83' lang='grc' dir='ltr'>νέους,</span> <span class='ocrx_word' id='word_1_304' title='bbox 644 1293 691 1320; x_wconf 74' lang='grc' dir='ltr'>καὶ</span> <span class='ocrx_word' id='word_1_305' title='bbox 709 1294 755 1320; x_wconf 84' lang='grc' dir='ltr'>τὸν</span> <span class='ocrx_word' id='word_1_306' title='bbox 767 1293 817 1328; x_wconf 85' lang='grc' dir='ltr'>τῆς</span> <span class='ocrx_word' id='word_1_307' title='bbox 839 1293 930 1325; x_wconf 77' lang='grc' dir='ltr'>αἰδοῦς</span> 
     </span>
    </p>
   </div>
   <div class='ocr_carea' id='block_1_41' title="bbox 134 1339 931 1376">
    <p class='ocr_par' dir='ltr' id='par_1_41' title="bbox 134 1339 931 1376">
     <span class='ocr_line' id='line_1_41' title="bbox 134 1339 931 1376; baseline 0 -10"><span class='ocrx_word' id='word_1_308' title='bbox 134 1339 273 1374; x_wconf 79' lang='grc' dir='ltr'><strong>ἀτιμάσαν</strong></span> <span class='ocrx_word' id='word_1_309' title='bbox 287 1339 386 1375; x_wconf 81' lang='grc' dir='ltr'>νόμον,</span> <span class='ocrx_word' id='word_1_310' title='bbox 409 1339 456 1366; x_wconf 75' lang='grc' dir='ltr'>τοῦ</span> <span class='ocrx_word' id='word_1_311' title='bbox 475 1340 603 1375; x_wconf 85' lang='grc' dir='ltr'>μεγίστου</span> <span class='ocrx_word' id='word_1_312' title='bbox 626 1340 693 1376; x_wconf 80' lang='grc' dir='ltr'>πρὸς</span> <span class='ocrx_word' id='word_1_313' title='bbox 714 1340 815 1376; x_wconf 79' lang='grc' dir='ltr'>ἀρετὴν</span> <span class='ocrx_word' id='word_1_314' title='bbox 833 1339 931 1375; x_wconf 82' lang='grc' dir='ltr'>βοηθή-</span> 
     </span>
    </p>
   </div>
   <div class='ocr_carea' id='block_1_42' title="bbox 136 1385 930 1420">
    <p class='ocr_par' dir='ltr' id='par_1_42' title="bbox 136 1385 930 1420">
     <span class='ocr_line' id='line_1_42' title="bbox 136 1385 930 1420; baseline 0.003 -10"><span class='ocrx_word' id='word_1_315' title='bbox 136 1393 233 1419; x_wconf 86' lang='grc' dir='ltr'>ματος,</span> <span class='ocrx_word' id='word_1_316' title='bbox 249 1385 295 1411; x_wconf 73' lang='grc' dir='ltr'><strong>τὸν</strong></span> <span class='ocrx_word' id='word_1_317' title='bbox 314 1385 364 1420; x_wconf 83' lang='grc' dir='ltr'>τῆς</span> <span class='ocrx_word' id='word_1_318' title='bbox 387 1385 533 1417; x_wconf 78' lang='grc' dir='ltr'>αὐθαδείας</span> <span class='ocrx_word' id='word_1_319' title='bbox 558 1386 716 1420; x_wconf 80' lang='grc' dir='ltr'>είσήνεγκεν</span> <span class='ocrx_word' id='word_1_320' title='bbox 728 1394 735 1400; x_wconf 90' lang='grc'><strong>·</strong></span> <span class='ocrx_word' id='word_1_321' title='bbox 751 1386 798 1412; x_wconf 79' lang='grc' dir='ltr'>καὶ</span> <span class='ocrx_word' id='word_1_322' title='bbox 817 1385 930 1419; x_wconf 68' lang='grc' dir='ltr'>γεγόνα-</span> 
     </span>
    </p>
   </div>
   <div class='ocr_carea' id='block_1_43' title="bbox 137 1430 931 1467">
    <p class='ocr_par' dir='ltr' id='par_1_43' title="bbox 137 1430 931 1467">
     <span class='ocr_line' id='line_1_43' title="bbox 137 1430 931 1467; baseline 0.001 -11"><span class='ocrx_word' id='word_1_323' title='bbox 137 1438 187 1465; x_wconf 87' lang='grc' dir='ltr'><strong>μεν</strong></span> <span class='ocrx_word' id='word_1_324' title='bbox 198 1430 229 1456; x_wconf 73' lang='grc' dir='ltr'>οὐ</span> <span class='ocrx_word' id='word_1_325' title='bbox 243 1430 325 1466; x_wconf 79' lang='grc' dir='ltr'>φυλὴ,</span> <span class='ocrx_word' id='word_1_326' title='bbox 338 1432 385 1458; x_wconf 66' lang='grc' dir='ltr'><strong>καὶ</strong></span> <span class='ocrx_word' id='word_1_327' title='bbox 396 1431 467 1466; x_wconf 77' lang='grc' dir='ltr'>φυλὴ</span> <span class='ocrx_word' id='word_1_328' title='bbox 480 1431 539 1458; x_wconf 84' lang='grc' dir='ltr'>καθ’</span> <span class='ocrx_word' id='word_1_329' title='bbox 553 1431 662 1466; x_wconf 80' lang='grc' dir='ltr'>ἑαυτὴν,</span> <span class='ocrx_word' id='word_1_330' title='bbox 674 1431 688 1457; x_wconf 79' lang='grc' dir='ltr'>ὃ</span> <span class='ocrx_word' id='word_1_331' title='bbox 701 1431 784 1458; x_wconf 80' lang='grc' dir='ltr'>πάλαι</span> <span class='ocrx_word' id='word_1_332' title='bbox 794 1432 808 1456; x_wconf 84' lang='grc' dir='ltr'>ὁ</span> <span class='ocrx_word' id='word_1_333' title='bbox 826 1431 931 1467; x_wconf 85' lang='grc' dir='ltr'>Ἰσραὴλ</span> 
     </span>
    </p>
   </div>
   <div class='ocr_carea' id='block_1_44' title="bbox 135 1476 932 1514">
    <p class='ocr_par' dir='ltr' id='par_1_44' title="bbox 135 1476 932 1514">
     <span class='ocr_line' id='line_1_44' title="bbox 135 1476 932 1514; baseline 0.001 -12"><span class='ocrx_word' id='word_1_334' title='bbox 135 1476 306 1509; x_wconf 78' lang='grc' dir='ltr'>ὠνειδίζετο·</span> <span class='ocrx_word' id='word_1_335' title='bbox 317 1477 378 1504; x_wconf 80' lang='grc' dir='ltr'>οὐδὲ</span> <span class='ocrx_word' id='word_1_336' title='bbox 397 1477 504 1514; x_wconf 83' lang='grc' dir='ltr'>Ἰσραὴλ</span> <span class='ocrx_word' id='word_1_337' title='bbox 514 1478 562 1504; x_wconf 74' lang='grc' dir='ltr'>καὶ</span> <span class='ocrx_word' id='word_1_338' title='bbox 581 1476 692 1509; x_wconf 80' lang='grc' dir='ltr'>Ἰούδας,</span> <span class='ocrx_word' id='word_1_339' title='bbox 708 1476 743 1503; x_wconf 87' lang='grc' dir='ltr'><strong>τά</strong></span> <span class='ocrx_word' id='word_1_340' title='bbox 753 1477 799 1503; x_wconf 85' lang='grc' dir='ltr'>δύο</span> <span class='ocrx_word' id='word_1_341' title='bbox 811 1476 857 1503; x_wconf 69' lang='grc' dir='ltr'>καὶ</span> <span class='ocrx_word' id='word_1_342' title='bbox 873 1476 932 1508; x_wconf 80' lang='grc' dir='ltr'>ἑνὸς</span> 
     </span>
    </p>
   </div>
   <div class='ocr_carea' id='block_1_45' title="bbox 137 1522 931 1559">
    <p class='ocr_par' dir='ltr' id='par_1_45' title="bbox 137 1522 931 1559">
     <span class='ocr_line' id='line_1_45' title="bbox 137 1522 931 1559; baseline 0 -10"><span class='ocrx_word' id='word_1_343' title='bbox 137 1522 231 1554; x_wconf 71' lang='grc' dir='ltr'>ἔθνους</span> <span class='ocrx_word' id='word_1_344' title='bbox 248 1524 294 1550; x_wconf 82' lang='grc' dir='ltr'>καὶ</span> <span class='ocrx_word' id='word_1_345' title='bbox 315 1523 414 1559; x_wconf 78' lang='grc' dir='ltr'>μικροῦ</span> <span class='ocrx_word' id='word_1_346' title='bbox 432 1524 528 1550; x_wconf 84' lang='grc' dir='ltr'>τούτου</span> <span class='ocrx_word' id='word_1_347' title='bbox 544 1524 691 1559; x_wconf 84' lang='grc' dir='ltr'>τμήματα,</span> <span class='ocrx_word' id='word_1_348' title='bbox 709 1523 768 1550; x_wconf 76' lang='grc' dir='ltr'>κατ’</span> <span class='ocrx_word' id='word_1_349' title='bbox 788 1524 878 1554; x_wconf 84' lang='grc' dir='ltr'>οἴκους</span> <span class='ocrx_word' id='word_1_350' title='bbox 903 1523 931 1549; x_wconf 81' lang='grc' dir='ltr'>δὲ</span> 
     </span>
    </p>
   </div>
   <div class='ocr_carea' id='block_1_46' title="bbox 137 1566 932 1604">
    <p class='ocr_par' dir='ltr' id='par_1_46' title="bbox 137 1566 932 1604">
     <span class='ocr_line' id='line_1_46' title="bbox 137 1566 932 1604; baseline 0.001 -10"><span class='ocrx_word' id='word_1_351' title='bbox 137 1569 185 1595; x_wconf 80' lang='grc' dir='ltr'>καὶ</span> <span class='ocrx_word' id='word_1_352' title='bbox 203 1569 334 1603; x_wconf 75' lang='grc' dir='ltr'>συζυγίας</span> <span class='ocrx_word' id='word_1_353' title='bbox 353 1569 402 1600; x_wconf 76' lang='grc' dir='ltr'><strong>τὰς</strong></span> <span class='ocrx_word' id='word_1_354' title='bbox 423 1569 574 1604; x_wconf 79' lang='grc' dir='ltr'>ἀναγκαίας</span> <span class='ocrx_word' id='word_1_355' title='bbox 586 1590 592 1600; x_wconf 86' lang='grc'><strong>,</strong></span> <span class='ocrx_word' id='word_1_356' title='bbox 609 1570 657 1596; x_wconf 78' lang='grc' dir='ltr'>καὶ</span> <span class='ocrx_word' id='word_1_357' title='bbox 678 1566 733 1595; x_wconf 78' lang='grc' dir='ltr'>οἷον</span> <span class='ocrx_word' id='word_1_358' title='bbox 749 1569 816 1604; x_wconf 79' lang='grc' dir='ltr'>πρὸς</span> <span class='ocrx_word' id='word_1_359' title='bbox 837 1569 932 1595; x_wconf 77' lang='grc' dir='ltr'>ἑαυτὸν</span> 
     </span>
    </p>
   </div>
   <div class='ocr_carea' id='block_1_47' title="bbox 139 1615 932 1650">
    <p class='ocr_par' dir='ltr' id='par_1_47' title="bbox 139 1615 932 1650">
     <span class='ocr_line' id='line_1_47' title="bbox 139 1615 932 1650; baseline 0 -9"><span class='ocrx_word' id='word_1_360' title='bbox 139 1615 266 1647; x_wconf 72' lang='grc' dir='ltr'>ἕκαστος,</span> <span class='ocrx_word' id='word_1_361' title='bbox 291 1615 486 1650; x_wconf 80' lang='grc' dir='ltr'>ἐμερίσθημεν,</span> <span class='ocrx_word' id='word_1_362' title='bbox 501 1617 517 1650; x_wconf 88' lang='grc' dir='ltr'><strong>ή</strong></span> <span class='ocrx_word' id='word_1_363' title='bbox 530 1615 676 1650; x_wconf 75' lang='grc' dir='ltr'>οἰκουμένη</span> <span class='ocrx_word' id='word_1_364' title='bbox 695 1615 780 1647; x_wconf 77' lang='grc' dir='ltr'>πᾶσα,</span> <span class='ocrx_word' id='word_1_365' title='bbox 795 1615 842 1641; x_wconf 74' lang='grc' dir='ltr'>καὶ</span> <span class='ocrx_word' id='word_1_366' title='bbox 855 1615 932 1648; x_wconf 78' lang='grc' dir='ltr'>γένος</span> 
     </span>
    </p>
   </div>
   <div class='ocr_carea' id='block_1_48' title="bbox 139 1656 967 1696">
    <p class='ocr_par' dir='ltr' id='par_1_48' title="bbox 139 1656 967 1696">
     <span class='ocr_line' id='line_1_48' title="bbox 139 1656 967 1696; baseline 0 -10"><span class='ocrx_word' id='word_1_367' title='bbox 139 1660 213 1687; x_wconf 79' lang='grc' dir='ltr'>ἅπαν</span> <span class='ocrx_word' id='word_1_368' title='bbox 231 1660 382 1696; x_wconf 85' lang='grc' dir='ltr'>ἀνθρώπων</span> <span class='ocrx_word' id='word_1_369' title='bbox 393 1681 400 1692; x_wconf 88' lang='grc'><strong>,</strong></span> <span class='ocrx_word' id='word_1_370' title='bbox 413 1661 474 1687; x_wconf 82' lang='grc' dir='ltr'>ὅσον</span> <span class='ocrx_word' id='word_1_371' title='bbox 487 1662 500 1687; x_wconf 86' lang='grc' dir='ltr'>ὁ</span> <span class='ocrx_word' id='word_1_372' title='bbox 514 1660 584 1692; x_wconf 84' lang='grc' dir='ltr'>θεῖος</span> <span class='ocrx_word' id='word_1_373' title='bbox 603 1660 681 1694; x_wconf 79' lang='grc' dir='ltr'>λόγος</span> <span class='ocrx_word' id='word_1_374' title='bbox 698 1660 851 1696; x_wconf 78' lang='grc' dir='ltr'>ἐπέδραμεν</span> <span class='ocrx_word' id='word_1_375' title='bbox 864 1669 870 1675; x_wconf 86' lang='grc'><strong>·</strong></span> <span class='ocrx_word' id='word_1_376' title='bbox 886 1661 932 1688; x_wconf 72' lang='grc' dir='ltr'><strong>καὶ</strong></span> <span class='ocrx_word' id='word_1_377' title='bbox 946 1656 967 1683; x_wconf 89' lang='lat' dir='ltr'><strong>C</strong></span> 
     </span>
    </p>
   </div>
   <div class='ocr_carea' id='block_1_49' title="bbox 140 1707 934 1744">
    <p class='ocr_par' dir='ltr' id='par_1_49' title="bbox 140 1707 934 1744">
     <span class='ocr_line' id='line_1_49' title="bbox 140 1707 934 1744; baseline 0 -10"><span class='ocrx_word' id='word_1_378' title='bbox 140 1707 252 1741; x_wconf 74' lang='grc' dir='ltr'>γέγονεν</span> <span class='ocrx_word' id='word_1_379' title='bbox 267 1708 394 1743; x_wconf 85' lang='grc' dir='ltr'>ἀναρχία,</span> <span class='ocrx_word' id='word_1_380' title='bbox 445 1708 608 1743; x_wconf 79' lang='grc' dir='ltr'>πολυαρχία,</span> <span class='ocrx_word' id='word_1_381' title='bbox 626 1709 673 1735; x_wconf 78' lang='grc' dir='ltr'>καὶ</span> <span class='ocrx_word' id='word_1_382' title='bbox 689 1708 881 1744; x_wconf 82' lang='grc' dir='ltr'>διεσκορπίσθη</span> <span class='ocrx_word' id='word_1_383' title='bbox 900 1708 934 1735; x_wconf 80' lang='grc' dir='ltr'>τὰ</span> 
     </span>
    </p>
   </div>
   <div class='ocr_carea' id='block_1_50' title="bbox 140 1754 934 1790">
    <p class='ocr_par' dir='ltr' id='par_1_50' title="bbox 140 1754 934 1790">
     <span class='ocr_line' id='line_1_50' title="bbox 140 1754 934 1790; baseline 0.001 -11"><span class='ocrx_word' id='word_1_384' title='bbox 140 1754 207 1780; x_wconf 77' lang='grc' dir='ltr'>ὀστᾶ.</span> <span class='ocrx_word' id='word_1_385' title='bbox 224 1754 302 1790; x_wconf 73' lang='grc' dir='ltr'>ἡμῶν</span> <span class='ocrx_word' id='word_1_386' title='bbox 320 1755 394 1789; x_wconf 69' lang='grc' dir='ltr'>παρὰ</span> <span class='ocrx_word' id='word_1_387' title='bbox 411 1754 456 1781; x_wconf 87' lang='grc' dir='ltr'>τὸν</span> <span class='ocrx_word' id='word_1_388' title='bbox 471 1754 538 1789; x_wconf 81' lang='grc' dir='ltr'>ᾆδην</span> <span class='ocrx_word' id='word_1_389' title='bbox 551 1763 557 1769; x_wconf 93' lang='grc'><strong>·</strong></span> <span class='ocrx_word' id='word_1_390' title='bbox 582 1754 628 1780; x_wconf 72' lang='grc' dir='ltr'>καὶ</span> <span class='ocrx_word' id='word_1_391' title='bbox 647 1755 730 1790; x_wconf 74' lang='grc' dir='ltr'>ἐχρῆν</span> <span class='ocrx_word' id='word_1_392' title='bbox 750 1755 807 1789; x_wconf 69' lang='grc' dir='ltr'><strong>(Ξῦ)</strong></span> <span class='ocrx_word' id='word_1_393' title='bbox 818 1775 825 1787; x_wconf 85' lang='grc'><strong>,</strong></span> <span class='ocrx_word' id='word_1_394' title='bbox 840 1755 934 1790; x_wconf 85' lang='grc' dir='ltr'>ἐπειδὴ</span> 
     </span>
    </p>
   </div>
   <div class='ocr_carea' id='block_1_51' title="bbox 142 1799 935 1836">
    <p class='ocr_par' dir='ltr' id='par_1_51' title="bbox 142 1799 935 1836">
     <span class='ocr_line' id='line_1_51' title="bbox 142 1799 935 1836; baseline 0.001 -11"><span class='ocrx_word' id='word_1_395' title='bbox 142 1799 197 1826; x_wconf 86' lang='grc' dir='ltr'>τῶν</span> <span class='ocrx_word' id='word_1_396' title='bbox 221 1800 299 1831; x_wconf 68' lang='lat' dir='ltr'><strong>sxto;</strong></span> <span class='ocrx_word' id='word_1_397' title='bbox 321 1800 426 1835; x_wconf 75' lang='grc' dir='ltr'>ἐχθρῶν</span> <span class='ocrx_word' id='word_1_398' title='bbox 448 1801 639 1836; x_wconf 76' lang='grc' dir='ltr'>ἐκρατήσαμεν</span> <span class='ocrx_word' id='word_1_399' title='bbox 654 1801 721 1835; x_wconf 76' lang='lat'><strong>(2(5),</strong></span> <span class='ocrx_word' id='word_1_400' title='bbox 747 1801 791 1826; x_wconf 88' lang='grc' dir='ltr'><strong>ὑπ’</strong></span> <span class='ocrx_word' id='word_1_401' title='bbox 814 1800 935 1836; x_wconf 81' lang='grc' dir='ltr'>ἀλλήλων</span> 
     </span>
    </p>
   </div>
   <div class='ocr_carea' id='block_1_52' title="bbox 143 1847 935 1882">
    <p class='ocr_par' dir='ltr' id='par_1_52' title="bbox 143 1847 935 1882">
     <span class='ocr_line' id='line_1_52' title="bbox 143 1847 935 1882; baseline -0.001 -9"><span class='ocrx_word' id='word_1_402' title='bbox 143 1847 217 1881; x_wconf 75' lang='grc' dir='ltr'>ἡμᾶς</span> <span class='ocrx_word' id='word_1_403' title='bbox 233 1847 428 1882; x_wconf 77' lang='grc' dir='ltr'>καταλυθῆναι,</span> <span class='ocrx_word' id='word_1_404' title='bbox 447 1847 504 1879; x_wconf 75' lang='grc' dir='ltr'>καὶ,</span> <span class='ocrx_word' id='word_1_405' title='bbox 528 1847 653 1882; x_wconf 82' lang='grc' dir='ltr'>καθάπερ</span> <span class='ocrx_word' id='word_1_406' title='bbox 668 1848 730 1879; x_wconf 82' lang='grc' dir='ltr'>τοὺς</span> <span class='ocrx_word' id='word_1_407' title='bbox 747 1847 935 1882; x_wconf 78' lang='grc' dir='ltr'>μαινομένους,</span> 
     </span>
    </p>
   </div>
   <div class='ocr_carea' id='block_1_53' title="bbox 141 1891 936 1928">
    <p class='ocr_par' dir='ltr' id='par_1_53' title="bbox 141 1891 936 1928">
     <span class='ocr_line' id='line_1_53' title="bbox 141 1891 936 1928; baseline -0.001 -10"><span class='ocrx_word' id='word_1_408' title='bbox 141 1893 197 1918; x_wconf 78' lang='grc' dir='ltr'>τῶν</span> <span class='ocrx_word' id='word_1_409' title='bbox 224 1893 296 1919; x_wconf 82' lang='grc' dir='ltr'>ἰδίων</span> <span class='ocrx_word' id='word_1_410' title='bbox 313 1893 424 1928; x_wconf 85' lang='grc' dir='ltr'>σαρκῶν</span> <span class='ocrx_word' id='word_1_411' title='bbox 448 1892 635 1928; x_wconf 77' lang='grc' dir='ltr'>ἁπτομένους,</span> <span class='ocrx_word' id='word_1_412' title='bbox 655 1892 722 1928; x_wconf 72' lang='grc' dir='ltr'>μηδὲ</span> <span class='ocrx_word' id='word_1_413' title='bbox 744 1891 936 1923; x_wconf 79' lang='grc' dir='ltr'>αἰσθάνεσθαι,</span> 
     </span>
    </p>
   </div>
   <div class='ocr_carea' id='block_1_54' title="bbox 144 1937 938 1974">
    <p class='ocr_par' dir='ltr' id='par_1_54' title="bbox 144 1937 938 1974">
     <span class='ocr_line' id='line_1_54' title="bbox 144 1937 938 1974; baseline -0.003 -10"><span class='ocrx_word' id='word_1_414' title='bbox 144 1938 214 1965; x_wconf 83' lang='grc' dir='ltr'>ἀλλὰ</span> <span class='ocrx_word' id='word_1_415' title='bbox 228 1939 275 1966; x_wconf 73' lang='grc' dir='ltr'>καὶ</span> <span class='ocrx_word' id='word_1_416' title='bbox 290 1939 345 1974; x_wconf 74' lang='lat'><strong>(‘27)</strong></span> <span class='ocrx_word' id='word_1_417' title='bbox 362 1940 467 1974; x_wconf 80' lang='grc' dir='ltr'>χαίρειν</span> <span class='ocrx_word' id='word_1_418' title='bbox 483 1938 521 1974; x_wconf 80' lang='grc' dir='ltr'>τῷ</span> <span class='ocrx_word' id='word_1_419' title='bbox 532 1937 609 1973; x_wconf 84' lang='grc' dir='ltr'>κακῷ</span> <span class='ocrx_word' id='word_1_420' title='bbox 620 1937 737 1973; x_wconf 78' lang='grc' dir='ltr'>πλέον,ἢ</span> <span class='ocrx_word' id='word_1_421' title='bbox 752 1937 938 1973; x_wconf 76' lang='grc' dir='ltr'>εἰρηνεύοντες</span> 
     </span>
    </p>
   </div>
   <div class='ocr_carea' id='block_1_55' title="bbox 144 1983 938 2020">
    <p class='ocr_par' dir='ltr' id='par_1_55' title="bbox 144 1983 938 2020">
     <span class='ocr_line' id='line_1_55' title="bbox 144 1983 938 2020; baseline -0.004 -9"><span class='ocrx_word' id='word_1_422' title='bbox 144 1986 245 2020; x_wconf 78' lang='grc' dir='ltr'>ἕτεροι,</span> <span class='ocrx_word' id='word_1_423' title='bbox 272 1986 320 2011; x_wconf 74' lang='grc' dir='ltr'>καὶ</span> <span class='ocrx_word' id='word_1_424' title='bbox 346 1985 441 2020; x_wconf 81' lang='grc' dir='ltr'>κέρδος</span> <span class='ocrx_word' id='word_1_425' title='bbox 468 1985 604 2012; x_wconf 84' lang='grc' dir='ltr'>ποιεῖσθαι</span> <span class='ocrx_word' id='word_1_426' title='bbox 628 1984 677 2020; x_wconf 83' lang='grc' dir='ltr'>τὴν</span> <span class='ocrx_word' id='word_1_427' title='bbox 707 1983 860 2018; x_wconf 72' lang='grc' dir='ltr'>συμφορὰν,</span> <span class='ocrx_word' id='word_1_428' title='bbox 891 1983 938 2008; x_wconf 71' lang='grc' dir='ltr'>καὶ</span> 
     </span>
    </p>
   </div>
   <div class='ocr_carea' id='block_1_56' title="bbox 145 2029 939 2067">
    <p class='ocr_par' dir='ltr' id='par_1_56' title="bbox 145 2029 939 2067">
     <span class='ocr_line' id='line_1_56' title="bbox 145 2029 939 2067; baseline -0.005 -9"><span class='ocrx_word' id='word_1_429' title='bbox 145 2030 271 2066; x_wconf 74' lang='grc' dir='ltr'>ἡγεῖσθαι</span> <span class='ocrx_word' id='word_1_430' title='bbox 283 2031 411 2067; x_wconf 84' lang='grc' dir='ltr'>λατρείαν</span> <span class='ocrx_word' id='word_1_431' title='bbox 432 2032 570 2067; x_wconf 78' lang='grc' dir='ltr'>εἰσφέρειν</span> <span class='ocrx_word' id='word_1_432' title='bbox 585 2031 623 2066; x_wconf 79' lang='grc' dir='ltr'>τῷ</span> <span class='ocrx_word' id='word_1_433' title='bbox 640 2030 700 2064; x_wconf 86' lang='grc' dir='ltr'><strong>Θεῷ</strong></span> <span class='ocrx_word' id='word_1_434' title='bbox 716 2030 773 2065; x_wconf 75' lang='lat'><strong>(9.8)</strong></span> <span class='ocrx_word' id='word_1_435' title='bbox 786 2029 836 2063; x_wconf 77' lang='grc' dir='ltr'>τὴν</span> <span class='ocrx_word' id='word_1_436' title='bbox 856 2029 939 2054; x_wconf 74' lang='grc' dir='ltr'>κατὰ·</span> 
     </span>
    </p>
   </div>
   <div class='ocr_carea' id='block_1_57' title="bbox 145 2074 938 2114">
    <p class='ocr_par' dir='ltr' id='par_1_57' title="bbox 145 2074 938 2114">
     <span class='ocr_line' id='line_1_57' title="bbox 145 2074 938 2114; baseline -0.005 -11"><span class='ocrx_word' id='word_1_437' title='bbox 145 2078 242 2107; x_wconf 52' lang='grc' dir='ltr'>λυσινν</span> <span class='ocrx_word' id='word_1_438' title='bbox 258 2078 307 2104; x_wconf 74' lang='grc' dir='ltr'><strong>καὶ</strong></span> <span class='ocrx_word' id='word_1_439' title='bbox 335 2077 515 2114; x_wconf 82' lang='grc' dir='ltr'>διαιρεθῆναι.</span> <span class='ocrx_word' id='word_1_440' title='bbox 537 2078 585 2103; x_wconf 80' lang='grc' dir='ltr'>καὶ</span> <span class='ocrx_word' id='word_1_441' title='bbox 607 2075 819 2112; x_wconf 78' lang='grc' dir='ltr'>ἐμπρησθῆναι,</span> <span class='ocrx_word' id='word_1_442' title='bbox 834 2075 864 2101; x_wconf 87' lang='grc' dir='ltr'>οὺ</span> <span class='ocrx_word' id='word_1_443' title='bbox 889 2074 938 2109; x_wconf 83' lang='grc' dir='ltr'>τὴν</span> 
     </span>
    </p>
   </div>
   <div class='ocr_carea' id='block_1_58' title="bbox 145 2121 939 2159">
    <p class='ocr_par' dir='ltr' id='par_1_58' title="bbox 145 2121 939 2159">
     <span class='ocr_line' id='line_1_58' title="bbox 145 2121 939 2159; baseline -0.005 -9"><span class='ocrx_word' id='word_1_444' title='bbox 145 2124 291 2159; x_wconf 78' lang='grc' dir='ltr'>ἐπαινετὴν</span> <span class='ocrx_word' id='word_1_445' title='bbox 309 2124 452 2159; x_wconf 76' lang='grc' dir='ltr'>διαίρεσιν,</span> <span class='ocrx_word' id='word_1_446' title='bbox 475 2123 543 2150; x_wconf 72' lang='grc' dir='ltr'>ἀλλὰ</span> <span class='ocrx_word' id='word_1_447' title='bbox 560 2123 608 2158; x_wconf 82' lang='grc' dir='ltr'>τὴν</span> <span class='ocrx_word' id='word_1_448' title='bbox 632 2122 745 2158; x_wconf 66' lang='grc' dir='ltr'>ψεκτὴν,</span> <span class='ocrx_word' id='word_1_449' title='bbox 759 2121 818 2148; x_wconf 77' lang='grc' dir='ltr'>οὐδὲ</span> <span class='ocrx_word' id='word_1_450' title='bbox 832 2121 876 2147; x_wconf 81' lang='grc' dir='ltr'>τὸν</span> <span class='ocrx_word' id='word_1_451' title='bbox 891 2130 939 2147; x_wconf 82' lang='grc' dir='ltr'>κα-</span> 
     </span>
    </p>
   </div>
   <div class='ocr_carea' id='block_1_59' title="bbox 147 2167 940 2206">
    <p class='ocr_par' dir='ltr' id='par_1_59' title="bbox 147 2167 940 2206">
     <span class='ocr_line' id='line_1_59' title="bbox 147 2167 940 2206; baseline -0.005 -9"><span class='ocrx_word' id='word_1_452' title='bbox 147 2170 258 2206; x_wconf 78' lang='grc' dir='ltr'>θάρσιον</span> <span class='ocrx_word' id='word_1_453' title='bbox 272 2171 447 2206; x_wconf 75' lang='grc' dir='ltr'>ἐμπρησμὸν,</span> <span class='ocrx_word' id='word_1_454' title='bbox 460 2170 528 2197; x_wconf 79' lang='grc' dir='ltr'>ἀλλὰ</span> <span class='ocrx_word' id='word_1_455' title='bbox 544 2171 588 2196; x_wconf 77' lang='grc' dir='ltr'><strong>τὸν</strong></span> <span class='ocrx_word' id='word_1_456' title='bbox 602 2169 733 2204; x_wconf 79' lang='grc' dir='ltr'>ὀλέθριον.</span> <span class='ocrx_word' id='word_1_457' title='bbox 749 2168 785 2194; x_wconf 76' lang='grc' dir='ltr'>Οὐ</span> <span class='ocrx_word' id='word_1_458' title='bbox 801 2167 854 2202; x_wconf 80' lang='grc' dir='ltr'>γὰρ</span> <span class='ocrx_word' id='word_1_459' title='bbox 869 2168 882 2194; x_wconf 80' lang='grc' dir='ltr'>ὁ</span> <span class='ocrx_word' id='word_1_460' title='bbox 897 2175 940 2193; x_wconf 86' lang='grc' dir='ltr'>το-</span> 
     </span>
    </p>
   </div>
   <div class='ocr_carea' id='block_1_60' title="bbox 151 2213 940 2252">
    <p class='ocr_par' dir='ltr' id='par_1_60' title="bbox 151 2213 940 2252">
     <span class='ocr_line' id='line_1_60' title="bbox 151 2213 940 2252; baseline -0.004 -10"><span class='ocrx_word' id='word_1_461' title='bbox 151 2217 200 2251; x_wconf 61' lang='lat' dir='ltr'><strong>ab;</strong></span> <span class='ocrx_word' id='word_1_462' title='bbox 217 2216 316 2252; x_wconf 88' lang='grc' dir='ltr'>διαιρεί</span> <span class='ocrx_word' id='word_1_463' title='bbox 336 2216 414 2250; x_wconf 82' lang='grc' dir='ltr'>λόγος</span> <span class='ocrx_word' id='word_1_464' title='bbox 426 2237 432 2248; x_wconf 88' lang='grc'><strong>,</strong></span> <span class='ocrx_word' id='word_1_465' title='bbox 458 2217 475 2251; x_wconf 82' lang='grc' dir='ltr'>ἡ</span> <span class='ocrx_word' id='word_1_466' title='bbox 491 2215 609 2251; x_wconf 81' lang='grc' dir='ltr'>Χριστοῦ</span> <span class='ocrx_word' id='word_1_467' title='bbox 633 2215 754 2250; x_wconf 84' lang='grc' dir='ltr'>μάχαιρα</span> <span class='ocrx_word' id='word_1_468' title='bbox 765 2234 772 2244; x_wconf 82' lang='grc'><strong>,</strong></span> <span class='ocrx_word' id='word_1_469' title='bbox 789 2213 853 2244; x_wconf 75' lang='grc' dir='ltr'>τοὺς</span> <span class='ocrx_word' id='word_1_470' title='bbox 879 2221 940 2239; x_wconf 86' lang='grc' dir='ltr'>πισ-</span> 
     </span>
    </p>
   </div>
   <div class='ocr_carea' id='block_1_61' title="bbox 149 2259 941 2296">
    <p class='ocr_par' dir='ltr' id='par_1_61' title="bbox 149 2259 941 2296">
     <span class='ocr_line' id='line_1_61' title="bbox 149 2259 941 2296; baseline -0.006 -7"><span class='ocrx_word' id='word_1_471' title='bbox 149 2263 278 2294; x_wconf 81' lang='grc' dir='ltr'>τεύοντας</span> <span class='ocrx_word' id='word_1_472' title='bbox 297 2263 351 2289; x_wconf 74' lang='grc' dir='ltr'>ἀπὸ</span> <span class='ocrx_word' id='word_1_473' title='bbox 366 2262 419 2288; x_wconf 76' lang='grc' dir='ltr'><strong>τῶν</strong></span> <span class='ocrx_word' id='word_1_474' title='bbox 440 2263 574 2294; x_wconf 83' lang='grc' dir='ltr'>ἀπίστων,</span> <span class='ocrx_word' id='word_1_475' title='bbox 589 2261 648 2287; x_wconf 69' lang='grc' dir='ltr'>οὐδὲ</span> <span class='ocrx_word' id='word_1_476' title='bbox 663 2259 718 2296; x_wconf 78' lang='grc' dir='ltr'>πῦρ</span> <span class='ocrx_word' id='word_1_477' title='bbox 732 2259 875 2294; x_wconf 78' lang='grc' dir='ltr'>βάλλεται,</span> <span class='ocrx_word' id='word_1_478' title='bbox 895 2259 941 2285; x_wconf 72' lang='grc' dir='ltr'><strong>καὶ</strong></span> 
     </span>
    </p>
   </div>
   <div class='ocr_carea' id='block_1_62' title="bbox 149 2305 941 2344">
    <p class='ocr_par' dir='ltr' id='par_1_62' title="bbox 149 2305 941 2344">
     <span class='ocr_line' id='line_1_62' title="bbox 149 2305 941 2344; baseline -0.008 -8"><span class='ocrx_word' id='word_1_479' title='bbox 149 2309 317 2341; x_wconf 85' lang='grc' dir='ltr'>ἀνάπτεται,</span> <span class='ocrx_word' id='word_1_480' title='bbox 347 2311 364 2344; x_wconf 89' lang='grc' dir='ltr'><strong>ή</strong></span> <span class='ocrx_word' id='word_1_481' title='bbox 391 2309 539 2335; x_wconf 81' lang='grc' dir='ltr'>δαπανῶσα</span> <span class='ocrx_word' id='word_1_482' title='bbox 563 2308 613 2343; x_wconf 82' lang='grc' dir='ltr'>τὴν</span> <span class='ocrx_word' id='word_1_483' title='bbox 647 2306 713 2342; x_wconf 74' lang='grc' dir='ltr'>ὕλην</span> <span class='ocrx_word' id='word_1_484' title='bbox 739 2307 786 2332; x_wconf 77' lang='grc' dir='ltr'>καὶ</span> <span class='ocrx_word' id='word_1_485' title='bbox 815 2305 941 2331; x_wconf 80' lang='grc' dir='ltr'>ἐσθίουσα</span> 
     </span>
    </p>
   </div>
   <div class='ocr_carea' id='block_1_63' title="bbox 150 2351 939 2390">
    <p class='ocr_par' dir='ltr' id='par_1_63' title="bbox 150 2351 939 2390">
     <span class='ocr_line' id='line_1_63' title="bbox 150 2351 939 2390; baseline -0.005 -9"><span class='ocrx_word' id='word_1_486' title='bbox 150 2356 254 2387; x_wconf 75' lang='grc' dir='ltr'>πίστις,</span> <span class='ocrx_word' id='word_1_487' title='bbox 276 2355 350 2390; x_wconf 77' lang='grc' dir='ltr'>καὶὴ</span> <span class='ocrx_word' id='word_1_488' title='bbox 367 2354 441 2387; x_wconf 78' lang='grc' dir='ltr'>ζέσις</span> <span class='ocrx_word' id='word_1_489' title='bbox 461 2354 517 2390; x_wconf 64' lang='lat'><strong>(29)</strong></span> <span class='ocrx_word' id='word_1_490' title='bbox 532 2353 578 2380; x_wconf 74' lang='grc' dir='ltr'><strong>τοῦ</strong></span> <span class='ocrx_word' id='word_1_491' title='bbox 595 2352 769 2388; x_wconf 80' lang='grc' dir='ltr'>ΙΙνεύματος·</span> <span class='ocrx_word' id='word_1_492' title='bbox 792 2351 850 2378; x_wconf 80' lang='grc' dir='ltr'>ἀλλ’</span> <span class='ocrx_word' id='word_1_493' title='bbox 863 2352 939 2378; x_wconf 80' lang='grc' dir='ltr'>ἐναν-</span> 
     </span>
    </p>
   </div>
   <div class='ocr_carea' id='block_1_64' title="bbox 149 2396 868 2436">
    <p class='ocr_par' dir='ltr' id='par_1_64' title="bbox 149 2396 868 2436">
     <span class='ocr_line' id='line_1_64' title="bbox 149 2396 868 2436; baseline -0.006 -10"><span class='ocrx_word' id='word_1_494' title='bbox 149 2400 214 2432; x_wconf 85' lang='grc' dir='ltr'>τίως</span> <span class='ocrx_word' id='word_1_495' title='bbox 231 2401 248 2436; x_wconf 90' lang='grc' dir='ltr'>ἢ</span> <span class='ocrx_word' id='word_1_496' title='bbox 272 2401 415 2436; x_wconf 83' lang='grc' dir='ltr'>πρότερον,</span> <span class='ocrx_word' id='word_1_497' title='bbox 432 2398 616 2434; x_wconf 83' lang='grc' dir='ltr'>ὃαπανώμεθα</span> <span class='ocrx_word' id='word_1_498' title='bbox 638 2398 685 2424; x_wconf 67' lang='grc' dir='ltr'>καὶ</span> <span class='ocrx_word' id='word_1_499' title='bbox 704 2396 868 2432; x_wconf 84' lang='grc' dir='ltr'>τεμνόμεθα.</span> 
     </span>
    </p>
   </div>
   <div class='ocr_carea' id='block_1_65' title="bbox 1016 971 1768 1007">
    <p class='ocr_par' dir='ltr' id='par_1_65' title="bbox 1016 971 1768 1007">
     <span class='ocr_line' id='line_1_65' title="bbox 1016 971 1768 1007; baseline -0.003 -8"><span class='ocrx_word' id='word_1_500' title='bbox 1016 972 1060 1001; x_wconf 85' lang='lat' dir='ltr'><strong>IV.</strong></span> <span class='ocrx_word' id='word_1_501' title='bbox 1078 972 1167 1007; x_wconf 78' lang='lat' dir='ltr'><strong>Atque</strong></span> <span class='ocrx_word' id='word_1_502' title='bbox 1182 972 1252 1005; x_wconf 86' lang='lat' dir='ltr'><strong>hoc,</strong></span> <span class='ocrx_word' id='word_1_503' title='bbox 1270 971 1455 1007; x_wconf 90' lang='lat' dir='ltr'><strong>utplurimum</strong></span> <span class='ocrx_word' id='word_1_504' title='bbox 1476 977 1533 1004; x_wconf 84' lang='lat' dir='ltr'><strong>est,</strong></span> <span class='ocrx_word' id='word_1_505' title='bbox 1560 972 1630 1006; x_wconf 93' lang='lat' dir='ltr'><strong>quod</strong></span> <span class='ocrx_word' id='word_1_506' title='bbox 1649 971 1768 998; x_wconf 72' lang='lat' dir='ltr'><strong>membra</strong></span> 
     </span>
    </p>
   </div>
   <div class='ocr_carea' id='block_1_66' title="bbox 979 1017 1768 1053">
    <p class='ocr_par' dir='ltr' id='par_1_66' title="bbox 979 1017 1768 1053">
     <span class='ocr_line' id='line_1_66' title="bbox 979 1017 1768 1053; baseline -0.003 -7"><span class='ocrx_word' id='word_1_507' title='bbox 979 1019 1111 1046; x_wconf 87' lang='lat' dir='ltr'><strong>laceravit</strong></span> <span class='ocrx_word' id='word_1_508' title='bbox 1134 1024 1163 1047; x_wconf 86' lang='lat' dir='ltr'><strong>et</strong></span> <span class='ocrx_word' id='word_1_509' title='bbox 1184 1018 1320 1053; x_wconf 82' lang='lat' dir='ltr'><strong>distraxit,</strong></span> <span class='ocrx_word' id='word_1_510' title='bbox 1351 1018 1450 1046; x_wconf 81' lang='lat' dir='ltr'><strong>fratres</strong></span> <span class='ocrx_word' id='word_1_511' title='bbox 1465 1018 1593 1050; x_wconf 88' lang='lat' dir='ltr'><strong>divulsit,</strong></span> <span class='ocrx_word' id='word_1_512' title='bbox 1611 1017 1691 1045; x_wconf 89' lang='lat' dir='ltr'><strong>urbes</strong></span> <span class='ocrx_word' id='word_1_513' title='bbox 1705 1024 1768 1052; x_wconf 92' lang='lat' dir='ltr'><strong>per-</strong></span> 
     </span>
    </p>
   </div>
   <div class='ocr_carea' id='block_1_67' title="bbox 980 1064 1770 1100">
    <p class='ocr_par' dir='ltr' id='par_1_67' title="bbox 980 1064 1770 1100">
     <span class='ocr_line' id='line_1_67' title="bbox 980 1064 1770 1100; baseline -0.003 -8"><span class='ocrx_word' id='word_1_514' title='bbox 980 1065 1110 1098; x_wconf 84' lang='lat' dir='ltr'><strong>turbavit,</strong></span> <span class='ocrx_word' id='word_1_515' title='bbox 1124 1065 1240 1100; x_wconf 90' lang='lat' dir='ltr'><strong>populos</strong></span> <span class='ocrx_word' id='word_1_516' title='bbox 1256 1066 1283 1092; x_wconf 95' lang='lat' dir='ltr'><strong>in</strong></span> <span class='ocrx_word' id='word_1_517' title='bbox 1294 1065 1414 1092; x_wconf 80' lang='lat' dir='ltr'><strong>furorem</strong></span> <span class='ocrx_word' id='word_1_518' title='bbox 1428 1065 1580 1100; x_wconf 68' lang='lat' dir='ltr'><strong>prmcipites</strong></span> <span class='ocrx_word' id='word_1_519' title='bbox 1595 1064 1661 1100; x_wconf 87' lang='lat' dir='ltr'><strong>egit,</strong></span> <span class='ocrx_word' id='word_1_520' title='bbox 1676 1068 1770 1099; x_wconf 78' lang='lat' dir='ltr'><strong>gentes</strong></span> 
     </span>
    </p>
   </div>
   <div class='ocr_carea' id='block_1_68' title="bbox 981 1111 1769 1146">
    <p class='ocr_par' dir='ltr' id='par_1_68' title="bbox 981 1111 1769 1146">
     <span class='ocr_line' id='line_1_68' title="bbox 981 1111 1769 1146; baseline -0.003 -7"><span class='ocrx_word' id='word_1_521' title='bbox 981 1112 1116 1145; x_wconf 81' lang='lat' dir='ltr'><strong>armavit,</strong></span> <span class='ocrx_word' id='word_1_522' title='bbox 1135 1119 1214 1146; x_wconf 87' lang='lat' dir='ltr'><strong>reges</strong></span> <span class='ocrx_word' id='word_1_523' title='bbox 1230 1112 1256 1139; x_wconf 94' lang='lat' dir='ltr'><strong>in</strong></span> <span class='ocrx_word' id='word_1_524' title='bbox 1275 1116 1399 1139; x_wconf 91' lang='lat' dir='ltr'><strong>mutuum</strong></span> <span class='ocrx_word' id='word_1_525' title='bbox 1418 1111 1529 1139; x_wconf 73' lang='lat' dir='ltr'><strong>exitium</strong></span> <span class='ocrx_word' id='word_1_526' title='bbox 1545 1111 1708 1143; x_wconf 90' lang='lat' dir='ltr'><strong>concitavit,</strong></span> <span class='ocrx_word' id='word_1_527' title='bbox 1724 1117 1769 1137; x_wconf 87' lang='lat' dir='ltr'><strong>sa-</strong></span> 
     </span>
    </p>
   </div>
   <div class='ocr_carea' id='block_1_69' title="bbox 982 1156 1770 1193">
    <p class='ocr_par' dir='ltr' id='par_1_69' title="bbox 982 1156 1770 1193">
     <span class='ocr_line' id='line_1_69' title="bbox 982 1156 1770 1193; baseline -0.001 -9"><span class='ocrx_word' id='word_1_528' title='bbox 982 1159 1110 1185; x_wconf 88' lang='lat' dir='ltr'><strong>cerdotes</strong></span> <span class='ocrx_word' id='word_1_529' title='bbox 1126 1166 1187 1186; x_wconf 89' lang='lat' dir='ltr'><strong>cum</strong></span> <span class='ocrx_word' id='word_1_530' title='bbox 1204 1158 1293 1193; x_wconf 89' lang='lat' dir='ltr'><strong>plebe,</strong></span> <span class='ocrx_word' id='word_1_531' title='bbox 1310 1163 1337 1186; x_wconf 88' lang='lat' dir='ltr'><strong>et</strong></span> <span class='ocrx_word' id='word_1_532' title='bbox 1353 1165 1444 1186; x_wconf 86' lang='lat' dir='ltr'><strong>secum</strong></span> <span class='ocrx_word' id='word_1_533' title='bbox 1460 1158 1541 1184; x_wconf 88' lang='lat' dir='ltr'><strong>etiam</strong></span> <span class='ocrx_word' id='word_1_534' title='bbox 1558 1157 1647 1191; x_wconf 80' lang='lat' dir='ltr'><strong>ipsos,</strong></span> <span class='ocrx_word' id='word_1_535' title='bbox 1665 1156 1770 1192; x_wconf 78' lang='lat' dir='ltr'><strong>plebem</strong></span> 
     </span>
    </p>
   </div>
   <div class='ocr_carea' id='block_1_70' title="bbox 983 1205 1772 1239">
    <p class='ocr_par' dir='ltr' id='par_1_70' title="bbox 983 1205 1772 1239">
     <span class='ocr_line' id='line_1_70' title="bbox 983 1205 1772 1239; baseline -0.001 -8"><span class='ocrx_word' id='word_1_536' title='bbox 983 1211 1079 1232; x_wconf 85' lang='lat' dir='ltr'><strong>rursus</strong></span> <span class='ocrx_word' id='word_1_537' title='bbox 1095 1212 1148 1232; x_wconf 92' lang='lat' dir='ltr'><strong>non</strong></span> <span class='ocrx_word' id='word_1_538' title='bbox 1167 1205 1260 1232; x_wconf 86' lang='lat' dir='ltr'><strong>minus</strong></span> <span class='ocrx_word' id='word_1_539' title='bbox 1276 1205 1360 1239; x_wconf 88' lang='lat' dir='ltr'><strong>ipsam</strong></span> <span class='ocrx_word' id='word_1_540' title='bbox 1382 1211 1486 1236; x_wconf 88' lang='lat' dir='ltr'><strong>secum,</strong></span> <span class='ocrx_word' id='word_1_541' title='bbox 1501 1211 1580 1238; x_wconf 86' lang='lat' dir='ltr'><strong>quam</strong></span> <span class='ocrx_word' id='word_1_542' title='bbox 1599 1211 1660 1231; x_wconf 92' lang='lat' dir='ltr'><strong>cum</strong></span> <span class='ocrx_word' id='word_1_543' title='bbox 1680 1210 1772 1230; x_wconf 81' lang='lat' dir='ltr'><strong>sacer-</strong></span> 
     </span>
    </p>
   </div>
   <div class='ocr_carea' id='block_1_71' title="bbox 981 1249 1772 1285">
    <p class='ocr_par' dir='ltr' id='par_1_71' title="bbox 981 1249 1772 1285">
     <span class='ocr_line' id='line_1_71' title="bbox 981 1249 1772 1285; baseline -0.003 -7"><span class='ocrx_word' id='word_1_544' title='bbox 981 1250 1090 1278; x_wconf 89' lang='lat' dir='ltr'><strong>dotibus</strong></span> <span class='ocrx_word' id='word_1_545' title='bbox 1117 1250 1272 1284; x_wconf 79' lang='lat' dir='ltr'><strong>commisit,</strong></span> <span class='ocrx_word' id='word_1_546' title='bbox 1295 1255 1424 1285; x_wconf 86' lang='lat' dir='ltr'><strong>parentes</strong></span> <span class='ocrx_word' id='word_1_547' title='bbox 1448 1257 1508 1276; x_wconf 89' lang='lat' dir='ltr'><strong>cum</strong></span> <span class='ocrx_word' id='word_1_548' title='bbox 1533 1249 1644 1282; x_wconf 85' lang='lat' dir='ltr'><strong>liberis,</strong></span> <span class='ocrx_word' id='word_1_549' title='bbox 1672 1249 1772 1276; x_wconf 90' lang='lat' dir='ltr'><strong>liberos</strong></span> 
     </span>
    </p>
   </div>
   <div class='ocr_carea' id='block_1_72' title="bbox 982 1294 1772 1330">
    <p class='ocr_par' dir='ltr' id='par_1_72' title="bbox 982 1294 1772 1330">
     <span class='ocr_line' id='line_1_72' title="bbox 982 1294 1772 1330; baseline -0.004 -7"><span class='ocrx_word' id='word_1_550' title='bbox 982 1304 1044 1323; x_wconf 90' lang='lat' dir='ltr'><strong>eum</strong></span> <span class='ocrx_word' id='word_1_551' title='bbox 1059 1295 1217 1330; x_wconf 88' lang='lat' dir='ltr'><strong>parentibus</strong></span> <span class='ocrx_word' id='word_1_552' title='bbox 1232 1315 1240 1328; x_wconf 88' lang='lat'><strong>,</strong></span> <span class='ocrx_word' id='word_1_553' title='bbox 1255 1295 1328 1322; x_wconf 90' lang='lat' dir='ltr'><strong>viros</strong></span> <span class='ocrx_word' id='word_1_554' title='bbox 1344 1302 1405 1322; x_wconf 82' lang='lat' dir='ltr'><strong>cum</strong></span> <span class='ocrx_word' id='word_1_555' title='bbox 1429 1294 1575 1327; x_wconf 80' lang='lat' dir='ltr'><strong>uxoribus,</strong></span> <span class='ocrx_word' id='word_1_556' title='bbox 1599 1301 1696 1321; x_wconf 76' lang='lat' dir='ltr'><strong>uxores</strong></span> <span class='ocrx_word' id='word_1_557' title='bbox 1710 1301 1772 1320; x_wconf 87' lang='lat' dir='ltr'><strong>cum</strong></span> 
     </span>
    </p>
   </div>
   <div class='ocr_carea' id='block_1_73' title="bbox 982 1340 1771 1374">
    <p class='ocr_par' dir='ltr' id='par_1_73' title="bbox 982 1340 1771 1374">
     <span class='ocr_line' id='line_1_73' title="bbox 982 1340 1771 1374; baseline -0.004 -5"><span class='ocrx_word' id='word_1_558' title='bbox 982 1342 1061 1370; x_wconf 88' lang='lat' dir='ltr'><strong>viris.</strong></span> <span class='ocrx_word' id='word_1_559' title='bbox 1080 1342 1138 1369; x_wconf 83' lang='lat' dir='ltr'><strong>Iloc</strong></span> <span class='ocrx_word' id='word_1_560' title='bbox 1156 1342 1246 1369; x_wconf 86' lang='lat' dir='ltr'><strong>omnia</strong></span> <span class='ocrx_word' id='word_1_561' title='bbox 1265 1341 1460 1369; x_wconf 56' lang='lat' dir='ltr'><strong>benevolentia</strong></span> <span class='ocrx_word' id='word_1_562' title='bbox 1474 1340 1582 1367; x_wconf 82' lang='lat' dir='ltr'><strong>nomina</strong></span> <span class='ocrx_word' id='word_1_563' title='bbox 1602 1340 1771 1374; x_wconf 84' lang='lat' dir='ltr'><strong>permiscuit,</strong></span> 
     </span>
    </p>
   </div>
   <div class='ocr_carea' id='block_1_74' title="bbox 984 1386 1773 1423">
    <p class='ocr_par' dir='ltr' id='par_1_74' title="bbox 984 1386 1773 1423">
     <span class='ocr_line' id='line_1_74' title="bbox 984 1386 1773 1423; baseline -0.004 -8"><span class='ocrx_word' id='word_1_564' title='bbox 984 1393 1067 1422; x_wconf 89' lang='lat' dir='ltr'><strong>atque</strong></span> <span class='ocrx_word' id='word_1_565' title='bbox 1084 1387 1217 1421; x_wconf 82' lang='lat' dir='ltr'><strong>confudit,</strong></span> <span class='ocrx_word' id='word_1_566' title='bbox 1234 1387 1315 1423; x_wconf 75' lang='lat'><strong>582</strong></span> <span class='ocrx_word' id='word_1_567' title='bbox 1333 1394 1426 1414; x_wconf 90' lang='lat' dir='ltr'><strong>servos</strong></span> <span class='ocrx_word' id='word_1_568' title='bbox 1441 1391 1468 1415; x_wconf 82' lang='lat' dir='ltr'><strong>et</strong></span> <span class='ocrx_word' id='word_1_569' title='bbox 1480 1387 1614 1418; x_wconf 89' lang='lat' dir='ltr'><strong>dominos,</strong></span> <span class='ocrx_word' id='word_1_570' title='bbox 1628 1386 1773 1421; x_wconf 86' lang='lat' dir='ltr'><strong>discipulos</strong></span> 
     </span>
    </p>
   </div>
   <div class='ocr_carea' id='block_1_75' title="bbox 983 1432 1774 1470">
    <p class='ocr_par' dir='ltr' id='par_1_75' title="bbox 983 1432 1774 1470">
     <span class='ocr_line' id='line_1_75' title="bbox 983 1432 1774 1470; baseline -0.004 -8"><span class='ocrx_word' id='word_1_571' title='bbox 983 1440 1011 1462; x_wconf 88' lang='lat' dir='ltr'><strong>et</strong></span> <span class='ocrx_word' id='word_1_572' title='bbox 1023 1440 1205 1470; x_wconf 67' lang='lat' dir='ltr'><strong>praeceptores</strong></span> <span class='ocrx_word' id='word_1_573' title='bbox 1217 1455 1225 1468; x_wconf 94' lang='lat'><strong>,</strong></span> <span class='ocrx_word' id='word_1_574' title='bbox 1241 1441 1320 1461; x_wconf 85' lang='lat' dir='ltr'><strong>senes</strong></span> <span class='ocrx_word' id='word_1_575' title='bbox 1344 1438 1372 1460; x_wconf 89' lang='lat' dir='ltr'><strong>et</strong></span> <span class='ocrx_word' id='word_1_576' title='bbox 1388 1433 1502 1468; x_wconf 87' lang='lat' dir='ltr'><strong>juvenes</strong></span> <span class='ocrx_word' id='word_1_577' title='bbox 1522 1442 1528 1460; x_wconf 90' lang='lat'><strong>:</strong></span> <span class='ocrx_word' id='word_1_578' title='bbox 1550 1432 1732 1467; x_wconf 85' lang='lat' dir='ltr'><strong>convulsaque</strong></span> <span class='ocrx_word' id='word_1_579' title='bbox 1747 1436 1774 1459; x_wconf 88' lang='lat' dir='ltr'><strong>et</strong></span> 
     </span>
    </p>
   </div>
   <div class='ocr_carea' id='block_1_76' title="bbox 982 1478 1773 1515">
    <p class='ocr_par' dir='ltr' id='par_1_76' title="bbox 982 1478 1773 1515">
     <span class='ocr_line' id='line_1_76' title="bbox 982 1478 1773 1515; baseline -0.003 -8"><span class='ocrx_word' id='word_1_580' title='bbox 982 1480 1139 1515; x_wconf 88' lang='lat' dir='ltr'><strong>proculcata</strong></span> <span class='ocrx_word' id='word_1_581' title='bbox 1163 1480 1275 1514; x_wconf 84' lang='lat' dir='ltr'><strong>pudoris</strong></span> <span class='ocrx_word' id='word_1_582' title='bbox 1295 1480 1370 1514; x_wconf 88' lang='lat' dir='ltr'><strong>lege,</strong></span> <span class='ocrx_word' id='word_1_583' title='bbox 1389 1487 1442 1514; x_wconf 91' lang='lat' dir='ltr'><strong>quo</strong></span> <span class='ocrx_word' id='word_1_584' title='bbox 1464 1479 1565 1507; x_wconf 87' lang='lat' dir='ltr'><strong>nullum</strong></span> <span class='ocrx_word' id='word_1_585' title='bbox 1591 1478 1678 1513; x_wconf 89' lang='lat' dir='ltr'><strong>majus</strong></span> <span class='ocrx_word' id='word_1_586' title='bbox 1694 1478 1773 1513; x_wconf 83' lang='lat' dir='ltr'><strong>adju—</strong></span> 
     </span>
    </p>
   </div>
   <div class='ocr_carea' id='block_1_77' title="bbox 984 1525 1774 1562">
    <p class='ocr_par' dir='ltr' id='par_1_77' title="bbox 984 1525 1774 1562">
     <span class='ocr_line' id='line_1_77' title="bbox 984 1525 1774 1562; baseline -0.003 -8"><span class='ocrx_word' id='word_1_587' title='bbox 984 1532 1103 1555; x_wconf 90' lang='lat' dir='ltr'><strong>mentutn</strong></span> <span class='ocrx_word' id='word_1_588' title='bbox 1119 1527 1152 1554; x_wconf 89' lang='lat' dir='ltr'><strong>ad</strong></span> <span class='ocrx_word' id='word_1_589' title='bbox 1169 1527 1297 1554; x_wconf 88' lang='lat' dir='ltr'><strong>virtutem</strong></span> <span class='ocrx_word' id='word_1_590' title='bbox 1314 1527 1462 1561; x_wconf 77' lang='lat' dir='ltr'><strong>excogitari</strong></span> <span class='ocrx_word' id='word_1_591' title='bbox 1479 1531 1578 1562; x_wconf 89' lang='lat' dir='ltr'><strong>potest,</strong></span> <span class='ocrx_word' id='word_1_592' title='bbox 1595 1525 1774 1554; x_wconf 55' lang='lat' dir='ltr'><strong>contumaciae</strong></span> 
     </span>
    </p>
   </div>
   <div class='ocr_carea' id='block_1_78' title="bbox 984 1572 1773 1608">
    <p class='ocr_par' dir='ltr' id='par_1_78' title="bbox 984 1572 1773 1608">
     <span class='ocr_line' id='line_1_78' title="bbox 984 1572 1773 1608; baseline -0.003 -9"><span class='ocrx_word' id='word_1_593' title='bbox 984 1573 1205 1608; x_wconf 68' lang='lat' dir='ltr'><strong>arrogantimque</strong></span> <span class='ocrx_word' id='word_1_594' title='bbox 1218 1572 1303 1607; x_wconf 88' lang='lat' dir='ltr'><strong>legem</strong></span> <span class='ocrx_word' id='word_1_595' title='bbox 1323 1573 1449 1600; x_wconf 80' lang='lat' dir='ltr'><strong>induxit:</strong></span> <span class='ocrx_word' id='word_1_596' title='bbox 1465 1572 1584 1607; x_wconf 77' lang='lat' dir='ltr'><strong>factique</strong></span> <span class='ocrx_word' id='word_1_597' title='bbox 1599 1579 1704 1603; x_wconf 87' lang='lat' dir='ltr'><strong>sumus,</strong></span> <span class='ocrx_word' id='word_1_598' title='bbox 1720 1579 1773 1598; x_wconf 93' lang='lat' dir='ltr'><strong>non</strong></span> 
     </span>
    </p>
   </div>
   <div class='ocr_carea' id='block_1_79' title="bbox 983 1617 1773 1653">
    <p class='ocr_par' dir='ltr' id='par_1_79' title="bbox 983 1617 1773 1653">
     <span class='ocr_line' id='line_1_79' title="bbox 983 1617 1773 1653; baseline -0.003 -8"><span class='ocrx_word' id='word_1_599' title='bbox 983 1618 1038 1652; x_wconf 84' lang='lat' dir='ltr'><strong>jam</strong></span> <span class='ocrx_word' id='word_1_600' title='bbox 1062 1618 1148 1645; x_wconf 85' lang='lat' dir='ltr'><strong>tribus</strong></span> <span class='ocrx_word' id='word_1_601' title='bbox 1167 1625 1199 1645; x_wconf 92' lang='lat' dir='ltr'><strong>ac</strong></span> <span class='ocrx_word' id='word_1_602' title='bbox 1222 1618 1309 1645; x_wconf 88' lang='lat' dir='ltr'><strong>tribus</strong></span> <span class='ocrx_word' id='word_1_603' title='bbox 1330 1618 1495 1653; x_wconf 80' lang='lat' dir='ltr'><strong>separatim,</strong></span> <span class='ocrx_word' id='word_1_604' title='bbox 1511 1619 1582 1653; x_wconf 93' lang='lat' dir='ltr'><strong>quod</strong></span> <span class='ocrx_word' id='word_1_605' title='bbox 1601 1617 1664 1644; x_wconf 91' lang='lat' dir='ltr'><strong>olim</strong></span> <span class='ocrx_word' id='word_1_606' title='bbox 1683 1617 1773 1644; x_wconf 74' lang='lat' dir='ltr'><strong>ISI&#39;at&#39;II</strong></span> 
     </span>
    </p>
   </div>
   <div class='ocr_carea' id='block_1_80' title="bbox 985 1664 1774 1700">
    <p class='ocr_par' dir='ltr' id='par_1_80' title="bbox 985 1664 1774 1700">
     <span class='ocr_line' id='line_1_80' title="bbox 985 1664 1774 1700; baseline -0.003 -7"><span class='ocrx_word' id='word_1_607' title='bbox 985 1665 1187 1699; x_wconf 79' lang='lat' dir='ltr'><strong>obiectabatur;</strong></span> <span class='ocrx_word' id='word_1_608' title='bbox 1209 1673 1258 1693; x_wconf 91' lang='lat' dir='ltr'><strong>nec</strong></span> <span class='ocrx_word' id='word_1_609' title='bbox 1273 1665 1356 1693; x_wconf 82' lang='lat' dir='ltr'><strong>Israel</strong></span> <span class='ocrx_word' id='word_1_610' title='bbox 1370 1671 1397 1693; x_wconf 91' lang='lat' dir='ltr'><strong>ct</strong></span> <span class='ocrx_word' id='word_1_611' title='bbox 1412 1665 1490 1698; x_wconf 84' lang='lat' dir='ltr'><strong>Juda,</strong></span> <span class='ocrx_word' id='word_1_612' title='bbox 1509 1666 1572 1699; x_wconf 92' lang='lat' dir='ltr'><strong>duo,</strong></span> <span class='ocrx_word' id='word_1_613' title='bbox 1589 1667 1697 1700; x_wconf 90' lang='lat' dir='ltr'><strong>inquatn</strong></span> <span class='ocrx_word' id='word_1_614' title='bbox 1707 1685 1713 1695; x_wconf 84' lang='lat'>.</span> <span class='ocrx_word' id='word_1_615' title='bbox 1731 1664 1774 1692; x_wconf 82' lang='lat' dir='ltr'><strong>illa</strong></span> 
     </span>
    </p>
   </div>
   <div class='ocr_carea' id='block_1_81' title="bbox 988 1712 1775 1747">
    <p class='ocr_par' dir='ltr' id='par_1_81' title="bbox 988 1712 1775 1747">
     <span class='ocr_line' id='line_1_81' title="bbox 988 1712 1775 1747; baseline -0.001 -9"><span class='ocrx_word' id='word_1_616' title='bbox 988 1712 1067 1739; x_wconf 86' lang='lat' dir='ltr'><strong>unius</strong></span> <span class='ocrx_word' id='word_1_617' title='bbox 1082 1712 1195 1747; x_wconf 85' lang='lat' dir='ltr'><strong>ejusque</strong></span> <span class='ocrx_word' id='word_1_618' title='bbox 1211 1716 1383 1747; x_wconf 72' lang='lat' dir='ltr'><strong>perangusta:</strong></span> <span class='ocrx_word' id='word_1_619' title='bbox 1400 1712 1487 1746; x_wconf 86' lang='lat' dir='ltr'><strong>gentis</strong></span> <span class='ocrx_word' id='word_1_620' title='bbox 1505 1717 1663 1747; x_wconf 83' lang='lat' dir='ltr'><strong>segmenta;</strong></span> <span class='ocrx_word' id='word_1_621' title='bbox 1680 1719 1775 1738; x_wconf 87' lang='lat' dir='ltr'><strong>verum</strong></span> 
     </span>
    </p>
   </div>
   <div class='ocr_carea' id='block_1_82' title="bbox 987 1757 1777 1793">
    <p class='ocr_par' dir='ltr' id='par_1_82' title="bbox 987 1757 1777 1793">
     <span class='ocr_line' id='line_1_82' title="bbox 987 1757 1777 1793; baseline -0.001 -9"><span class='ocrx_word' id='word_1_622' title='bbox 987 1766 1035 1793; x_wconf 87' lang='lat' dir='ltr'><strong>per</strong></span> <span class='ocrx_word' id='word_1_623' title='bbox 1052 1758 1149 1786; x_wconf 89' lang='lat' dir='ltr'><strong>domos</strong></span> <span class='ocrx_word' id='word_1_624' title='bbox 1163 1763 1189 1785; x_wconf 89' lang='lat' dir='ltr'><strong>ct</strong></span> <span class='ocrx_word' id='word_1_625' title='bbox 1207 1758 1324 1785; x_wconf 80' lang='lat' dir='ltr'><strong>familias</strong></span> <span class='ocrx_word' id='word_1_626' title='bbox 1335 1779 1342 1792; x_wconf 90' lang='lat'><strong>,</strong></span> <span class='ocrx_word' id='word_1_627' title='bbox 1356 1763 1383 1786; x_wconf 90' lang='lat' dir='ltr'><strong>et</strong></span> <span class='ocrx_word' id='word_1_628' title='bbox 1399 1758 1553 1785; x_wconf 77' lang='lat' dir='ltr'><strong>necessaria</strong></span> <span class='ocrx_word' id='word_1_629' title='bbox 1566 1757 1688 1785; x_wconf 85' lang='lat' dir='ltr'><strong>sodalitia</strong></span> <span class='ocrx_word' id='word_1_630' title='bbox 1699 1777 1707 1790; x_wconf 94' lang='lat'><strong>,</strong></span> <span class='ocrx_word' id='word_1_631' title='bbox 1721 1757 1777 1784; x_wconf 72' lang='lat' dir='ltr'><strong>vcl-</strong></span> 
     </span>
    </p>
   </div>
   <div class='ocr_carea' id='block_1_83' title="bbox 988 1803 1778 1839">
    <p class='ocr_par' dir='ltr' id='par_1_83' title="bbox 988 1803 1778 1839">
     <span class='ocr_line' id='line_1_83' title="bbox 988 1803 1778 1839; baseline -0.003 -8"><span class='ocrx_word' id='word_1_632' title='bbox 988 1809 1072 1839; x_wconf 86' lang='lat' dir='ltr'><strong>utque</strong></span> <span class='ocrx_word' id='word_1_633' title='bbox 1090 1805 1116 1831; x_wconf 92' lang='lat' dir='ltr'><strong>in</strong></span> <span class='ocrx_word' id='word_1_634' title='bbox 1131 1812 1160 1831; x_wconf 91' lang='lat' dir='ltr'><strong>se</strong></span> <span class='ocrx_word' id='word_1_635' title='bbox 1177 1805 1311 1838; x_wconf 85' lang='lat' dir='ltr'><strong>quisque,</strong></span> <span class='ocrx_word' id='word_1_636' title='bbox 1326 1804 1405 1830; x_wconf 85' lang='lat' dir='ltr'><strong>divisi</strong></span> <span class='ocrx_word' id='word_1_637' title='bbox 1421 1811 1526 1836; x_wconf 91' lang='lat' dir='ltr'><strong>sumus,</strong></span> <span class='ocrx_word' id='word_1_638' title='bbox 1542 1803 1686 1831; x_wconf 88' lang='lat' dir='ltr'><strong>universus</strong></span> <span class='ocrx_word' id='word_1_639' title='bbox 1703 1803 1778 1830; x_wconf 83' lang='lat' dir='ltr'><strong>orbis</strong></span> 
     </span>
    </p>
   </div>
   <div class='ocr_carea' id='block_1_84' title="bbox 989 1848 1777 1883">
    <p class='ocr_par' dir='ltr' id='par_1_84' title="bbox 989 1848 1777 1883">
     <span class='ocr_line' id='line_1_84' title="bbox 989 1848 1777 1883; baseline 0 -9"><span class='ocrx_word' id='word_1_640' title='bbox 989 1853 1140 1879; x_wconf 87' lang='lat' dir='ltr'><strong>terrarum,</strong></span> <span class='ocrx_word' id='word_1_641' title='bbox 1167 1849 1321 1876; x_wconf 84' lang='lat' dir='ltr'><strong>universum</strong></span> <span class='ocrx_word' id='word_1_642' title='bbox 1344 1849 1482 1875; x_wconf 86' lang='lat' dir='ltr'><strong>hominum</strong></span> <span class='ocrx_word' id='word_1_643' title='bbox 1508 1855 1613 1883; x_wconf 85' lang='lat' dir='ltr'><strong>genus,</strong></span> <span class='ocrx_word' id='word_1_644' title='bbox 1635 1848 1707 1883; x_wconf 90' lang='lat' dir='ltr'><strong>quod</strong></span> <span class='ocrx_word' id='word_1_645' title='bbox 1729 1848 1777 1874; x_wconf 84' lang='lat' dir='ltr'><strong>Dei</strong></span> 
     </span>
    </p>
   </div>
   <div class='ocr_carea' id='block_1_85' title="bbox 988 1894 1779 1929">
    <p class='ocr_par' dir='ltr' id='par_1_85' title="bbox 988 1894 1779 1929">
     <span class='ocr_line' id='line_1_85' title="bbox 988 1894 1779 1929; baseline -0.001 -9"><span class='ocrx_word' id='word_1_646' title='bbox 988 1895 1101 1921; x_wconf 88' lang='lat' dir='ltr'><strong>verbum</strong></span> <span class='ocrx_word' id='word_1_647' title='bbox 1115 1894 1232 1929; x_wconf 85' lang='lat' dir='ltr'><strong>ﬁdeique</strong></span> <span class='ocrx_word' id='word_1_648' title='bbox 1249 1894 1371 1921; x_wconf 86' lang='lat' dir='ltr'><strong>doctrina</strong></span> <span class='ocrx_word' id='word_1_649' title='bbox 1391 1894 1561 1928; x_wconf 81' lang='lat' dir='ltr'><strong>peragravit;</strong></span> <span class='ocrx_word' id='word_1_650' title='bbox 1578 1894 1779 1929; x_wconf 77' lang='lat' dir='ltr'><strong>multorumque</strong></span> 
     </span>
    </p>
   </div>
   <div class='ocr_carea' id='block_1_86' title="bbox 989 1939 1779 1974">
    <p class='ocr_par' dir='ltr' id='par_1_86' title="bbox 989 1939 1779 1974">
     <span class='ocr_line' id='line_1_86' title="bbox 989 1939 1779 1974; baseline -0.001 -8"><span class='ocrx_word' id='word_1_651' title='bbox 989 1940 1131 1974; x_wconf 86' lang='lat' dir='ltr'><strong>imperium</strong></span> <span class='ocrx_word' id='word_1_652' title='bbox 1153 1940 1180 1966; x_wconf 93' lang='lat' dir='ltr'><strong>in</strong></span> <span class='ocrx_word' id='word_1_653' title='bbox 1202 1939 1329 1967; x_wconf 81' lang='lat' dir='ltr'><strong>eﬂ‘renem</strong></span> <span class='ocrx_word' id='word_1_654' title='bbox 1354 1939 1498 1974; x_wconf 87' lang='lat' dir='ltr'><strong>quamdam</strong></span> <span class='ocrx_word' id='word_1_655' title='bbox 1515 1943 1596 1972; x_wconf 91' lang='lat' dir='ltr'><strong>atque</strong></span> <span class='ocrx_word' id='word_1_656' title='bbox 1610 1939 1715 1974; x_wconf 89' lang='lat' dir='ltr'><strong>imperii</strong></span> <span class='ocrx_word' id='word_1_657' title='bbox 1730 1946 1779 1965; x_wconf 71' lang='lat' dir='ltr'><strong>ex-</strong></span> 
     </span>
    </p>
   </div>
   <div class='ocr_carea' id='block_1_87' title="bbox 990 1985 1780 2019">
    <p class='ocr_par' dir='ltr' id='par_1_87' title="bbox 990 1985 1780 2019">
     <span class='ocr_line' id='line_1_87' title="bbox 990 1985 1780 2019; baseline 0.001 -10"><span class='ocrx_word' id='word_1_658' title='bbox 990 1989 1093 2018; x_wconf 84' lang='lat' dir='ltr'><strong>perlem</strong></span> <span class='ocrx_word' id='word_1_659' title='bbox 1111 1985 1251 2012; x_wconf 83' lang='lat' dir='ltr'><strong>licentiam</strong></span> <span class='ocrx_word' id='word_1_660' title='bbox 1279 1985 1373 2012; x_wconf 87' lang='lat' dir='ltr'><strong>recidit</strong></span> <span class='ocrx_word' id='word_1_661' title='bbox 1385 2005 1391 2016; x_wconf 86' lang='lat'><strong>,</strong></span> <span class='ocrx_word' id='word_1_662' title='bbox 1419 1989 1499 2019; x_wconf 86' lang='lat' dir='ltr'><strong>atque</strong></span> <span class='ocrx_word' id='word_1_663' title='bbox 1511 1992 1572 2012; x_wconf 90' lang='lat' dir='ltr'><strong>ossa</strong></span> <span class='ocrx_word' id='word_1_664' title='bbox 1587 1989 1679 2012; x_wconf 79' lang='lat' dir='ltr'><strong>nostra</strong></span> <span class='ocrx_word' id='word_1_665' title='bbox 1700 1992 1780 2011; x_wconf 87' lang='lat' dir='ltr'><strong>secus</strong></span> 
     </span>
    </p>
   </div>
   <div class='ocr_carea' id='block_1_88' title="bbox 990 2030 1779 2065">
    <p class='ocr_par' dir='ltr' id='par_1_88' title="bbox 990 2030 1779 2065">
     <span class='ocr_line' id='line_1_88' title="bbox 990 2030 1779 2065; baseline -0.001 -7"><span class='ocrx_word' id='word_1_666' title='bbox 990 2030 1124 2058; x_wconf 86' lang='lat' dir='ltr'><strong>infernum</strong></span> <span class='ocrx_word' id='word_1_667' title='bbox 1138 2031 1267 2064; x_wconf 80' lang='lat' dir='ltr'><strong>dissipata</strong></span> <span class='ocrx_word' id='word_1_668' title='bbox 1283 2036 1345 2058; x_wconf 90' lang='lat' dir='ltr'><strong>sunt</strong></span> <span class='ocrx_word' id='word_1_669' title='bbox 1356 2031 1376 2047; x_wconf 77' lang='grc'><strong>¹⁰</strong></span> <span class='ocrx_word' id='word_1_670' title='bbox 1389 2039 1396 2063; x_wconf 87' lang='grc'>;</span> <span class='ocrx_word' id='word_1_671' title='bbox 1410 2030 1487 2065; x_wconf 85' lang='lat' dir='ltr'><strong>quasi</strong></span> <span class='ocrx_word' id='word_1_672' title='bbox 1498 2037 1563 2058; x_wconf 85' lang='lat' dir='ltr'><strong>vero</strong></span> <span class='ocrx_word' id='word_1_673' title='bbox 1580 2037 1720 2057; x_wconf 85' lang='lat' dir='ltr'><strong>necessum</strong></span> <span class='ocrx_word' id='word_1_674' title='bbox 1735 2037 1779 2057; x_wconf 88' lang='lat' dir='ltr'><strong>es-</strong></span> 
     </span>
    </p>
   </div>
   <div class='ocr_carea' id='block_1_89' title="bbox 990 2076 1780 2110">
    <p class='ocr_par' dir='ltr' id='par_1_89' title="bbox 990 2076 1780 2110">
     <span class='ocr_line' id='line_1_89' title="bbox 990 2076 1780 2110; baseline 0 -7"><span class='ocrx_word' id='word_1_675' title='bbox 990 2082 1041 2108; x_wconf 88' lang='lat' dir='ltr'><strong>set,</strong></span> <span class='ocrx_word' id='word_1_676' title='bbox 1059 2084 1117 2109; x_wconf 92' lang='lat' dir='ltr'><strong>nos,</strong></span> <span class='ocrx_word' id='word_1_677' title='bbox 1135 2077 1237 2104; x_wconf 84' lang='lat' dir='ltr'><strong>exteris</strong></span> <span class='ocrx_word' id='word_1_678' title='bbox 1252 2077 1375 2104; x_wconf 89' lang='lat' dir='ltr'><strong>hostibus</strong></span> <span class='ocrx_word' id='word_1_679' title='bbox 1391 2077 1517 2110; x_wconf 89' lang='lat' dir='ltr'><strong>domitis,</strong></span> <span class='ocrx_word' id='word_1_680' title='bbox 1540 2081 1634 2104; x_wconf 85' lang='lat' dir='ltr'><strong>mutuo</strong></span> <span class='ocrx_word' id='word_1_681' title='bbox 1653 2076 1720 2104; x_wconf 91' lang='lat' dir='ltr'><strong>alios</strong></span> <span class='ocrx_word' id='word_1_682' title='bbox 1745 2077 1780 2104; x_wconf 85' lang='lat' dir='ltr'><strong>ab</strong></span> 
     </span>
    </p>
   </div>
   <div class='ocr_carea' id='block_1_90' title="bbox 991 2123 1779 2158">
    <p class='ocr_par' dir='ltr' id='par_1_90' title="bbox 991 2123 1779 2158">
     <span class='ocr_line' id='line_1_90' title="bbox 991 2123 1779 2158; baseline 0 -8"><span class='ocrx_word' id='word_1_683' title='bbox 991 2124 1052 2151; x_wconf 87' lang='lat' dir='ltr'><strong>aliis</strong></span> <span class='ocrx_word' id='word_1_684' title='bbox 1067 2123 1202 2158; x_wconf 88' lang='lat' dir='ltr'><strong>opprimi,</strong></span> <span class='ocrx_word' id='word_1_685' title='bbox 1220 2129 1249 2151; x_wconf 92' lang='lat' dir='ltr'><strong>et</strong></span> <span class='ocrx_word' id='word_1_686' title='bbox 1262 2123 1410 2150; x_wconf 80' lang='lat' dir='ltr'><strong>furentium</strong></span> <span class='ocrx_word' id='word_1_687' title='bbox 1426 2124 1478 2151; x_wconf 92' lang='lat' dir='ltr'><strong>ritu</strong></span> <span class='ocrx_word' id='word_1_688' title='bbox 1497 2124 1523 2150; x_wconf 94' lang='lat' dir='ltr'><strong>in</strong></span> <span class='ocrx_word' id='word_1_689' title='bbox 1546 2124 1669 2158; x_wconf 87' lang='lat' dir='ltr'><strong>proprias</strong></span> <span class='ocrx_word' id='word_1_690' title='bbox 1683 2130 1779 2151; x_wconf 84' lang='lat' dir='ltr'><strong>carnes</strong></span> 
     </span>
    </p>
   </div>
   <div class='ocr_carea' id='block_1_91' title="bbox 993 2167 1780 2203">
    <p class='ocr_par' dir='ltr' id='par_1_91' title="bbox 993 2167 1780 2203">
     <span class='ocr_line' id='line_1_91' title="bbox 993 2167 1780 2203; baseline -0.004 -7"><span class='ocrx_word' id='word_1_691' title='bbox 993 2169 1105 2200; x_wconf 74' lang='lat' dir='ltr'><strong>smvire.</strong></span> <span class='ocrx_word' id='word_1_692' title='bbox 1133 2176 1164 2196; x_wconf 91' lang='lat' dir='ltr'><strong>ac</strong></span> <span class='ocrx_word' id='word_1_693' title='bbox 1190 2176 1224 2195; x_wconf 89' lang='lat' dir='ltr'><strong>ne</strong></span> <span class='ocrx_word' id='word_1_694' title='bbox 1243 2169 1269 2195; x_wconf 94' lang='lat' dir='ltr'><strong>id</strong></span> <span class='ocrx_word' id='word_1_695' title='bbox 1288 2168 1395 2203; x_wconf 88' lang='lat' dir='ltr'><strong>quidem</strong></span> <span class='ocrx_word' id='word_1_696' title='bbox 1411 2169 1527 2200; x_wconf 89' lang='lat' dir='ltr'><strong>sentire,</strong></span> <span class='ocrx_word' id='word_1_697' title='bbox 1542 2175 1635 2195; x_wconf 84' lang='lat' dir='ltr'><strong>verum</strong></span> <span class='ocrx_word' id='word_1_698' title='bbox 1651 2167 1780 2201; x_wconf 81' lang='lat' dir='ltr'><strong>majorem</strong></span> 
     </span>
    </p>
   </div>
   <div class='ocr_carea' id='block_1_92' title="bbox 991 2213 1782 2250">
    <p class='ocr_par' dir='ltr' id='par_1_92' title="bbox 991 2213 1782 2250">
     <span class='ocr_line' id='line_1_92' title="bbox 991 2213 1782 2250; baseline -0.001 -9"><span class='ocrx_word' id='word_1_699' title='bbox 991 2223 1023 2241; x_wconf 76' lang='lat' dir='ltr'><strong>ex</strong></span> <span class='ocrx_word' id='word_1_700' title='bbox 1038 2215 1090 2242; x_wconf 87' lang='lat' dir='ltr'><strong>hoc</strong></span> <span class='ocrx_word' id='word_1_701' title='bbox 1107 2214 1188 2247; x_wconf 88' lang='lat' dir='ltr'><strong>malo,</strong></span> <span class='ocrx_word' id='word_1_702' title='bbox 1202 2222 1283 2250; x_wconf 87' lang='lat' dir='ltr'><strong>quam</strong></span> <span class='ocrx_word' id='word_1_703' title='bbox 1298 2215 1342 2241; x_wconf 85' lang='lat' dir='ltr'><strong>alii</strong></span> <span class='ocrx_word' id='word_1_704' title='bbox 1358 2222 1390 2242; x_wconf 79' lang='lat' dir='ltr'><strong>ex</strong></span> <span class='ocrx_word' id='word_1_705' title='bbox 1407 2221 1472 2250; x_wconf 91' lang='lat' dir='ltr'><strong>pace</strong></span> <span class='ocrx_word' id='word_1_706' title='bbox 1485 2219 1512 2241; x_wconf 88' lang='lat' dir='ltr'><strong>et</strong></span> <span class='ocrx_word' id='word_1_707' title='bbox 1526 2214 1670 2241; x_wconf 86' lang='lat' dir='ltr'><strong>concordia</strong></span> <span class='ocrx_word' id='word_1_708' title='bbox 1683 2234 1690 2246; x_wconf 92' lang='lat'><strong>,</strong></span> <span class='ocrx_word' id='word_1_709' title='bbox 1706 2213 1782 2240; x_wconf 91' lang='lat' dir='ltr'><strong>volu-</strong></span> 
     </span>
    </p>
   </div>
   <div class='ocr_carea' id='block_1_93' title="bbox 992 2260 1782 2296">
    <p class='ocr_par' dir='ltr' id='par_1_93' title="bbox 992 2260 1782 2296">
     <span class='ocr_line' id='line_1_93' title="bbox 992 2260 1782 2296; baseline -0.004 -9"><span class='ocrx_word' id='word_1_710' title='bbox 992 2266 1094 2296; x_wconf 88' lang='lat' dir='ltr'><strong>ptatem</strong></span> <span class='ocrx_word' id='word_1_711' title='bbox 1112 2268 1221 2295; x_wconf 86' lang='lat' dir='ltr'><strong>capere,</strong></span> <span class='ocrx_word' id='word_1_712' title='bbox 1240 2261 1477 2295; x_wconf 87' lang='lat' dir='ltr'><strong>calamitaletnque</strong></span> <span class='ocrx_word' id='word_1_713' title='bbox 1493 2260 1566 2288; x_wconf 89' lang='lat' dir='ltr'><strong>lucro</strong></span> <span class='ocrx_word' id='word_1_714' title='bbox 1579 2260 1686 2292; x_wconf 87' lang='lat' dir='ltr'><strong>ducere,</strong></span> <span class='ocrx_word' id='word_1_715' title='bbox 1701 2265 1782 2293; x_wconf 85' lang='lat' dir='ltr'><strong>atque</strong></span> 
     </span>
    </p>
   </div>
   <div class='ocr_carea' id='block_1_94' title="bbox 993 2305 1782 2342">
    <p class='ocr_par' dir='ltr' id='par_1_94' title="bbox 993 2305 1782 2342">
     <span class='ocr_line' id='line_1_94' title="bbox 993 2305 1782 2342; baseline -0.001 -9"><span class='ocrx_word' id='word_1_716' title='bbox 993 2308 1150 2334; x_wconf 81' lang='lat' dir='ltr'><strong>existimare</strong></span> <span class='ocrx_word' id='word_1_717' title='bbox 1164 2315 1212 2342; x_wconf 90' lang='lat' dir='ltr'><strong>per</strong></span> <span class='ocrx_word' id='word_1_718' title='bbox 1228 2308 1396 2334; x_wconf 86' lang='lat' dir='ltr'><strong>eversionem</strong></span> <span class='ocrx_word' id='word_1_719' title='bbox 1413 2311 1531 2334; x_wconf 87' lang='lat' dir='ltr'><strong>nostram</strong></span> <span class='ocrx_word' id='word_1_720' title='bbox 1548 2306 1707 2340; x_wconf 87' lang='lat' dir='ltr'><strong>obsequium</strong></span> <span class='ocrx_word' id='word_1_721' title='bbox 1726 2305 1782 2332; x_wconf 78' lang='lat' dir='ltr'><strong>Deo</strong></span> 
     </span>
    </p>
   </div>
   <div class='ocr_carea' id='block_1_95' title="bbox 996 2343 1784 2387">
    <p class='ocr_par' dir='ltr' id='par_1_95' title="bbox 996 2343 1784 2387">
     <span class='ocr_line' id='line_1_95' title="bbox 996 2343 1784 2387; baseline -0.004 -8"><span class='ocrx_word' id='word_1_722' title='bbox 996 2343 1162 2387; x_wconf 53' lang='lat' dir='ltr'><strong>prmslari“,</strong></span> <span class='ocrx_word' id='word_1_723' title='bbox 1179 2361 1210 2380; x_wconf 89' lang='lat' dir='ltr'><strong>ac</strong></span> <span class='ocrx_word' id='word_1_724' title='bbox 1223 2353 1306 2379; x_wconf 82' lang='lat' dir='ltr'><strong>dividi</strong></span> <span class='ocrx_word' id='word_1_725' title='bbox 1321 2358 1348 2379; x_wconf 88' lang='lat' dir='ltr'><strong>ct</strong></span> <span class='ocrx_word' id='word_1_726' title='bbox 1363 2352 1482 2385; x_wconf 90' lang='lat' dir='ltr'><strong>incendi,</strong></span> <span class='ocrx_word' id='word_1_727' title='bbox 1494 2359 1546 2378; x_wconf 91' lang='lat' dir='ltr'><strong>non</strong></span> <span class='ocrx_word' id='word_1_728' title='bbox 1564 2357 1637 2379; x_wconf 88' lang='lat' dir='ltr'><strong>recta</strong></span> <span class='ocrx_word' id='word_1_729' title='bbox 1650 2356 1678 2378; x_wconf 87' lang='lat' dir='ltr'><strong>et</strong></span> <span class='ocrx_word' id='word_1_730' title='bbox 1691 2350 1784 2377; x_wconf 85' lang='lat' dir='ltr'><strong>lauda-</strong></span> 
     </span>
    </p>
   </div>
   <div class='ocr_carea' id='block_1_96' title="bbox 995 2396 1782 2432">
    <p class='ocr_par' dir='ltr' id='par_1_96' title="bbox 995 2396 1782 2432">
     <span class='ocr_line' id='line_1_96' title="bbox 995 2396 1782 2432; baseline -0.003 -8"><span class='ocrx_word' id='word_1_731' title='bbox 995 2397 1040 2424; x_wconf 87' lang='lat' dir='ltr'><strong>bili</strong></span> <span class='ocrx_word' id='word_1_732' title='bbox 1058 2398 1201 2431; x_wconf 85' lang='lat' dir='ltr'><strong>divisione,</strong></span> <span class='ocrx_word' id='word_1_733' title='bbox 1220 2398 1266 2425; x_wconf 88' lang='lat' dir='ltr'><strong>sed</strong></span> <span class='ocrx_word' id='word_1_734' title='bbox 1281 2398 1350 2432; x_wconf 87' lang='lat' dir='ltr'><strong>turpi</strong></span> <span class='ocrx_word' id='word_1_735' title='bbox 1368 2402 1395 2424; x_wconf 90' lang='lat' dir='ltr'><strong>et</strong></span> <span class='ocrx_word' id='word_1_736' title='bbox 1411 2397 1606 2431; x_wconf 85' lang='lat' dir='ltr'><strong>vituperanda,</strong></span> <span class='ocrx_word' id='word_1_737' title='bbox 1622 2404 1672 2423; x_wconf 85' lang='lat' dir='ltr'><strong>nec</strong></span> <span class='ocrx_word' id='word_1_738' title='bbox 1688 2396 1782 2423; x_wconf 89' lang='lat' dir='ltr'><strong>incen-</strong></span> 
     </span>
    </p>
   </div>
   <div class='ocr_carea' id='block_1_97' title="bbox 151 2441 1783 2482">
    <p class='ocr_par' dir='ltr' id='par_1_97' title="bbox 151 2441 1783 2482">
     <span class='ocr_line' id='line_1_97' title="bbox 151 2441 1783 2482; baseline -0.004 -8"><span class='ocrx_word' id='word_1_739' title='bbox 151 2447 196 2475; x_wconf 92' lang='lat' dir='ltr'><strong>dio</strong></span> <span class='ocrx_word' id='word_1_740' title='bbox 212 2448 270 2480; x_wconf 90' lang='lat' dir='ltr'><strong>illo,</strong></span> <span class='ocrx_word' id='word_1_741' title='bbox 289 2455 342 2482; x_wconf 87' lang='lat' dir='ltr'><strong>quo</strong></span> <span class='ocrx_word' id='word_1_742' title='bbox 356 2448 454 2474; x_wconf 75' lang='lat' dir='ltr'><strong>anima:</strong></span> <span class='ocrx_word' id='word_1_743' title='bbox 467 2447 541 2473; x_wconf 89' lang='lat' dir='ltr'><strong>Iabes</strong></span> <span class='ocrx_word' id='word_1_744' title='bbox 554 2446 708 2479; x_wconf 80' lang='lat' dir='ltr'><strong>expiantur,</strong></span> <span class='ocrx_word' id='word_1_745' title='bbox 731 2444 777 2470; x_wconf 79' lang='lat' dir='ltr'><strong>sed</strong></span> <span class='ocrx_word' id='word_1_746' title='bbox 811 2443 919 2470; x_wconf 79' lang='lat' dir='ltr'><strong>funesto</strong></span> <span class='ocrx_word' id='word_1_747' title='bbox 951 2448 978 2469; x_wconf 91' lang='lat' dir='ltr'><strong>et</strong></span> <span class='ocrx_word' id='word_1_748' title='bbox 997 2443 1112 2470; x_wconf 70' lang='lat' dir='ltr'><strong>exitiali.</strong></span> <span class='ocrx_word' id='word_1_749' title='bbox 1138 2443 1195 2470; x_wconf 84' lang='lat' dir='ltr'><strong>Non</strong></span> <span class='ocrx_word' id='word_1_750' title='bbox 1221 2444 1293 2470; x_wconf 88' lang='lat' dir='ltr'><strong>enim</strong></span> <span class='ocrx_word' id='word_1_751' title='bbox 1311 2447 1405 2470; x_wconf 83' lang='lat' dir='ltr'><strong>acutus</strong></span> <span class='ocrx_word' id='word_1_752' title='bbox 1426 2443 1471 2470; x_wconf 91' lang='lat' dir='ltr'><strong>ille</strong></span> <span class='ocrx_word' id='word_1_753' title='bbox 1495 2443 1627 2472; x_wconf 84' lang='lat' dir='ltr'><strong>sermo“,</strong></span> <span class='ocrx_word' id='word_1_754' title='bbox 1650 2441 1701 2468; x_wconf 89' lang='lat' dir='ltr'><strong>hoc</strong></span> <span class='ocrx_word' id='word_1_755' title='bbox 1724 2445 1783 2473; x_wconf 80' lang='lat' dir='ltr'><strong>est,</strong></span> 
     </span>
    </p>
   </div>
   <div class='ocr_carea' id='block_1_98' title="bbox 151 2487 1785 2528">
    <p class='ocr_par' dir='ltr' id='par_1_98' title="bbox 151 2487 1785 2528">
     <span class='ocr_line' id='line_1_98' title="bbox 151 2487 1785 2528; baseline -0.004 -8"><span class='ocrx_word' id='word_1_756' title='bbox 151 2491 252 2520; x_wconf 91' lang='lat' dir='ltr'><strong>Christi</strong></span> <span class='ocrx_word' id='word_1_757' title='bbox 270 2492 393 2528; x_wconf 81' lang='lat' dir='ltr'><strong>gladius,</strong></span> <span class='ocrx_word' id='word_1_758' title='bbox 416 2494 475 2527; x_wconf 91' lang='lat' dir='ltr'><strong>pios</strong></span> <span class='ocrx_word' id='word_1_759' title='bbox 496 2492 530 2519; x_wconf 88' lang='lat' dir='ltr'><strong>ab</strong></span> <span class='ocrx_word' id='word_1_760' title='bbox 548 2490 637 2525; x_wconf 88' lang='lat' dir='ltr'><strong>impiis</strong></span> <span class='ocrx_word' id='word_1_761' title='bbox 660 2489 771 2522; x_wconf 89' lang='lat' dir='ltr'><strong>dividit,</strong></span> <span class='ocrx_word' id='word_1_762' title='bbox 797 2496 846 2516; x_wconf 92' lang='lat' dir='ltr'><strong>nec</strong></span> <span class='ocrx_word' id='word_1_763' title='bbox 872 2488 943 2523; x_wconf 82' lang='lat' dir='ltr'><strong>ignis</strong></span> <span class='ocrx_word' id='word_1_764' title='bbox 969 2488 1071 2523; x_wconf 83' lang='lat' dir='ltr'><strong>jacitur</strong></span> <span class='ocrx_word' id='word_1_765' title='bbox 1105 2494 1131 2517; x_wconf 89' lang='lat' dir='ltr'><strong>et</strong></span> <span class='ocrx_word' id='word_1_766' title='bbox 1149 2489 1306 2516; x_wconf 87' lang='lat' dir='ltr'><strong>accenditur</strong></span> <span class='ocrx_word' id='word_1_767' title='bbox 1316 2490 1350 2521; x_wconf 78' lang='lat'><strong>&quot;,</strong></span> <span class='ocrx_word' id='word_1_768' title='bbox 1375 2489 1427 2516; x_wconf 88' lang='lat' dir='ltr'><strong>hoc</strong></span> <span class='ocrx_word' id='word_1_769' title='bbox 1448 2492 1505 2519; x_wconf 88' lang='lat' dir='ltr'><strong>est,</strong></span> <span class='ocrx_word' id='word_1_770' title='bbox 1522 2487 1607 2520; x_wconf 83' lang='lat' dir='ltr'><strong>ﬁdes,</strong></span> <span class='ocrx_word' id='word_1_771' title='bbox 1623 2492 1650 2515; x_wconf 91' lang='lat' dir='ltr'><strong>el.</strong></span> <span class='ocrx_word' id='word_1_772' title='bbox 1666 2487 1785 2521; x_wconf 87' lang='lat' dir='ltr'><strong>Spiritus</strong></span> 
     </span>
    </p>
   </div>
   <div class='ocr_carea' id='block_1_99' title="bbox 152 2533 1786 2574">
    <p class='ocr_par' dir='ltr' id='par_1_99' title="bbox 152 2533 1786 2574">
     <span class='ocr_line' id='line_1_99' title="bbox 152 2533 1786 2574; baseline -0.005 -8"><span class='ocrx_word' id='word_1_773' title='bbox 152 2539 256 2572; x_wconf 75' lang='lat' dir='ltr'><strong>fervor,</strong></span> <span class='ocrx_word' id='word_1_774' title='bbox 267 2539 293 2566; x_wconf 91' lang='lat' dir='ltr'><strong>id</strong></span> <span class='ocrx_word' id='word_1_775' title='bbox 307 2539 378 2574; x_wconf 88' lang='lat' dir='ltr'><strong>quod</strong></span> <span class='ocrx_word' id='word_1_776' title='bbox 391 2545 527 2566; x_wconf 83' lang='lat' dir='ltr'><strong>terrenum</strong></span> <span class='ocrx_word' id='word_1_777' title='bbox 540 2541 581 2565; x_wconf 86' lang='lat' dir='ltr'><strong>est</strong></span> <span class='ocrx_word' id='word_1_778' title='bbox 597 2537 742 2564; x_wconf 88' lang='lat' dir='ltr'><strong>absumens</strong></span> <span class='ocrx_word' id='word_1_779' title='bbox 766 2542 796 2562; x_wconf 90' lang='lat' dir='ltr'><strong>ac</strong></span> <span class='ocrx_word' id='word_1_780' title='bbox 822 2535 957 2562; x_wconf 83' lang='lat' dir='ltr'><strong>devorans</strong></span> <span class='ocrx_word' id='word_1_781' title='bbox 979 2543 985 2561; x_wconf 88' lang='lat'><strong>:</strong></span> <span class='ocrx_word' id='word_1_782' title='bbox 1005 2539 1050 2562; x_wconf 88' lang='lat' dir='ltr'><strong>sed</strong></span> <span class='ocrx_word' id='word_1_783' title='bbox 1067 2536 1204 2562; x_wconf 87' lang='lat' dir='ltr'><strong>contrario</strong></span> <span class='ocrx_word' id='word_1_784' title='bbox 1221 2536 1309 2570; x_wconf 81' lang='lat' dir='ltr'><strong>plane,</strong></span> <span class='ocrx_word' id='word_1_785' title='bbox 1326 2541 1358 2561; x_wconf 86' lang='lat' dir='ltr'><strong>ac</strong></span> <span class='ocrx_word' id='word_1_786' title='bbox 1373 2534 1448 2568; x_wconf 89' lang='lat' dir='ltr'><strong>prius</strong></span> <span class='ocrx_word' id='word_1_787' title='bbox 1459 2553 1466 2566; x_wconf 87' lang='lat'><strong>,</strong></span> <span class='ocrx_word' id='word_1_788' title='bbox 1483 2533 1579 2566; x_wconf 89' lang='lat' dir='ltr'><strong>modo,</strong></span> <span class='ocrx_word' id='word_1_789' title='bbox 1595 2533 1743 2560; x_wconf 88' lang='lat' dir='ltr'><strong>scindimur</strong></span> <span class='ocrx_word' id='word_1_790' title='bbox 1758 2537 1786 2559; x_wconf 91' lang='lat' dir='ltr'><strong>et</strong></span> 
     </span>
    </p>
   </div>
   <div class='ocr_carea' id='block_1_100' title="bbox 153 2586 350 2613">
    <p class='ocr_par' dir='ltr' id='par_1_100' title="bbox 153 2586 350 2613">
     <span class='ocr_line' id='line_1_100' title="bbox 153 2586 350 2613; baseline 0 -1"><span class='ocrx_word' id='word_1_791' title='bbox 153 2586 350 2613; x_wconf 89' lang='lat' dir='ltr'><strong>consumimur.</strong></span> 
     </span>
    </p>
   </div>
   <div class='ocr_carea' id='block_1_101' title="bbox 190 2628 721 2665">
    <p class='ocr_par' dir='ltr' id='par_1_101' title="bbox 190 2628 721 2665">
     <span class='ocr_line' id='line_1_101' title="bbox 190 2628 721 2665; baseline -0.009 -6"><span class='ocrx_word' id='word_1_792' title='bbox 190 2633 210 2648; x_wconf 84' lang='grc'><strong>¹⁹</strong></span> <span class='ocrx_word' id='word_1_793' title='bbox 229 2632 302 2659; x_wconf 81' lang='lat' dir='ltr'><strong>Psal.</strong></span> <span class='ocrx_word' id='word_1_794' title='bbox 330 2640 390 2665; x_wconf 71' lang='lat' dir='ltr'><strong>cn,</strong></span> <span class='ocrx_word' id='word_1_795' title='bbox 415 2632 441 2658; x_wconf 85' lang='grc'><strong>7.</strong></span> <span class='ocrx_word' id='word_1_796' title='bbox 480 2631 502 2646; x_wconf 83' lang='grc'><strong>¹⁰</strong></span> <span class='ocrx_word' id='word_1_797' title='bbox 522 2630 598 2658; x_wconf 84' lang='lat' dir='ltr'><strong>Joan.</strong></span> <span class='ocrx_word' id='word_1_798' title='bbox 617 2637 672 2661; x_wconf 76' lang='lat' dir='ltr'><strong>xw,</strong></span> <span class='ocrx_word' id='word_1_799' title='bbox 694 2628 721 2654; x_wconf 71' lang='grc'><strong>2.</strong></span> 
     </span>
    </p>
   </div>
   <div class='ocr_carea' id='block_1_102' title="bbox 189 2674 734 2714">
    <p class='ocr_par' dir='ltr' id='par_1_102' title="bbox 189 2674 734 2714">
     <span class='ocr_line' id='line_1_102' title="bbox 189 2674 734 2714; baseline -0.011 -8"><span class='ocrx_word' id='word_1_800' title='bbox 189 2679 247 2714; x_wconf 64' lang='grc' dir='ltr'><strong>(ἳο)</strong></span> <span class='ocrx_word' id='word_1_801' title='bbox 268 2678 386 2712; x_wconf 82' lang='grc' dir='ltr'>Θράσος</span> <span class='ocrx_word' id='word_1_802' title='bbox 397 2677 461 2712; x_wconf 64' lang='grc' dir='ltr'>γάρ.</span> <span class='ocrx_word' id='word_1_803' title='bbox 480 2676 527 2714; x_wconf 75' lang='lat' dir='ltr'><strong>9r.</strong></span> <span class='ocrx_word' id='word_1_804' title='bbox 538 2677 568 2714; x_wconf 80' lang='lat' dir='ltr'><strong>_I,</strong></span> <span class='ocrx_word' id='word_1_805' title='bbox 582 2675 682 2714; x_wconf 74' lang='grc' dir='ltr'>θρόισος</span> 
     </span>
    </p>
   </div>
   <div class='ocr_carea' id='block_1_103' title="bbox 153 2707 947 2757">
    <p class='ocr_par' dir='ltr' id='par_1_103' title="bbox 153 2707 947 2757">
     <span class='ocr_line' id='line_1_103' title="bbox 153 2707 947 2757; baseline -0.01 -16"><span class='ocrx_word' id='word_1_806' title='bbox 153 2747 155 2749; x_wconf 24' lang='grc' dir='ltr'><strong><em>τ</em></strong></span> <span class='ocrx_word' id='word_1_807' title='bbox 274 2707 523 2748; x_wconf 50' lang='grc' dir='ltr'><strong>’ὑμοὶωᾘγῖυθεῖᾳ</strong></span> <span class='ocrx_word' id='word_1_808' title='bbox 537 2710 566 2738; x_wconf 92' lang='lat' dir='ltr'><strong>In</strong></span> <span class='ocrx_word' id='word_1_809' title='bbox 584 2707 754 2746; x_wconf 76' lang='lat' dir='ltr'><strong>quibusdam,</strong></span> <span class='ocrx_word' id='word_1_810' title='bbox 774 2708 874 2744; x_wconf 76' lang='grc' dir='ltr'>ὁμοίιος</span> <span class='ocrx_word' id='word_1_811' title='bbox 893 2707 947 2734; x_wconf 76' lang='grc' dir='ltr'>εἰσὶ</span> 
     </span>
    </p>
   </div>
   <div class='ocr_carea' id='block_1_104' title="bbox 157 2757 847 2818">
    <p class='ocr_par' dir='ltr' id='par_1_104' title="bbox 157 2757 847 2818">
     <span class='ocr_line' id='line_1_104' title="bbox 157 2757 847 2818; baseline -0.01 -7"><span class='ocrx_word' id='word_1_812' title='bbox 157 2757 514 2818; x_wconf 45' lang='grc' dir='ltr'>νωΐὲἑῗηολεμιστήριον.</span> <span class='ocrx_word' id='word_1_813' title='bbox 531 2781 578 2818; x_wconf 77' lang='lat' dir='ltr'><strong>Or.</strong></span> <span class='ocrx_word' id='word_1_814' title='bbox 595 2781 621 2813; x_wconf 86' lang='lat' dir='ltr'><strong>I,</strong></span> <span class='ocrx_word' id='word_1_815' title='bbox 636 2779 847 2818; x_wconf 68' lang='grc' dir='ltr'>πολεμητήριον.</span> 
     </span>
    </p>
   </div>
   <div class='ocr_carea' id='block_1_105' title="bbox 184 2787 944 2862">
    <p class='ocr_par' dir='ltr' id='par_1_105' title="bbox 184 2787 944 2862">
     <span class='ocr_line' id='line_1_105' title="bbox 202 2787 847 2818; baseline -0.012 -7"><span class='ocrx_word' id='word_1_816' title='bbox 202 2787 248 2818; x_wconf 68' lang='lat'><strong>22)</strong></span> <span class='ocrx_word' id='word_1_817' title='bbox 267 2787 514 2818; x_wconf 72' lang='grc' dir='ltr'>Πολεμιστήριον.</span> <span class='ocrx_word' id='word_1_818' title='bbox 531 2787 578 2809; x_wconf 89' lang='lat' dir='ltr'><strong>Ur.</strong></span> <span class='ocrx_word' id='word_1_819' title='bbox 595 2787 621 2813; x_wconf 64' lang='grc' dir='ltr'><strong>τι,</strong></span> <span class='ocrx_word' id='word_1_820' title='bbox 636 2787 847 2814; x_wconf 79' lang='grc' dir='ltr'>πολεμητηριον.</span> 
     </span>
     <span class='ocr_line' id='line_1_106' title="bbox 184 2787 944 2862; baseline -0.009 -16"><span class='ocrx_word' id='word_1_821' title='bbox 184 2787 248 2860; x_wconf 50' lang='lat'><strong>(25)</strong></span> <span class='ocrx_word' id='word_1_822' title='bbox 270 2819 376 2862; x_wconf 51' lang='lat' dir='ltr'><strong>quaer.</strong></span> <span class='ocrx_word' id='word_1_823' title='bbox 394 2818 462 2854; x_wconf 71' lang='lat' dir='ltr'><strong>Ileg.</strong></span> <span class='ocrx_word' id='word_1_824' title='bbox 483 2819 510 2851; x_wconf 89' lang='lat' dir='ltr'><strong>b,</strong></span> <span class='ocrx_word' id='word_1_825' title='bbox 531 2817 577 2844; x_wconf 91' lang='lat' dir='ltr'><strong>Or.</strong></span> <span class='ocrx_word' id='word_1_826' title='bbox 596 2817 607 2844; x_wconf 85' lang='lat' dir='ltr'><strong>I</strong></span> <span class='ocrx_word' id='word_1_827' title='bbox 631 2822 658 2844; x_wconf 89' lang='lat' dir='ltr'><strong>et</strong></span> <span class='ocrx_word' id='word_1_828' title='bbox 679 2815 787 2846; x_wconf 85' lang='lat' dir='ltr'><strong>Cotnb.,</strong></span> <span class='ocrx_word' id='word_1_829' title='bbox 807 2812 899 2849; x_wconf 84' lang='grc' dir='ltr'>μηδέν.</span> <span class='ocrx_word' id='word_1_830' title='bbox 917 2811 944 2839; x_wconf 91' lang='lat' dir='ltr'><strong>In</strong></span> 
     </span>
    </p>
   </div>
   <div class='ocr_carea' id='block_1_106' title="bbox 158 2854 942 2925">
    <p class='ocr_par' dir='ltr' id='par_1_106' title="bbox 158 2854 942 2925">
     <span class='ocr_line' id='line_1_107' title="bbox 158 2854 365 2890; baseline -0.005 -9"><span class='ocrx_word' id='word_1_831' title='bbox 158 2855 228 2886; x_wconf 85' lang='lat' dir='ltr'><strong>aliis,</strong></span> <span class='ocrx_word' id='word_1_832' title='bbox 243 2854 365 2890; x_wconf 83' lang='grc' dir='ltr'>μηδενός.</span> 
     </span>
     <span class='ocr_line' id='line_1_108' title="bbox 162 2883 942 2925; baseline -0.012 -7"><span class='ocrx_word' id='word_1_833' title='bbox 162 2924 165 2925; x_wconf 24' lang='grc' dir='ltr'><em>ν</em></span> <span class='ocrx_word' id='word_1_834' title='bbox 192 2890 250 2925; x_wconf 65' lang='grc'><strong>(2-4)</strong></span> <span class='ocrx_word' id='word_1_835' title='bbox 277 2889 456 2925; x_wconf 48' lang='grc' dir='ltr'><strong>’Λλλήιῖρυᾳ</strong></span> <span class='ocrx_word' id='word_1_836' title='bbox 483 2888 540 2914; x_wconf 89' lang='lat' dir='ltr'><strong>Duo</strong></span> <span class='ocrx_word' id='word_1_837' title='bbox 562 2887 645 2925; x_wconf 57' lang='lat' dir='ltr'><strong>chg:</strong></span> <span class='ocrx_word' id='word_1_838' title='bbox 667 2890 692 2913; x_wconf 87' lang='lat' dir='ltr'><strong>ct</strong></span> <span class='ocrx_word' id='word_1_839' title='bbox 707 2885 753 2913; x_wconf 91' lang='lat' dir='ltr'><strong>Or.</strong></span> <span class='ocrx_word' id='word_1_840' title='bbox 769 2885 794 2919; x_wconf 89' lang='lat' dir='ltr'><strong>I,</strong></span> <span class='ocrx_word' id='word_1_841' title='bbox 809 2883 942 2919; x_wconf 83' lang='grc' dir='ltr'>ἀλλήλοις.</span> 
     </span>
    </p>
   </div>
   <div class='ocr_carea' id='block_1_107' title="bbox 159 2922 710 2958">
    <p class='ocr_par' dir='ltr' id='par_1_107' title="bbox 159 2922 710 2958">
     <span class='ocr_line' id='line_1_109' title="bbox 159 2922 710 2958; baseline -0.009 -6"><span class='ocrx_word' id='word_1_842' title='bbox 159 2922 218 2954; x_wconf 63' lang='lat' dir='ltr'><strong>ilo:</strong></span> <span class='ocrx_word' id='word_1_843' title='bbox 234 2922 344 2957; x_wconf 86' lang='lat' dir='ltr'><strong>iterum,</strong></span> <span class='ocrx_word' id='word_1_844' title='bbox 357 2923 489 2958; x_wconf 82' lang='grc' dir='ltr'>ἀλλήλοις,</span> <span class='ocrx_word' id='word_1_845' title='bbox 508 2930 555 2958; x_wconf 88' lang='lat' dir='ltr'><strong>pro</strong></span> <span class='ocrx_word' id='word_1_846' title='bbox 570 2922 710 2957; x_wconf 81' lang='grc' dir='ltr'>ἀλλήλους.</span> 
     </span>
    </p>
   </div>
   <div class='ocr_carea' id='block_1_108' title="bbox 763 2625 1273 2660">
    <p class='ocr_par' dir='ltr' id='par_1_108' title="bbox 763 2625 1273 2660">
     <span class='ocr_line' id='line_1_110' title="bbox 763 2625 1273 2660; baseline -0.008 -5"><span class='ocrx_word' id='word_1_847' title='bbox 763 2628 784 2643; x_wconf 80' lang='grc'><strong>²¹</strong></span> <span class='ocrx_word' id='word_1_848' title='bbox 802 2627 884 2655; x_wconf 88' lang='lat' dir='ltr'><strong>Ilebr.</strong></span> <span class='ocrx_word' id='word_1_849' title='bbox 901 2635 937 2660; x_wconf 88' lang='lat' dir='ltr'><strong>tv,</strong></span> <span class='ocrx_word' id='word_1_850' title='bbox 952 2627 992 2653; x_wconf 70' lang='lat' dir='ltr'><strong>I2.</strong></span> <span class='ocrx_word' id='word_1_851' title='bbox 1032 2627 1054 2642; x_wconf 84' lang='grc'><strong>²²</strong></span> <span class='ocrx_word' id='word_1_852' title='bbox 1070 2625 1135 2653; x_wconf 90' lang='lat' dir='ltr'><strong>Luc.</strong></span> <span class='ocrx_word' id='word_1_853' title='bbox 1161 2633 1210 2658; x_wconf 83' lang='lat' dir='ltr'><strong>xn,</strong></span> <span class='ocrx_word' id='word_1_854' title='bbox 1229 2625 1273 2651; x_wconf 75' lang='grc' dir='ltr'><strong>ιε).</strong></span> 
     </span>
    </p>
   </div>
   <div class='ocr_carea' id='block_1_109' title="bbox 1034 2669 1426 2707">
    <p class='ocr_par' dir='ltr' id='par_1_109' title="bbox 1034 2669 1426 2707">
     <span class='ocr_line' id='line_1_111' title="bbox 1034 2669 1426 2707; baseline -0.008 -9"><span class='ocrx_word' id='word_1_855' title='bbox 1034 2671 1089 2707; x_wconf 70' lang='lat'><strong>(25)</strong></span> <span class='ocrx_word' id='word_1_856' title='bbox 1115 2669 1239 2707; x_wconf 70' lang='grc' dir='ltr'><strong>Ἐχρῆν.Δ</strong></span> <span class='ocrx_word' id='word_1_857' title='bbox 1250 2669 1295 2696; x_wconf 89' lang='lat' dir='ltr'><strong>0r.</strong></span> <span class='ocrx_word' id='word_1_858' title='bbox 1310 2669 1336 2701; x_wconf 87' lang='lat' dir='ltr'><strong>I,</strong></span> <span class='ocrx_word' id='word_1_859' title='bbox 1349 2670 1426 2707; x_wconf 76' lang='grc' dir='ltr'>χρῆν.</span> 
     </span>
    </p>
   </div>
   <div class='ocr_carea' id='block_1_110' title="bbox 1034 2703 1689 2741">
    <p class='ocr_par' dir='ltr' id='par_1_110' title="bbox 1034 2703 1689 2741">
     <span class='ocr_line' id='line_1_112' title="bbox 1034 2703 1689 2741; baseline -0.006 -8"><span class='ocrx_word' id='word_1_860' title='bbox 1034 2703 1089 2741; x_wconf 75' lang='lat'><strong>(‘26)</strong></span> <span class='ocrx_word' id='word_1_861' title='bbox 1116 2703 1352 2741; x_wconf 57' lang='lat' dir='ltr'><strong>’Ehpqnjrmysr.</strong></span> <span class='ocrx_word' id='word_1_862' title='bbox 1363 2703 1414 2741; x_wconf 88' lang='lat' dir='ltr'><strong>_0r.</strong></span> <span class='ocrx_word' id='word_1_863' title='bbox 1430 2704 1458 2741; x_wconf 76' lang='lat' dir='ltr'><strong>I,</strong></span> <span class='ocrx_word' id='word_1_864' title='bbox 1469 2703 1689 2741; x_wconf 75' lang='grc' dir='ltr'>κεκρατήκαμεν.</span> 
     </span>
    </p>
   </div>
   <div class='ocr_carea' id='block_1_111' title="bbox 1034 2713 1731 2778">
    <p class='ocr_par' dir='ltr' id='par_1_111' title="bbox 1034 2713 1731 2778">
     <span class='ocr_line' id='line_1_113' title="bbox 1034 2713 1689 2764; baseline -0.006 -31"><span class='ocrx_word' id='word_1_865' title='bbox 1034 2713 1089 2741; x_wconf 74' lang='grc' dir='ltr'><strong>(2ο)</strong></span> <span class='ocrx_word' id='word_1_866' title='bbox 1118 2713 1349 2739; x_wconf 48' lang='grc' dir='ltr'>Ἐκρατησαμεπ</span> <span class='ocrx_word' id='word_1_867' title='bbox 1367 2713 1414 2731; x_wconf 90' lang='lat' dir='ltr'><strong>ur.</strong></span> <span class='ocrx_word' id='word_1_868' title='bbox 1431 2713 1458 2735; x_wconf 85' lang='lat'><strong>1,</strong></span> <span class='ocrx_word' id='word_1_869' title='bbox 1470 2713 1689 2764; x_wconf 74' lang='grc' dir='ltr'>κεκρατηκαμεν.</span> 
     </span>
     <span class='ocr_line' id='line_1_114' title="bbox 1034 2737 1731 2778; baseline -0.006 -11"><span class='ocrx_word' id='word_1_870' title='bbox 1034 2743 1089 2778; x_wconf 66' lang='lat'><strong>(27)</strong></span> <span class='ocrx_word' id='word_1_871' title='bbox 1115 2740 1208 2778; x_wconf 76' lang='grc' dir='ltr'><strong>Ἀλλᾲ</strong></span> <span class='ocrx_word' id='word_1_872' title='bbox 1224 2740 1283 2766; x_wconf 75' lang='grc' dir='ltr'>καί.</span> <span class='ocrx_word' id='word_1_873' title='bbox 1299 2739 1405 2778; x_wconf 44' lang='grc' dir='ltr'><strong>ξίφος.</strong></span> <span class='ocrx_word' id='word_1_874' title='bbox 1426 2740 1453 2778; x_wconf 48' lang='lat' dir='ltr'><strong>I‘.</strong></span> <span class='ocrx_word' id='word_1_875' title='bbox 1468 2739 1554 2778; x_wconf 58' lang='lat' dir='ltr'><strong>Deest</strong></span> <span class='ocrx_word' id='word_1_876' title='bbox 1565 2739 1633 2778; x_wconf 50' lang='lat' dir='ltr'><strong>eos</strong></span> <span class='ocrx_word' id='word_1_877' title='bbox 1648 2740 1674 2778; x_wconf 44' lang='lat' dir='ltr'><strong>i‘n</strong></span> <span class='ocrx_word' id='word_1_878' title='bbox 1688 2737 1731 2764; x_wconf 84' lang='lat' dir='ltr'><strong>et].</strong></span> 
     </span>
    </p>
   </div>
   <div class='ocr_carea' id='block_1_112' title="bbox 1024 2773 1787 2819">
    <p class='ocr_par' dir='ltr' id='par_1_112' title="bbox 1024 2773 1787 2819">
     <span class='ocr_line' id='line_1_115' title="bbox 1024 2773 1787 2819; baseline -0.008 -15"><span class='ocrx_word' id='word_1_879' title='bbox 1024 2773 1089 2819; x_wconf 39' lang='lat'><strong>’(28)</strong></span> <span class='ocrx_word' id='word_1_880' title='bbox 1106 2775 1268 2819; x_wconf 52' lang='grc' dir='ltr'><strong>ξὶςφέρειν</strong></span> <span class='ocrx_word' id='word_1_881' title='bbox 1287 2774 1326 2807; x_wconf 86' lang='grc' dir='ltr'>τῷ</span> <span class='ocrx_word' id='word_1_882' title='bbox 1344 2773 1414 2806; x_wconf 80' lang='grc' dir='ltr'><strong>Θεῷ.</strong></span> <span class='ocrx_word' id='word_1_883' title='bbox 1427 2774 1471 2802; x_wconf 85' lang='lat' dir='ltr'><strong>Sic</strong></span> <span class='ocrx_word' id='word_1_884' title='bbox 1484 2774 1530 2802; x_wconf 87' lang='lat' dir='ltr'><strong>0r.</strong></span> <span class='ocrx_word' id='word_1_885' title='bbox 1545 2774 1570 2802; x_wconf 86' lang='lat' dir='ltr'><strong>I.</strong></span> <span class='ocrx_word' id='word_1_886' title='bbox 1586 2774 1613 2801; x_wconf 90' lang='lat' dir='ltr'><strong>In</strong></span> <span class='ocrx_word' id='word_1_887' title='bbox 1629 2773 1683 2805; x_wconf 82' lang='lat' dir='ltr'><strong>ed.,</strong></span> <span class='ocrx_word' id='word_1_888' title='bbox 1703 2781 1787 2808; x_wconf 87' lang='grc' dir='ltr'>προσ-</span> 
     </span>
    </p>
   </div>
   <div class='ocr_carea' id='block_1_113' title="bbox 998 2811 1785 2883">
    <p class='ocr_par' dir='ltr' id='par_1_113' title="bbox 998 2811 1785 2883">
     <span class='ocr_line' id='line_1_116' title="bbox 998 2811 1785 2883; baseline -0.009 0"><span class='ocrx_word' id='word_1_889' title='bbox 1105 2811 1203 2883; x_wconf 40' lang='grc' dir='ltr'>ῗὲῗίή</span> <span class='ocrx_word' id='word_1_890' title='bbox 1232 2845 1318 2879; x_wconf 54' lang='lat' dir='ltr'><strong>fliam.</strong></span> <span class='ocrx_word' id='word_1_891' title='bbox 1336 2845 1381 2874; x_wconf 88' lang='lat' dir='ltr'><strong>0r.</strong></span> <span class='ocrx_word' id='word_1_892' title='bbox 1404 2846 1428 2879; x_wconf 78' lang='grc' dir='ltr'>Ι,</span> <span class='ocrx_word' id='word_1_893' title='bbox 1446 2849 1472 2873; x_wconf 87' lang='lat' dir='ltr'><strong>et</strong></span> <span class='ocrx_word' id='word_1_894' title='bbox 1492 2844 1550 2872; x_wconf 89' lang='lat' dir='ltr'><strong>Bill.</strong></span> <span class='ocrx_word' id='word_1_895' title='bbox 1568 2843 1600 2871; x_wconf 87' lang='lat' dir='ltr'><strong>ad</strong></span> <span class='ocrx_word' id='word_1_896' title='bbox 1613 2851 1698 2879; x_wconf 80' lang='lat' dir='ltr'><strong>marg.</strong></span> <span class='ocrx_word' id='word_1_897' title='bbox 1714 2843 1785 2870; x_wconf 65' lang='grc' dir='ltr'><strong>Ειίῖιο</strong></span> 
     </span>
    </p>
   </div>
   <div class='ocr_carea' id='block_1_114' title="bbox 999 2882 1231 2917">
    <p class='ocr_par' dir='ltr' id='par_1_114' title="bbox 999 2882 1231 2917">
     <span class='ocr_line' id='line_1_117' title="bbox 999 2882 1231 2917; baseline 0 -9"><span class='ocrx_word' id='word_1_898' title='bbox 999 2882 1072 2917; x_wconf 79' lang='lat' dir='ltr'><strong>Bas.,</strong></span> <span class='ocrx_word' id='word_1_899' title='bbox 1086 2883 1131 2909; x_wconf 72' lang='grc' dir='ltr'>καὶ</span> <span class='ocrx_word' id='word_1_900' title='bbox 1149 2882 1231 2914; x_wconf 83' lang='grc' dir='ltr'>ζέσις.</span> 
     </span>
    </p>
   </div>
  </div>
