  <div class='ocr_page' id='page_1' title='image "/cluster/home/n/w/nwhite01/storage/ocr_20150623/36/njp.32101013202633/101.png"; bbox 0 0 2029 3127; ppageno 0'>
   <div class='ocr_carea' id='block_1_1' title="bbox 279 165 331 194">
    <p class='ocr_par' dir='ltr' id='par_1_1' title="bbox 279 165 331 194">
     <span class='ocr_line' id='line_1_1' title="bbox 279 165 331 194; baseline 0 0"><span class='ocrx_word' id='word_1_1' title='bbox 279 165 331 194; x_wconf 78' lang='grc'><strong>179</strong></span> 
     </span>
    </p>
   </div>
   <div class='ocr_carea' id='block_1_2' title="bbox 882 148 1292 197">
    <p class='ocr_par' dir='ltr' id='par_1_2' title="bbox 882 148 1292 197">
     <span class='ocr_line' id='line_1_2' title="bbox 882 148 1292 197; baseline 0.005 -2"><span class='ocrx_word' id='word_1_2' title='bbox 882 148 912 196; x_wconf 88' lang='lat' dir='ltr'><strong>s.</strong></span> <span class='ocrx_word' id='word_1_3' title='bbox 932 168 1098 196; x_wconf 78' lang='lat' dir='ltr'><strong>cneconu</strong></span> <span class='ocrx_word' id='word_1_4' title='bbox 1118 168 1292 197; x_wconf 82' lang='lat' dir='ltr'><strong>THEOLOGI</strong></span> 
     </span>
    </p>
   </div>
   <div class='ocr_carea' id='block_1_3' title="bbox 1859 171 1912 199">
    <p class='ocr_par' dir='ltr' id='par_1_3' title="bbox 1859 171 1912 199">
     <span class='ocr_line' id='line_1_3' title="bbox 1859 171 1912 199; baseline 0.019 -1"><span class='ocrx_word' id='word_1_5' title='bbox 1859 171 1912 199; x_wconf 67' lang='lat'><strong>£80</strong></span> 
     </span>
    </p>
   </div>
   <div class='ocr_carea' id='block_1_4' title="bbox 313 220 1066 265">
    <p class='ocr_par' dir='ltr' id='par_1_4' title="bbox 313 220 1066 262">
     <span class='ocr_line' id='line_1_4' title="bbox 313 220 1066 262; baseline 0.008 -13"><span class='ocrx_word' id='word_1_6' title='bbox 313 221 346 249; x_wconf 87' lang='lat' dir='ltr'><strong>V.</strong></span> <span class='ocrx_word' id='word_1_7' title='bbox 362 220 418 250; x_wconf 85' lang='lat' dir='ltr'><strong>Hoc</strong></span> <span class='ocrx_word' id='word_1_8' title='bbox 435 222 562 250; x_wconf 89' lang='lat' dir='ltr'><strong>nimirum</strong></span> <span class='ocrx_word' id='word_1_9' title='bbox 578 227 637 256; x_wconf 89' lang='lat' dir='ltr'><strong>est,</strong></span> <span class='ocrx_word' id='word_1_10' title='bbox 655 224 729 259; x_wconf 85' lang='lat' dir='ltr'><strong>quod</strong></span> <span class='ocrx_word' id='word_1_11' title='bbox 745 225 895 254; x_wconf 84' lang='lat' dir='ltr'><strong>Ecclesiam</strong></span> <span class='ocrx_word' id='word_1_12' title='bbox 906 247 914 259; x_wconf 93' lang='lat'><strong>,</strong></span> <span class='ocrx_word' id='word_1_13' title='bbox 935 234 996 262; x_wconf 62' lang='lat' dir='ltr'><strong>qua</strong></span> <span class='ocrx_word' id='word_1_14' title='bbox 1015 235 1066 254; x_wconf 91' lang='lat' dir='ltr'><strong>una</strong></span> 
     </span>
    </p>
   </div>
   <div class='ocr_carea' id='block_1_5' title="bbox 1117 220 1912 265">
    <p class='ocr_par' dir='ltr' id='par_1_5' title="bbox 1154 226 1912 265">
     <span class='ocr_line' id='line_1_5' title="bbox 1154 226 1912 265; baseline 0.005 -12"><span class='ocrx_word' id='word_1_15' title='bbox 1154 227 1193 254; x_wconf 90' lang='lat' dir='ltr'><strong>E&#39;.</strong></span> <span class='ocrx_word' id='word_1_16' title='bbox 1208 227 1294 254; x_wconf 85' lang='grc' dir='ltr'>Τοῦτό</span> <span class='ocrx_word' id='word_1_17' title='bbox 1310 229 1384 254; x_wconf 83' lang='grc' dir='ltr'>ἐστιν</span> <span class='ocrx_word' id='word_1_18' title='bbox 1397 227 1411 254; x_wconf 79' lang='grc' dir='ltr'><strong>ὃ</strong></span> <span class='ocrx_word' id='word_1_19' title='bbox 1427 227 1510 255; x_wconf 75' lang='grc' dir='ltr'>πολλὰ</span> <span class='ocrx_word' id='word_1_20' title='bbox 1523 226 1592 256; x_wconf 86' lang='grc' dir='ltr'>εἶναι</span> <span class='ocrx_word' id='word_1_21' title='bbox 1607 229 1677 265; x_wconf 82' lang='grc' dir='ltr'>μέρη</span> <span class='ocrx_word' id='word_1_22' title='bbox 1695 229 1744 265; x_wconf 86' lang='grc' dir='ltr'>τὴν</span> <span class='ocrx_word' id='word_1_23' title='bbox 1763 229 1828 265; x_wconf 87' lang='grc' dir='ltr'>μίαν</span> <span class='ocrx_word' id='word_1_24' title='bbox 1847 231 1912 258; x_wconf 84' lang='grc' dir='ltr'><strong>Ἑκ-</strong></span> 
     </span>
    </p>
   </div>
   <div class='ocr_carea' id='block_1_6' title="bbox 276 268 1066 307">
    <p class='ocr_par' dir='ltr' id='par_1_6' title="bbox 276 268 1066 307">
     <span class='ocr_line' id='line_1_6' title="bbox 276 268 1066 307; baseline 0.008 -13"><span class='ocrx_word' id='word_1_25' title='bbox 276 273 331 299; x_wconf 79' lang='lat' dir='ltr'><strong>est,</strong></span> <span class='ocrx_word' id='word_1_26' title='bbox 345 269 379 295; x_wconf 92' lang='lat' dir='ltr'><strong>in-</strong></span> <span class='ocrx_word' id='word_1_27' title='bbox 388 268 484 296; x_wconf 89' lang='lat' dir='ltr'><strong>multas</strong></span> <span class='ocrx_word' id='word_1_28' title='bbox 500 275 591 303; x_wconf 89' lang='lat' dir='ltr'><strong>partes</strong></span> <span class='ocrx_word' id='word_1_29' title='bbox 607 270 732 303; x_wconf 89' lang='lat' dir='ltr'><strong>discidit,</strong></span> <span class='ocrx_word' id='word_1_30' title='bbox 749 276 831 307; x_wconf 87' lang='lat' dir='ltr'><strong>atque</strong></span> <span class='ocrx_word' id='word_1_31' title='bbox 850 272 995 307; x_wconf 73' lang='lat' dir='ltr'><strong>disjunxit,</strong></span> <span class='ocrx_word' id='word_1_32' title='bbox 1013 281 1066 301; x_wconf 87' lang='lat' dir='ltr'><strong>non</strong></span> 
     </span>
    </p>
   </div>
   <div class='ocr_carea' id='block_1_7' title="bbox 278 313 1068 353">
    <p class='ocr_par' dir='ltr' id='par_1_7' title="bbox 278 313 1068 353">
     <span class='ocr_line' id='line_1_7' title="bbox 278 313 1068 353; baseline 0.006 -13"><span class='ocrx_word' id='word_1_33' title='bbox 278 315 304 340; x_wconf 88' lang='lat' dir='ltr'><strong>in</strong></span> <span class='ocrx_word' id='word_1_34' title='bbox 321 322 403 341; x_wconf 94' lang='lat' dir='ltr'><strong>unum</strong></span> <span class='ocrx_word' id='word_1_35' title='bbox 423 313 536 342; x_wconf 87' lang='lat' dir='ltr'><strong>Paulum</strong></span> <span class='ocrx_word' id='word_1_36' title='bbox 551 336 558 349; x_wconf 89' lang='lat'><strong>,</strong></span> <span class='ocrx_word' id='word_1_37' title='bbox 576 321 623 343; x_wconf 90' lang='lat' dir='ltr'><strong>aut</strong></span> <span class='ocrx_word' id='word_1_38' title='bbox 645 315 784 352; x_wconf 87' lang='lat' dir='ltr'><strong>Cepham,</strong></span> <span class='ocrx_word' id='word_1_39' title='bbox 806 322 854 345; x_wconf 89' lang='lat' dir='ltr'><strong>aut</strong></span> <span class='ocrx_word' id='word_1_40' title='bbox 868 318 1004 353; x_wconf 78' lang='lat' dir='ltr'><strong>Apollo&quot;,</strong></span> <span class='ocrx_word' id='word_1_41' title='bbox 1021 323 1068 346; x_wconf 84' lang='lat' dir='ltr'><strong>aut</strong></span> 
     </span>
    </p>
   </div>
   <div class='ocr_carea' id='block_1_8' title="bbox 276 359 1068 397">
    <p class='ocr_par' dir='ltr' id='par_1_8' title="bbox 276 359 1068 397">
     <span class='ocr_line' id='line_1_8' title="bbox 276 359 1068 397; baseline 0.009 -12"><span class='ocrx_word' id='word_1_42' title='bbox 276 359 395 394; x_wconf 93' lang='lat' dir='ltr'><strong>aliquem</strong></span> <span class='ocrx_word' id='word_1_43' title='bbox 413 361 593 395; x_wconf 87' lang='lat' dir='ltr'><strong>plantatorem</strong></span> <span class='ocrx_word' id='word_1_44' title='bbox 604 381 612 394; x_wconf 88' lang='lat'><strong>,</strong></span> <span class='ocrx_word' id='word_1_45' title='bbox 629 362 671 389; x_wconf 91' lang='lat' dir='ltr'><strong>vcl</strong></span> <span class='ocrx_word' id='word_1_46' title='bbox 685 363 829 397; x_wconf 80' lang='lat' dir='ltr'><strong>rigatorem</strong></span> <span class='ocrx_word' id='word_1_47' title='bbox 841 384 850 397; x_wconf 93' lang='lat'><strong>,</strong></span> <span class='ocrx_word' id='word_1_48' title='bbox 866 364 912 391; x_wconf 90' lang='lat' dir='ltr'><strong>sed</strong></span> <span class='ocrx_word' id='word_1_49' title='bbox 928 365 953 391; x_wconf 93' lang='lat' dir='ltr'><strong>in</strong></span> <span class='ocrx_word' id='word_1_50' title='bbox 971 364 1068 392; x_wconf 84' lang='lat' dir='ltr'><strong>multos</strong></span> 
     </span>
    </p>
   </div>
   <div class='ocr_carea' id='block_1_9' title="bbox 279 403 1066 445">
    <p class='ocr_par' dir='ltr' id='par_1_9' title="bbox 279 403 1066 445">
     <span class='ocr_line' id='line_1_9' title="bbox 279 403 1066 445; baseline 0.01 -15"><span class='ocrx_word' id='word_1_51' title='bbox 279 403 386 438; x_wconf 82' lang='lat' dir='ltr'><strong>Paulos,</strong></span> <span class='ocrx_word' id='word_1_52' title='bbox 401 410 426 432; x_wconf 87' lang='lat' dir='ltr'><strong>et</strong></span> <span class='ocrx_word' id='word_1_53' title='bbox 442 405 559 441; x_wconf 85' lang='lat' dir='ltr'><strong>Cephas,</strong></span> <span class='ocrx_word' id='word_1_54' title='bbox 575 412 603 434; x_wconf 87' lang='lat' dir='ltr'><strong>et</strong></span> <span class='ocrx_word' id='word_1_55' title='bbox 617 407 774 443; x_wconf 80' lang='lat' dir='ltr'><strong>Apollones,</strong></span> <span class='ocrx_word' id='word_1_56' title='bbox 791 417 805 435; x_wconf 88' lang='lat' dir='ltr'><strong>a</strong></span> <span class='ocrx_word' id='word_1_57' title='bbox 823 409 921 444; x_wconf 87' lang='lat' dir='ltr'><strong>quibus</strong></span> <span class='ocrx_word' id='word_1_58' title='bbox 931 410 988 445; x_wconf 84' lang='lat' dir='ltr'><strong>jam</strong></span> <span class='ocrx_word' id='word_1_59' title='bbox 1004 410 1066 445; x_wconf 86' lang='lat' dir='ltr'><strong>ipsi.</strong></span> 
     </span>
    </p>
   </div>
   <div class='ocr_carea' id='block_1_10' title="bbox 278 451 1068 491">
    <p class='ocr_par' dir='ltr' id='par_1_10' title="bbox 278 451 1068 491">
     <span class='ocr_line' id='line_1_10' title="bbox 278 451 1068 491; baseline 0.01 -15"><span class='ocrx_word' id='word_1_60' title='bbox 278 457 331 477; x_wconf 87' lang='lat' dir='ltr'><strong>non</strong></span> <span class='ocrx_word' id='word_1_61' title='bbox 348 451 382 478; x_wconf 88' lang='lat' dir='ltr'><strong>ab</strong></span> <span class='ocrx_word' id='word_1_62' title='bbox 398 451 500 480; x_wconf 80' lang='lat' dir='ltr'><strong>eximio</strong></span> <span class='ocrx_word' id='word_1_63' title='bbox 517 453 562 480; x_wconf 91' lang='lat' dir='ltr'><strong>illo</strong></span> <span class='ocrx_word' id='word_1_64' title='bbox 578 457 606 480; x_wconf 88' lang='lat' dir='ltr'><strong>et</strong></span> <span class='ocrx_word' id='word_1_65' title='bbox 621 461 691 482; x_wconf 74' lang='grc' dir='ltr'>πονο</span> <span class='ocrx_word' id='word_1_66' title='bbox 705 454 808 482; x_wconf 87' lang='lat' dir='ltr'><strong>Christi</strong></span> <span class='ocrx_word' id='word_1_67' title='bbox 826 456 935 483; x_wconf 85' lang='lat' dir='ltr'><strong>nomine</strong></span> <span class='ocrx_word' id='word_1_68' title='bbox 950 456 1068 491; x_wconf 86' lang='lat' dir='ltr'><strong>appella-</strong></span> 
     </span>
    </p>
   </div>
   <div class='ocr_carea' id='block_1_11' title="bbox 278 499 1067 537">
    <p class='ocr_par' dir='ltr' id='par_1_11' title="bbox 278 499 1067 537">
     <span class='ocr_line' id='line_1_11' title="bbox 278 499 1067 537; baseline 0.009 -14"><span class='ocrx_word' id='word_1_69' title='bbox 278 504 350 530; x_wconf 91' lang='lat' dir='ltr'><strong>mur,</strong></span> <span class='ocrx_word' id='word_1_70' title='bbox 376 502 510 525; x_wconf 88' lang='lat' dir='ltr'><strong>eteorum</strong></span> <span class='ocrx_word' id='word_1_71' title='bbox 538 506 600 527; x_wconf 85' lang='lat' dir='ltr'><strong>esse</strong></span> <span class='ocrx_word' id='word_1_72' title='bbox 625 499 752 528; x_wconf 86' lang='lat' dir='ltr'><strong>dicimur.</strong></span> <span class='ocrx_word' id='word_1_73' title='bbox 775 502 865 537; x_wconf 82' lang='lat' dir='ltr'><strong>Atque</strong></span> <span class='ocrx_word' id='word_1_74' title='bbox 884 502 986 529; x_wconf 89' lang='lat' dir='ltr'><strong>utinam</strong></span> <span class='ocrx_word' id='word_1_75' title='bbox 1002 503 1067 530; x_wconf 93' lang='lat' dir='ltr'><strong>mihi</strong></span> 
     </span>
    </p>
   </div>
   <div class='ocr_carea' id='block_1_12' title="bbox 278 542 1068 580">
    <p class='ocr_par' dir='ltr' id='par_1_12' title="bbox 278 542 1068 580">
     <span class='ocr_line' id='line_1_12' title="bbox 278 542 1068 580; baseline 0.009 -11"><span class='ocrx_word' id='word_1_76' title='bbox 278 542 330 571; x_wconf 83' lang='lat' dir='ltr'><strong>hoc</strong></span> <span class='ocrx_word' id='word_1_77' title='bbox 350 543 436 571; x_wconf 93' lang='lat' dir='ltr'><strong>solum</strong></span> <span class='ocrx_word' id='word_1_78' title='bbox 452 546 542 574; x_wconf 86' lang='lat' dir='ltr'><strong>dicere</strong></span> <span class='ocrx_word' id='word_1_79' title='bbox 564 546 666 574; x_wconf 90' lang='lat' dir='ltr'><strong>liceret.</strong></span> <span class='ocrx_word' id='word_1_80' title='bbox 693 547 792 575; x_wconf 86' lang='lat' dir='ltr'><strong>Verum</strong></span> <span class='ocrx_word' id='word_1_81' title='bbox 805 568 812 580; x_wconf 96' lang='lat'><strong>,</strong></span> <span class='ocrx_word' id='word_1_82' title='bbox 827 553 854 576; x_wconf 87' lang='lat' dir='ltr'><strong>et</strong></span> <span class='ocrx_word' id='word_1_83' title='bbox 869 549 968 576; x_wconf 88' lang='lat' dir='ltr'><strong>mullos</strong></span> <span class='ocrx_word' id='word_1_84' title='bbox 988 549 1068 576; x_wconf 90' lang='lat' dir='ltr'><strong>Chri-</strong></span> 
     </span>
    </p>
   </div>
   <div class='ocr_carea' id='block_1_13' title="bbox 278 591 1069 630">
    <p class='ocr_par' dir='ltr' id='par_1_13' title="bbox 278 591 1069 630">
     <span class='ocr_line' id='line_1_13' title="bbox 278 591 1069 630; baseline 0.008 -14"><span class='ocrx_word' id='word_1_85' title='bbox 278 594 335 618; x_wconf 82' lang='lat' dir='ltr'><strong>stos</strong></span> <span class='ocrx_word' id='word_1_86' title='bbox 352 591 492 626; x_wconf 88' lang='lat' dir='ltr'><strong>(horresco</strong></span> <span class='ocrx_word' id='word_1_87' title='bbox 514 592 648 629; x_wconf 81' lang='lat' dir='ltr'><strong>referens)</strong></span> <span class='ocrx_word' id='word_1_88' title='bbox 660 613 668 626; x_wconf 93' lang='lat'><strong>,</strong></span> <span class='ocrx_word' id='word_1_89' title='bbox 691 601 742 629; x_wconf 88' lang='lat' dir='ltr'><strong>pro</strong></span> <span class='ocrx_word' id='word_1_90' title='bbox 759 601 813 620; x_wconf 87' lang='lat' dir='ltr'><strong>uno</strong></span> <span class='ocrx_word' id='word_1_91' title='bbox 834 595 979 629; x_wconf 83' lang='lat' dir='ltr'><strong>produxit,</strong></span> <span class='ocrx_word' id='word_1_92' title='bbox 993 595 1069 630; x_wconf 76' lang='lat' dir='ltr'><strong>geni-</strong></span> 
     </span>
    </p>
   </div>
   <div class='ocr_carea' id='block_1_14' title="bbox 278 638 1068 674">
    <p class='ocr_par' dir='ltr' id='par_1_14' title="bbox 278 638 1068 674">
     <span class='ocr_line' id='line_1_14' title="bbox 278 638 1068 674; baseline 0.009 -12"><span class='ocrx_word' id='word_1_93' title='bbox 278 640 333 662; x_wconf 91' lang='lat' dir='ltr'><strong>tum</strong></span> <span class='ocrx_word' id='word_1_94' title='bbox 348 657 355 668; x_wconf 95' lang='lat'><strong>,</strong></span> <span class='ocrx_word' id='word_1_95' title='bbox 370 642 489 665; x_wconf 87' lang='lat' dir='ltr'><strong>creatum</strong></span> <span class='ocrx_word' id='word_1_96' title='bbox 501 658 509 671; x_wconf 89' lang='lat'><strong>,</strong></span> <span class='ocrx_word' id='word_1_97' title='bbox 535 646 549 665; x_wconf 88' lang='lat' dir='ltr'><strong>a</strong></span> <span class='ocrx_word' id='word_1_98' title='bbox 572 638 655 666; x_wconf 82' lang='lat' dir='ltr'><strong>Maria</strong></span> <span class='ocrx_word' id='word_1_99' title='bbox 674 639 869 674; x_wconf 86' lang='lat' dir='ltr'><strong>incipientem,</strong></span> <span class='ocrx_word' id='word_1_100' title='bbox 886 648 935 674; x_wconf 86' lang='lat' dir='ltr'><strong>eo,</strong></span> <span class='ocrx_word' id='word_1_101' title='bbox 958 641 1028 668; x_wconf 87' lang='lat' dir='ltr'><strong>unde</strong></span> <span class='ocrx_word' id='word_1_102' title='bbox 1041 641 1068 668; x_wconf 93' lang='lat' dir='ltr'><strong>in</strong></span> 
     </span>
    </p>
   </div>
   <div class='ocr_carea' id='block_1_15' title="bbox 277 683 1068 721">
    <p class='ocr_par' dir='ltr' id='par_1_15' title="bbox 277 683 1068 721">
     <span class='ocr_line' id='line_1_15' title="bbox 277 683 1068 721; baseline 0.008 -13"><span class='ocrx_word' id='word_1_103' title='bbox 277 687 367 709; x_wconf 91' lang='lat' dir='ltr'><strong>ortum</strong></span> <span class='ocrx_word' id='word_1_104' title='bbox 382 683 494 717; x_wconf 87' lang='lat' dir='ltr'><strong>prodiit,</strong></span> <span class='ocrx_word' id='word_1_105' title='bbox 512 684 694 718; x_wconf 74' lang='lat' dir='ltr'><strong>relabentem,</strong></span> <span class='ocrx_word' id='word_1_106' title='bbox 709 686 846 714; x_wconf 79' lang='lat' dir='ltr'><strong>hominem</strong></span> <span class='ocrx_word' id='word_1_107' title='bbox 861 687 960 714; x_wconf 89' lang='lat' dir='ltr'><strong>mentis</strong></span> <span class='ocrx_word' id='word_1_108' title='bbox 972 693 1068 721; x_wconf 87' lang='lat' dir='ltr'><strong>exper-</strong></span> 
     </span>
    </p>
   </div>
   <div class='ocr_carea' id='block_1_16' title="bbox 277 731 1068 767">
    <p class='ocr_par' dir='ltr' id='par_1_16' title="bbox 277 731 1068 767">
     <span class='ocr_line' id='line_1_16' title="bbox 277 731 1068 767; baseline 0.005 -12"><span class='ocrx_word' id='word_1_109' title='bbox 277 733 344 761; x_wconf 85' lang='lat' dir='ltr'><strong>tem,</strong></span> <span class='ocrx_word' id='word_1_110' title='bbox 360 737 453 757; x_wconf 83' lang='lat' dir='ltr'><strong>revera</strong></span> <span class='ocrx_word' id='word_1_111' title='bbox 468 731 658 764; x_wconf 78' lang='lat' dir='ltr'><strong>exsistentem,</strong></span> <span class='ocrx_word' id='word_1_112' title='bbox 674 737 702 759; x_wconf 91' lang='lat' dir='ltr'><strong>et</strong></span> <span class='ocrx_word' id='word_1_113' title='bbox 720 733 810 767; x_wconf 85' lang='lat' dir='ltr'><strong>specie</strong></span> <span class='ocrx_word' id='word_1_114' title='bbox 828 738 908 761; x_wconf 86' lang='lat' dir='ltr'><strong>tenus</strong></span> <span class='ocrx_word' id='word_1_115' title='bbox 923 733 1068 760; x_wconf 86' lang='lat' dir='ltr'><strong>adumbra-</strong></span> 
     </span>
    </p>
   </div>
   <div class='ocr_carea' id='block_1_17' title="bbox 278 774 1069 814">
    <p class='ocr_par' dir='ltr' id='par_1_17' title="bbox 278 774 1069 814">
     <span class='ocr_line' id='line_1_17' title="bbox 278 774 1069 814; baseline 0.008 -15"><span class='ocrx_word' id='word_1_116' title='bbox 278 779 346 801; x_wconf 90' lang='lat' dir='ltr'><strong>tum.</strong></span> <span class='ocrx_word' id='word_1_117' title='bbox 362 774 502 803; x_wconf 88' lang='lat' dir='ltr'><strong>Consimili</strong></span> <span class='ocrx_word' id='word_1_118' title='bbox 518 777 598 804; x_wconf 89' lang='lat' dir='ltr'><strong>modo</strong></span> <span class='ocrx_word' id='word_1_119' title='bbox 621 778 720 805; x_wconf 87' lang='lat' dir='ltr'><strong>multos</strong></span> <span class='ocrx_word' id='word_1_120' title='bbox 742 785 850 813; x_wconf 84' lang='lat' dir='ltr'><strong>quoque</strong></span> <span class='ocrx_word' id='word_1_121' title='bbox 869 778 1003 814; x_wconf 87' lang='lat' dir='ltr'><strong>Spiritus,</strong></span> <span class='ocrx_word' id='word_1_122' title='bbox 1028 779 1069 805; x_wconf 93' lang='lat' dir='ltr'><strong>in-</strong></span> 
     </span>
    </p>
   </div>
   <div class='ocr_carea' id='block_1_18' title="bbox 276 824 1068 861">
    <p class='ocr_par' dir='ltr' id='par_1_18' title="bbox 276 824 1068 861">
     <span class='ocr_line' id='line_1_18' title="bbox 276 824 1068 861; baseline 0.009 -15"><span class='ocrx_word' id='word_1_123' title='bbox 276 825 411 853; x_wconf 85' lang='lat' dir='ltr'><strong>creatum,</strong></span> <span class='ocrx_word' id='word_1_124' title='bbox 427 826 455 848; x_wconf 91' lang='lat' dir='ltr'><strong>et</strong></span> <span class='ocrx_word' id='word_1_125' title='bbox 467 827 600 855; x_wconf 88' lang='lat' dir='ltr'><strong>creatum,</strong></span> <span class='ocrx_word' id='word_1_126' title='bbox 613 828 639 851; x_wconf 86' lang='lat' dir='ltr'><strong>et</strong></span> <span class='ocrx_word' id='word_1_127' title='bbox 650 824 754 851; x_wconf 89' lang='lat' dir='ltr'><strong>honore</strong></span> <span class='ocrx_word' id='word_1_128' title='bbox 766 831 868 859; x_wconf 88' lang='lat' dir='ltr'><strong>parem,</strong></span> <span class='ocrx_word' id='word_1_129' title='bbox 882 830 909 852; x_wconf 87' lang='lat' dir='ltr'><strong>et</strong></span> <span class='ocrx_word' id='word_1_130' title='bbox 921 825 974 852; x_wconf 82' lang='lat' dir='ltr'><strong>vim</strong></span> <span class='ocrx_word' id='word_1_131' title='bbox 988 831 1068 861; x_wconf 87' lang='lat' dir='ltr'><strong>atque</strong></span> 
     </span>
    </p>
   </div>
   <div class='ocr_carea' id='block_1_19' title="bbox 277 863 1066 903">
    <p class='ocr_par' dir='ltr' id='par_1_19' title="bbox 277 863 1066 903">
     <span class='ocr_line' id='line_1_19' title="bbox 277 863 1066 903; baseline 0.009 -13"><span class='ocrx_word' id='word_1_132' title='bbox 277 863 449 900; x_wconf 75' lang='lat' dir='ltr'><strong>facultatem,</strong></span> <span class='ocrx_word' id='word_1_133' title='bbox 471 872 499 893; x_wconf 88' lang='lat' dir='ltr'><strong>et</strong></span> <span class='ocrx_word' id='word_1_134' title='bbox 521 868 635 903; x_wconf 85' lang='lat' dir='ltr'><strong>simplex</strong></span> <span class='ocrx_word' id='word_1_135' title='bbox 660 876 692 895; x_wconf 90' lang='lat' dir='ltr'><strong>ac</strong></span> <span class='ocrx_word' id='word_1_136' title='bbox 709 868 808 896; x_wconf 87' lang='lat' dir='ltr'><strong>nudum</strong></span> <span class='ocrx_word' id='word_1_137' title='bbox 826 868 944 903; x_wconf 81' lang='lat' dir='ltr'><strong>Spiritus</strong></span> <span class='ocrx_word' id='word_1_138' title='bbox 957 877 1066 898; x_wconf 89' lang='lat' dir='ltr'><strong>nomen.</strong></span> 
     </span>
    </p>
   </div>
   <div class='ocr_carea' id='block_1_20' title="bbox 277 911 1067 949">
    <p class='ocr_par' dir='ltr' id='par_1_20' title="bbox 277 911 1067 949">
     <span class='ocr_line' id='line_1_20' title="bbox 277 911 1067 949; baseline 0.008 -12"><span class='ocrx_word' id='word_1_139' title='bbox 277 911 312 937; x_wconf 77' lang='lat' dir='ltr'><strong>At</strong></span> <span class='ocrx_word' id='word_1_140' title='bbox 327 919 409 938; x_wconf 94' lang='lat' dir='ltr'><strong>unum</strong></span> <span class='ocrx_word' id='word_1_141' title='bbox 426 912 510 940; x_wconf 87' lang='lat' dir='ltr'><strong>Deum</strong></span> <span class='ocrx_word' id='word_1_142' title='bbox 530 912 639 941; x_wconf 83' lang='lat' dir='ltr'><strong>Patrem</strong></span> <span class='ocrx_word' id='word_1_143' title='bbox 655 914 736 949; x_wconf 80' lang='lat'><strong>583</strong></span> <span class='ocrx_word' id='word_1_144' title='bbox 759 922 907 949; x_wconf 76' lang='lat' dir='ltr'><strong>agnoscere</strong></span> <span class='ocrx_word' id='word_1_145' title='bbox 926 917 1067 949; x_wconf 79' lang='lat' dir='ltr'><strong>oportebat</strong></span> 
     </span>
    </p>
   </div>
   <div class='ocr_carea' id='block_1_21' title="bbox 277 957 1066 995">
    <p class='ocr_par' dir='ltr' id='par_1_21' title="bbox 277 957 1066 995">
     <span class='ocr_line' id='line_1_21' title="bbox 277 957 1066 995; baseline 0.006 -12"><span class='ocrx_word' id='word_1_146' title='bbox 277 957 402 992; x_wconf 86' lang='lat' dir='ltr'><strong>principii</strong></span> <span class='ocrx_word' id='word_1_147' title='bbox 418 963 556 994; x_wconf 88' lang='lat' dir='ltr'><strong>expertem</strong></span> <span class='ocrx_word' id='word_1_148' title='bbox 572 964 598 987; x_wconf 90' lang='lat' dir='ltr'><strong>et</strong></span> <span class='ocrx_word' id='word_1_149' title='bbox 612 960 771 995; x_wconf 76' lang='lat' dir='ltr'><strong>ingenitum,</strong></span> <span class='ocrx_word' id='word_1_150' title='bbox 787 965 814 987; x_wconf 92' lang='lat' dir='ltr'><strong>et</strong></span> <span class='ocrx_word' id='word_1_151' title='bbox 828 969 909 988; x_wconf 92' lang='lat' dir='ltr'><strong>unum</strong></span> <span class='ocrx_word' id='word_1_152' title='bbox 921 961 1019 988; x_wconf 87' lang='lat' dir='ltr'><strong>Filium</strong></span> <span class='ocrx_word' id='word_1_153' title='bbox 1032 969 1066 989; x_wconf 78' lang='lat' dir='ltr'><strong>ex</strong></span> 
     </span>
    </p>
   </div>
   <div class='ocr_carea' id='block_1_22' title="bbox 276 1001 1065 1039">
    <p class='ocr_par' dir='ltr' id='par_1_22' title="bbox 276 1001 1065 1039">
     <span class='ocr_line' id='line_1_22' title="bbox 276 1001 1065 1039; baseline 0.006 -10"><span class='ocrx_word' id='word_1_154' title='bbox 276 1001 356 1032; x_wconf 78' lang='lat' dir='ltr'><strong>Patre</strong></span> <span class='ocrx_word' id='word_1_155' title='bbox 368 1004 489 1038; x_wconf 76' lang='lat' dir='ltr'><strong>genitum</strong></span> <span class='ocrx_word' id='word_1_156' title='bbox 503 1024 511 1036; x_wconf 91' lang='lat'><strong>,</strong></span> <span class='ocrx_word' id='word_1_157' title='bbox 528 1009 556 1032; x_wconf 90' lang='lat' dir='ltr'><strong>et</strong></span> <span class='ocrx_word' id='word_1_158' title='bbox 572 1013 654 1031; x_wconf 92' lang='lat' dir='ltr'><strong>unum</strong></span> <span class='ocrx_word' id='word_1_159' title='bbox 670 1005 801 1039; x_wconf 90' lang='lat' dir='ltr'><strong>Spiritum</strong></span> <span class='ocrx_word' id='word_1_160' title='bbox 815 1013 848 1033; x_wconf 81' lang='lat' dir='ltr'><strong>ex</strong></span> <span class='ocrx_word' id='word_1_161' title='bbox 869 1006 923 1033; x_wconf 88' lang='lat' dir='ltr'><strong>Deo</strong></span> <span class='ocrx_word' id='word_1_162' title='bbox 937 1007 1065 1034; x_wconf 86' lang='lat' dir='ltr'><strong>substan-</strong></span> 
     </span>
    </p>
   </div>
   <div class='ocr_carea' id='block_1_23' title="bbox 277 1048 1066 1087">
    <p class='ocr_par' dir='ltr' id='par_1_23' title="bbox 277 1048 1066 1087">
     <span class='ocr_line' id='line_1_23' title="bbox 277 1048 1066 1087; baseline 0.008 -13"><span class='ocrx_word' id='word_1_163' title='bbox 277 1048 341 1075; x_wconf 83' lang='lat' dir='ltr'><strong>tiam</strong></span> <span class='ocrx_word' id='word_1_164' title='bbox 364 1049 507 1077; x_wconf 85' lang='lat' dir='ltr'><strong>habenlem</strong></span> <span class='ocrx_word' id='word_1_165' title='bbox 521 1069 529 1082; x_wconf 94' lang='lat'><strong>,</strong></span> <span class='ocrx_word' id='word_1_166' title='bbox 552 1051 743 1078; x_wconf 86' lang='lat' dir='ltr'><strong>concedentem</strong></span> <span class='ocrx_word' id='word_1_167' title='bbox 765 1050 841 1078; x_wconf 84' lang='lat' dir='ltr'><strong>Patri</strong></span> <span class='ocrx_word' id='word_1_168' title='bbox 868 1051 980 1087; x_wconf 72' lang='lat' dir='ltr'><strong>iugeniti</strong></span> <span class='ocrx_word' id='word_1_169' title='bbox 1002 1060 1066 1087; x_wconf 90' lang='lat' dir='ltr'><strong>pro-</strong></span> 
     </span>
    </p>
   </div>
   <div class='ocr_carea' id='block_1_24' title="bbox 277 1096 1066 1132">
    <p class='ocr_par' dir='ltr' id='par_1_24' title="bbox 277 1096 1066 1132">
     <span class='ocr_line' id='line_1_24' title="bbox 277 1096 1066 1132; baseline 0.006 -11"><span class='ocrx_word' id='word_1_170' title='bbox 277 1096 432 1129; x_wconf 87' lang='lat' dir='ltr'><strong>prietatem,</strong></span> <span class='ocrx_word' id='word_1_171' title='bbox 445 1096 514 1123; x_wconf 88' lang='lat' dir='ltr'><strong>Filio</strong></span> <span class='ocrx_word' id='word_1_172' title='bbox 527 1105 591 1124; x_wconf 78' lang='lat' dir='ltr'><strong>vero</strong></span> <span class='ocrx_word' id='word_1_173' title='bbox 604 1098 824 1132; x_wconf 79' lang='lat' dir='ltr'><strong>generationem;</strong></span> <span class='ocrx_word' id='word_1_174' title='bbox 844 1098 878 1126; x_wconf 87' lang='lat' dir='ltr'><strong>de</strong></span> <span class='ocrx_word' id='word_1_175' title='bbox 895 1103 994 1126; x_wconf 59' lang='lat' dir='ltr'><strong>cetero</strong></span> <span class='ocrx_word' id='word_1_176' title='bbox 1019 1106 1066 1125; x_wconf 93' lang='lat' dir='ltr'><strong>au-</strong></span> 
     </span>
    </p>
   </div>
   <div class='ocr_carea' id='block_1_25' title="bbox 277 1143 1065 1180">
    <p class='ocr_par' dir='ltr' id='par_1_25' title="bbox 277 1143 1065 1180">
     <span class='ocr_line' id='line_1_25' title="bbox 277 1143 1065 1180; baseline 0.006 -12"><span class='ocrx_word' id='word_1_177' title='bbox 277 1149 331 1169; x_wconf 60' lang='lat' dir='ltr'><strong>tem</strong></span> <span class='ocrx_word' id='word_1_178' title='bbox 356 1143 476 1178; x_wconf 86' lang='lat' dir='ltr'><strong>ejusdem</strong></span> <span class='ocrx_word' id='word_1_179' title='bbox 501 1145 612 1172; x_wconf 91' lang='lat' dir='ltr'><strong>omnino</strong></span> <span class='ocrx_word' id='word_1_180' title='bbox 630 1150 748 1178; x_wconf 58' lang='lat' dir='ltr'><strong>natura,</strong></span> <span class='ocrx_word' id='word_1_181' title='bbox 770 1145 926 1180; x_wconf 83' lang='lat' dir='ltr'><strong>dignitatis,</strong></span> <span class='ocrx_word' id='word_1_182' title='bbox 940 1146 1065 1179; x_wconf 88' lang='lat' dir='ltr'><strong>honoris,</strong></span> 
     </span>
    </p>
   </div>
   <div class='ocr_carea' id='block_1_26' title="bbox 274 1188 1066 1226">
    <p class='ocr_par' dir='ltr' id='par_1_26' title="bbox 274 1188 1066 1226">
     <span class='ocr_line' id='line_1_26' title="bbox 274 1188 1066 1226; baseline 0.004 -11"><span class='ocrx_word' id='word_1_183' title='bbox 274 1188 378 1224; x_wconf 64' lang='lat' dir='ltr'><strong>gloriae.</strong></span> <span class='ocrx_word' id='word_1_184' title='bbox 403 1189 487 1224; x_wconf 63' lang='lat' dir='ltr'><strong>Haec,</strong></span> <span class='ocrx_word' id='word_1_185' title='bbox 505 1190 615 1225; x_wconf 89' lang='lat' dir='ltr'><strong>inquam</strong></span> <span class='ocrx_word' id='word_1_186' title='bbox 627 1211 635 1222; x_wconf 83' lang='lat'><strong>.</strong></span> <span class='ocrx_word' id='word_1_187' title='bbox 662 1198 810 1226; x_wconf 76' lang='lat' dir='ltr'><strong>agnoscere</strong></span> <span class='ocrx_word' id='word_1_188' title='bbox 834 1192 992 1225; x_wconf 88' lang='lat' dir='ltr'><strong>oportebat,</strong></span> <span class='ocrx_word' id='word_1_189' title='bbox 1009 1191 1066 1218; x_wconf 74' lang='lat' dir='ltr'><strong>lucc</strong></span> 
     </span>
    </p>
   </div>
   <div class='ocr_carea' id='block_1_27' title="bbox 275 1234 1067 1272">
    <p class='ocr_par' dir='ltr' id='par_1_27' title="bbox 275 1234 1067 1272">
     <span class='ocr_line' id='line_1_27' title="bbox 275 1234 1067 1272; baseline 0.003 -11"><span class='ocrx_word' id='word_1_190' title='bbox 275 1234 410 1268; x_wconf 86' lang='lat' dir='ltr'><strong>conﬁteri,</strong></span> <span class='ocrx_word' id='word_1_191' title='bbox 426 1235 470 1263; x_wconf 91' lang='lat' dir='ltr'><strong>hic</strong></span> <span class='ocrx_word' id='word_1_192' title='bbox 490 1237 602 1270; x_wconf 78' lang='lat' dir='ltr'><strong>gradum</strong></span> <span class='ocrx_word' id='word_1_193' title='bbox 624 1237 716 1271; x_wconf 85' lang='lat' dir='ltr'><strong>ﬁgere,</strong></span> <span class='ocrx_word' id='word_1_194' title='bbox 732 1237 850 1272; x_wconf 79' lang='lat' dir='ltr'><strong>prolixus</strong></span> <span class='ocrx_word' id='word_1_195' title='bbox 872 1241 962 1263; x_wconf 90' lang='lat' dir='ltr'><strong>autem</strong></span> <span class='ocrx_word' id='word_1_196' title='bbox 980 1244 1067 1270; x_wconf 71' lang='lat' dir='ltr'><strong>nugas</strong></span> 
     </span>
    </p>
   </div>
   <div class='ocr_carea' id='block_1_28' title="bbox 276 1281 1067 1316">
    <p class='ocr_par' dir='ltr' id='par_1_28' title="bbox 276 1281 1067 1316">
     <span class='ocr_line' id='line_1_28' title="bbox 276 1281 1067 1316; baseline 0.001 -8"><span class='ocrx_word' id='word_1_197' title='bbox 276 1289 308 1309; x_wconf 87' lang='lat' dir='ltr'><strong>ac</strong></span> <span class='ocrx_word' id='word_1_198' title='bbox 328 1281 456 1316; x_wconf 87' lang='lat' dir='ltr'><strong>profanas</strong></span> <span class='ocrx_word' id='word_1_199' title='bbox 471 1283 612 1310; x_wconf 89' lang='lat' dir='ltr'><strong>verborum</strong></span> <span class='ocrx_word' id='word_1_200' title='bbox 624 1283 759 1310; x_wconf 81' lang='lat' dir='ltr'><strong>novitates</strong></span> <span class='ocrx_word' id='word_1_201' title='bbox 772 1282 806 1309; x_wconf 90' lang='lat' dir='ltr'><strong>ad</strong></span> <span class='ocrx_word' id='word_1_202' title='bbox 825 1282 927 1310; x_wconf 91' lang='lat' dir='ltr'><strong>otiosos</strong></span> <span class='ocrx_word' id='word_1_203' title='bbox 943 1282 1067 1309; x_wconf 85' lang='lat' dir='ltr'><strong>homines</strong></span> 
     </span>
    </p>
   </div>
   <div class='ocr_carea' id='block_1_29' title="bbox 275 1328 1066 1362">
    <p class='ocr_par' dir='ltr' id='par_1_29' title="bbox 275 1328 1066 1362">
     <span class='ocr_line' id='line_1_29' title="bbox 275 1328 1066 1362; baseline 0 -8"><span class='ocrx_word' id='word_1_204' title='bbox 275 1329 433 1356; x_wconf 72' lang='lat' dir='ltr'><strong>amandare.</strong></span> <span class='ocrx_word' id='word_1_205' title='bbox 449 1329 518 1362; x_wconf 88' lang='lat' dir='ltr'><strong>Quid</strong></span> <span class='ocrx_word' id='word_1_206' title='bbox 535 1329 593 1356; x_wconf 66' lang='lat' dir='ltr'><strong>haec</strong></span> <span class='ocrx_word' id='word_1_207' title='bbox 613 1330 702 1357; x_wconf 86' lang='lat' dir='ltr'><strong>omnia</strong></span> <span class='ocrx_word' id='word_1_208' title='bbox 730 1328 880 1356; x_wconf 83' lang='lat' dir='ltr'><strong>excitavit-?</strong></span> <span class='ocrx_word' id='word_1_209' title='bbox 907 1328 1066 1355; x_wconf 84' lang='lat' dir='ltr'><strong>Animorum</strong></span> 
     </span>
    </p>
   </div>
   <div class='ocr_carea' id='block_1_30' title="bbox 276 1374 1065 1409">
    <p class='ocr_par' dir='ltr' id='par_1_30' title="bbox 276 1374 1065 1409">
     <span class='ocr_line' id='line_1_30' title="bbox 276 1374 1065 1409; baseline 0 -8"><span class='ocrx_word' id='word_1_210' title='bbox 276 1374 377 1407; x_wconf 70' lang='lat' dir='ltr'><strong>fervor,</strong></span> <span class='ocrx_word' id='word_1_211' title='bbox 390 1375 436 1409; x_wconf 91' lang='lat' dir='ltr'><strong>qui</strong></span> <span class='ocrx_word' id='word_1_212' title='bbox 453 1375 512 1402; x_wconf 84' lang='lat' dir='ltr'><strong>sine</strong></span> <span class='ocrx_word' id='word_1_213' title='bbox 528 1375 632 1403; x_wconf 87' lang='lat' dir='ltr'><strong>ratione</strong></span> <span class='ocrx_word' id='word_1_214' title='bbox 648 1383 679 1402; x_wconf 86' lang='lat' dir='ltr'><strong>ac</strong></span> <span class='ocrx_word' id='word_1_215' title='bbox 695 1375 806 1402; x_wconf 87' lang='lat' dir='ltr'><strong>scientia</strong></span> <span class='ocrx_word' id='word_1_216' title='bbox 820 1374 942 1402; x_wconf 85' lang='lat' dir='ltr'><strong>cohiberi</strong></span> <span class='ocrx_word' id='word_1_217' title='bbox 964 1375 1065 1409; x_wconf 85' lang='lat' dir='ltr'><strong>nequit,</strong></span> 
     </span>
    </p>
   </div>
   <div class='ocr_carea' id='block_1_31' title="bbox 277 1420 851 1456">
    <p class='ocr_par' dir='ltr' id='par_1_31' title="bbox 277 1420 851 1456">
     <span class='ocr_line' id='line_1_31' title="bbox 277 1420 851 1456; baseline -0.002 -9"><span class='ocrx_word' id='word_1_218' title='bbox 277 1420 393 1456; x_wconf 85' lang='lat' dir='ltr'><strong>ﬁdeique</strong></span> <span class='ocrx_word' id='word_1_219' title='bbox 405 1421 539 1456; x_wconf 71' lang='lat' dir='ltr'><strong>navigium</strong></span> <span class='ocrx_word' id='word_1_220' title='bbox 557 1420 735 1456; x_wconf 79' lang='lat' dir='ltr'><strong>gubernatore</strong></span> <span class='ocrx_word' id='word_1_221' title='bbox 747 1427 851 1448; x_wconf 87' lang='lat' dir='ltr'><strong>carens.</strong></span> 
     </span>
    </p>
   </div>
   <div class='ocr_carea' id='block_1_32' title="bbox 311 1465 1067 1502">
    <p class='ocr_par' dir='ltr' id='par_1_32' title="bbox 311 1465 1067 1502">
     <span class='ocr_line' id='line_1_32' title="bbox 311 1465 1067 1502; baseline -0.003 -8"><span class='ocrx_word' id='word_1_222' title='bbox 311 1467 356 1495; x_wconf 76' lang='lat' dir='ltr'><strong>V&#39;I.</strong></span> <span class='ocrx_word' id='word_1_223' title='bbox 372 1467 449 1502; x_wconf 86' lang='lat' dir='ltr'><strong>Quod</strong></span> <span class='ocrx_word' id='word_1_224' title='bbox 461 1475 522 1496; x_wconf 84' lang='lat' dir='ltr'><strong>cum</strong></span> <span class='ocrx_word' id='word_1_225' title='bbox 536 1471 707 1502; x_wconf 85' lang='lat' dir='ltr'><strong>perspectum</strong></span> <span class='ocrx_word' id='word_1_226' title='bbox 725 1466 885 1500; x_wconf 86' lang='lat' dir='ltr'><strong>habeamus,</strong></span> <span class='ocrx_word' id='word_1_227' title='bbox 901 1466 1007 1498; x_wconf 83' lang='lat' dir='ltr'><strong>fratres,</strong></span> <span class='ocrx_word' id='word_1_228' title='bbox 1024 1465 1067 1492; x_wconf 83' lang='lat' dir='ltr'><strong>dc-</strong></span> 
     </span>
    </p>
   </div>
   <div class='ocr_carea' id='block_1_33' title="bbox 275 1511 1067 1547">
    <p class='ocr_par' dir='ltr' id='par_1_33' title="bbox 275 1511 1067 1547">
     <span class='ocr_line' id='line_1_33' title="bbox 275 1511 1067 1547; baseline -0.001 -8"><span class='ocrx_word' id='word_1_229' title='bbox 275 1522 334 1541; x_wconf 88' lang='lat' dir='ltr'><strong>mus</strong></span> <span class='ocrx_word' id='word_1_230' title='bbox 347 1522 466 1547; x_wconf 87' lang='lat' dir='ltr'><strong>operam,</strong></span> <span class='ocrx_word' id='word_1_231' title='bbox 483 1517 511 1540; x_wconf 89' lang='lat' dir='ltr'><strong>ut</strong></span> <span class='ocrx_word' id='word_1_232' title='bbox 524 1520 573 1540; x_wconf 88' lang='lat' dir='ltr'><strong>nec</strong></span> <span class='ocrx_word' id='word_1_233' title='bbox 586 1513 619 1540; x_wconf 90' lang='lat' dir='ltr'><strong>ad</strong></span> <span class='ocrx_word' id='word_1_234' title='bbox 632 1512 730 1539; x_wconf 88' lang='lat' dir='ltr'><strong>bonum</strong></span> <span class='ocrx_word' id='word_1_235' title='bbox 745 1512 813 1547; x_wconf 78' lang='lat' dir='ltr'><strong>pigri</strong></span> <span class='ocrx_word' id='word_1_236' title='bbox 828 1512 924 1545; x_wconf 85' lang='lat' dir='ltr'><strong>simus,</strong></span> <span class='ocrx_word' id='word_1_237' title='bbox 946 1512 992 1540; x_wconf 90' lang='lat' dir='ltr'><strong>sed</strong></span> <span class='ocrx_word' id='word_1_238' title='bbox 1007 1511 1067 1546; x_wconf 86' lang='lat' dir='ltr'><strong>Spi-</strong></span> 
     </span>
    </p>
   </div>
   <div class='ocr_carea' id='block_1_34' title="bbox 274 1558 1066 1593">
    <p class='ocr_par' dir='ltr' id='par_1_34' title="bbox 274 1558 1066 1593">
     <span class='ocr_line' id='line_1_34' title="bbox 274 1558 1066 1593; baseline -0.001 -6"><span class='ocrx_word' id='word_1_239' title='bbox 274 1561 330 1587; x_wconf 72' lang='lat' dir='ltr'><strong>ritu</strong></span> <span class='ocrx_word' id='word_1_240' title='bbox 350 1560 513 1591; x_wconf 85' lang='lat' dir='ltr'><strong>ferveamus,</strong></span> <span class='ocrx_word' id='word_1_241' title='bbox 529 1566 563 1586; x_wconf 89' lang='lat' dir='ltr'><strong>ne</strong></span> <span class='ocrx_word' id='word_1_242' title='bbox 580 1558 679 1593; x_wconf 90' lang='lat' dir='ltr'><strong>alioqui</strong></span> <span class='ocrx_word' id='word_1_243' title='bbox 696 1558 823 1593; x_wconf 80' lang='lat' dir='ltr'><strong>paulatim</strong></span> <span class='ocrx_word' id='word_1_244' title='bbox 843 1558 870 1585; x_wconf 90' lang='lat' dir='ltr'><strong>in</strong></span> <span class='ocrx_word' id='word_1_245' title='bbox 887 1563 1000 1586; x_wconf 93' lang='lat' dir='ltr'><strong>mortem</strong></span> <span class='ocrx_word' id='word_1_246' title='bbox 1017 1558 1066 1586; x_wconf 87' lang='lat' dir='ltr'><strong>ob-</strong></span> 
     </span>
    </p>
   </div>
   <div class='ocr_carea' id='block_1_35' title="bbox 274 1603 1064 1640">
    <p class='ocr_par' dir='ltr' id='par_1_35' title="bbox 274 1603 1064 1640">
     <span class='ocr_line' id='line_1_35' title="bbox 274 1603 1064 1640; baseline -0.004 -7"><span class='ocrx_word' id='word_1_247' title='bbox 274 1606 451 1638; x_wconf 86' lang='lat' dir='ltr'><strong>dormiamus,</strong></span> <span class='ocrx_word' id='word_1_248' title='bbox 471 1610 528 1636; x_wconf 85' lang='lat' dir='ltr'><strong>aut,</strong></span> <span class='ocrx_word' id='word_1_249' title='bbox 548 1604 744 1632; x_wconf 87' lang='lat' dir='ltr'><strong>dormientibus</strong></span> <span class='ocrx_word' id='word_1_250' title='bbox 759 1604 847 1638; x_wconf 90' lang='lat' dir='ltr'><strong>nobis,</strong></span> <span class='ocrx_word' id='word_1_251' title='bbox 862 1611 944 1640; x_wconf 85' lang='lat' dir='ltr'><strong>prava</strong></span> <span class='ocrx_word' id='word_1_252' title='bbox 960 1603 1064 1631; x_wconf 84' lang='lat' dir='ltr'><strong>zizania</strong></span> 
     </span>
    </p>
   </div>
   <div class='ocr_carea' id='block_1_36' title="bbox 275 1649 1064 1686">
    <p class='ocr_par' dir='ltr' id='par_1_36' title="bbox 275 1649 1064 1686">
     <span class='ocr_line' id='line_1_36' title="bbox 275 1649 1064 1686; baseline -0.003 -8"><span class='ocrx_word' id='word_1_253' title='bbox 275 1651 362 1679; x_wconf 89' lang='lat' dir='ltr'><strong>hostis</strong></span> <span class='ocrx_word' id='word_1_254' title='bbox 377 1655 531 1686; x_wconf 85' lang='lat' dir='ltr'><strong>superserat</strong></span> <span class='ocrx_word' id='word_1_255' title='bbox 544 1650 585 1683; x_wconf 76' lang='lat'><strong>“;</strong></span> <span class='ocrx_word' id='word_1_256' title='bbox 600 1650 707 1685; x_wconf 84' lang='lat' dir='ltr'><strong>pigritia</strong></span> <span class='ocrx_word' id='word_1_257' title='bbox 725 1650 797 1677; x_wconf 90' lang='lat' dir='ltr'><strong>enim</strong></span> <span class='ocrx_word' id='word_1_258' title='bbox 813 1657 907 1678; x_wconf 89' lang='lat' dir='ltr'><strong>somno</strong></span> <span class='ocrx_word' id='word_1_259' title='bbox 920 1649 1064 1684; x_wconf 81' lang='lat' dir='ltr'><strong>conjuncta</strong></span> 
     </span>
    </p>
   </div>
   <div class='ocr_carea' id='block_1_37' title="bbox 275 1695 1066 1731">
    <p class='ocr_par' dir='ltr' id='par_1_37' title="bbox 275 1695 1066 1731">
     <span class='ocr_line' id='line_1_37' title="bbox 275 1695 1066 1731; baseline -0.003 -7"><span class='ocrx_word' id='word_1_260' title='bbox 275 1701 316 1724; x_wconf 84' lang='lat' dir='ltr'><strong>est</strong></span> <span class='ocrx_word' id='word_1_261' title='bbox 328 1706 336 1731; x_wconf 84' lang='lat'>;</span> <span class='ocrx_word' id='word_1_262' title='bbox 351 1703 400 1724; x_wconf 91' lang='lat' dir='ltr'><strong>nec</strong></span> <span class='ocrx_word' id='word_1_263' title='bbox 412 1703 509 1723; x_wconf 84' lang='lat' dir='ltr'><strong>rursus</strong></span> <span class='ocrx_word' id='word_1_264' title='bbox 523 1703 583 1722; x_wconf 90' lang='lat' dir='ltr'><strong>cum</strong></span> <span class='ocrx_word' id='word_1_265' title='bbox 596 1695 746 1722; x_wconf 85' lang='lat' dir='ltr'><strong>temeritate</strong></span> <span class='ocrx_word' id='word_1_266' title='bbox 761 1700 787 1722; x_wconf 89' lang='lat' dir='ltr'><strong>et</strong></span> <span class='ocrx_word' id='word_1_267' title='bbox 800 1702 872 1723; x_wconf 61' lang='lat' dir='ltr'><strong>caeco</strong></span> <span class='ocrx_word' id='word_1_268' title='bbox 888 1695 974 1722; x_wconf 86' lang='lat' dir='ltr'><strong>nostri</strong></span> <span class='ocrx_word' id='word_1_269' title='bbox 990 1702 1066 1722; x_wconf 92' lang='lat' dir='ltr'><strong>amo-</strong></span> 
     </span>
    </p>
   </div>
   <div class='ocr_carea' id='block_1_38' title="bbox 278 1740 1066 1776">
    <p class='ocr_par' dir='ltr' id='par_1_38' title="bbox 278 1740 1066 1776">
     <span class='ocr_line' id='line_1_38' title="bbox 278 1740 1066 1776; baseline -0.005 -5"><span class='ocrx_word' id='word_1_270' title='bbox 278 1751 308 1771; x_wconf 90' lang='lat' dir='ltr'><strong>re</strong></span> <span class='ocrx_word' id='word_1_271' title='bbox 322 1750 400 1770; x_wconf 86' lang='lat' dir='ltr'><strong>acres</strong></span> <span class='ocrx_word' id='word_1_272' title='bbox 411 1749 443 1769; x_wconf 84' lang='lat' dir='ltr'><strong>ac</strong></span> <span class='ocrx_word' id='word_1_273' title='bbox 457 1742 567 1772; x_wconf 84' lang='lat' dir='ltr'><strong>fervidi,</strong></span> <span class='ocrx_word' id='word_1_274' title='bbox 583 1748 617 1768; x_wconf 90' lang='lat' dir='ltr'><strong>ne</strong></span> <span class='ocrx_word' id='word_1_275' title='bbox 630 1741 729 1776; x_wconf 89' lang='lat' dir='ltr'><strong>alioqui</strong></span> <span class='ocrx_word' id='word_1_276' title='bbox 744 1741 771 1768; x_wconf 88' lang='lat' dir='ltr'><strong>in</strong></span> <span class='ocrx_word' id='word_1_277' title='bbox 792 1746 978 1768; x_wconf 84' lang='lat' dir='ltr'><strong>transversum</strong></span> <span class='ocrx_word' id='word_1_278' title='bbox 995 1740 1066 1767; x_wconf 88' lang='lat' dir='ltr'><strong>abri-</strong></span> 
     </span>
    </p>
   </div>
   <div class='ocr_carea' id='block_1_39' title="bbox 275 1787 1065 1823">
    <p class='ocr_par' dir='ltr' id='par_1_39' title="bbox 275 1787 1065 1823">
     <span class='ocr_line' id='line_1_39' title="bbox 275 1787 1065 1823; baseline -0.003 -9"><span class='ocrx_word' id='word_1_279' title='bbox 275 1790 391 1823; x_wconf 87' lang='lat' dir='ltr'><strong>piamur,</strong></span> <span class='ocrx_word' id='word_1_280' title='bbox 408 1788 506 1823; x_wconf 85' lang='lat' dir='ltr'><strong>viaque</strong></span> <span class='ocrx_word' id='word_1_281' title='bbox 523 1789 596 1823; x_wconf 77' lang='lat' dir='ltr'><strong>regia</strong></span> <span class='ocrx_word' id='word_1_282' title='bbox 614 1789 788 1820; x_wconf 76' lang='lat' dir='ltr'><strong>excidamus;</strong></span> <span class='ocrx_word' id='word_1_283' title='bbox 816 1792 898 1822; x_wconf 85' lang='lat' dir='ltr'><strong>atque</strong></span> <span class='ocrx_word' id='word_1_284' title='bbox 921 1787 948 1814; x_wconf 94' lang='lat' dir='ltr'><strong>in</strong></span> <span class='ocrx_word' id='word_1_285' title='bbox 969 1787 1065 1814; x_wconf 90' lang='lat' dir='ltr'><strong>horum</strong></span> 
     </span>
    </p>
   </div>
   <div class='ocr_carea' id='block_1_40' title="bbox 275 1833 1067 1867">
    <p class='ocr_par' dir='ltr' id='par_1_40' title="bbox 275 1833 1067 1867">
     <span class='ocr_line' id='line_1_40' title="bbox 275 1833 1067 1867; baseline -0.005 -4"><span class='ocrx_word' id='word_1_286' title='bbox 275 1835 388 1863; x_wconf 73' lang='lat' dir='ltr'><strong>alterum</strong></span> <span class='ocrx_word' id='word_1_287' title='bbox 401 1834 555 1862; x_wconf 87' lang='lat' dir='ltr'><strong>necessario</strong></span> <span class='ocrx_word' id='word_1_288' title='bbox 567 1834 729 1866; x_wconf 79' lang='lat' dir='ltr'><strong>incidamus,</strong></span> <span class='ocrx_word' id='word_1_289' title='bbox 745 1838 775 1860; x_wconf 92' lang='lat' dir='ltr'><strong>ut</strong></span> <span class='ocrx_word' id='word_1_290' title='bbox 786 1833 828 1860; x_wconf 88' lang='lat' dir='ltr'><strong>vel</strong></span> <span class='ocrx_word' id='word_1_291' title='bbox 841 1833 991 1861; x_wconf 88' lang='lat' dir='ltr'><strong>calcaribus</strong></span> <span class='ocrx_word' id='word_1_292' title='bbox 1005 1839 1067 1867; x_wconf 91' lang='lat' dir='ltr'><strong>pro-</strong></span> 
     </span>
    </p>
   </div>
   <div class='ocr_carea' id='block_1_41' title="bbox 275 1878 1067 1916">
    <p class='ocr_par' dir='ltr' id='par_1_41' title="bbox 275 1878 1067 1916">
     <span class='ocr_line' id='line_1_41' title="bbox 275 1878 1067 1916; baseline -0.006 -8"><span class='ocrx_word' id='word_1_293' title='bbox 275 1886 334 1916; x_wconf 87' lang='lat' dir='ltr'><strong>pter</strong></span> <span class='ocrx_word' id='word_1_294' title='bbox 355 1880 508 1908; x_wconf 84' lang='lat' dir='ltr'><strong>tarditatem</strong></span> <span class='ocrx_word' id='word_1_295' title='bbox 523 1887 592 1914; x_wconf 91' lang='lat' dir='ltr'><strong>opus</strong></span> <span class='ocrx_word' id='word_1_296' title='bbox 605 1879 766 1911; x_wconf 84' lang='lat' dir='ltr'><strong>habeamus,</strong></span> <span class='ocrx_word' id='word_1_297' title='bbox 779 1878 821 1904; x_wconf 87' lang='lat' dir='ltr'><strong>vel</strong></span> <span class='ocrx_word' id='word_1_298' title='bbox 841 1883 951 1913; x_wconf 86' lang='lat' dir='ltr'><strong>propter</strong></span> <span class='ocrx_word' id='word_1_299' title='bbox 963 1878 1067 1904; x_wconf 89' lang='lat' dir='ltr'><strong>animo-</strong></span> 
     </span>
    </p>
   </div>
   <div class='ocr_carea' id='block_1_42' title="bbox 276 1924 1066 1960">
    <p class='ocr_par' dir='ltr' id='par_1_42' title="bbox 276 1924 1066 1960">
     <span class='ocr_line' id='line_1_42' title="bbox 276 1924 1066 1960; baseline -0.003 -7"><span class='ocrx_word' id='word_1_300' title='bbox 276 1934 335 1953; x_wconf 93' lang='lat' dir='ltr'><strong>rum</strong></span> <span class='ocrx_word' id='word_1_301' title='bbox 350 1926 483 1953; x_wconf 82' lang='lat' dir='ltr'><strong>fervorem</strong></span> <span class='ocrx_word' id='word_1_302' title='bbox 500 1925 526 1952; x_wconf 95' lang='lat' dir='ltr'><strong>in</strong></span> <span class='ocrx_word' id='word_1_303' title='bbox 540 1933 658 1960; x_wconf 69' lang='lat' dir='ltr'><strong>praeceps</strong></span> <span class='ocrx_word' id='word_1_304' title='bbox 672 1932 794 1952; x_wconf 90' lang='lat' dir='ltr'><strong>ruamus.</strong></span> <span class='ocrx_word' id='word_1_305' title='bbox 811 1924 880 1958; x_wconf 88' lang='lat' dir='ltr'><strong>Quin</strong></span> <span class='ocrx_word' id='word_1_306' title='bbox 893 1924 993 1960; x_wconf 87' lang='lat' dir='ltr'><strong>potius,</strong></span> <span class='ocrx_word' id='word_1_307' title='bbox 1006 1932 1066 1952; x_wconf 90' lang='lat' dir='ltr'><strong>cum</strong></span> 
     </span>
    </p>
   </div>
   <div class='ocr_carea' id='block_1_43' title="bbox 275 1970 1064 2007">
    <p class='ocr_par' dir='ltr' id='par_1_43' title="bbox 275 1970 1064 2007">
     <span class='ocr_line' id='line_1_43' title="bbox 275 1970 1064 2007; baseline -0.003 -8"><span class='ocrx_word' id='word_1_308' title='bbox 275 1980 309 2000; x_wconf 82' lang='lat' dir='ltr'><strong>ex</strong></span> <span class='ocrx_word' id='word_1_309' title='bbox 324 1977 450 2007; x_wconf 88' lang='lat' dir='ltr'><strong>utroque,</strong></span> <span class='ocrx_word' id='word_1_310' title='bbox 465 1971 501 2004; x_wconf 89' lang='lat' dir='ltr'><strong>id,</strong></span> <span class='ocrx_word' id='word_1_311' title='bbox 518 1971 590 2007; x_wconf 90' lang='lat' dir='ltr'><strong>quod</strong></span> <span class='ocrx_word' id='word_1_312' title='bbox 611 1971 675 1998; x_wconf 90' lang='lat' dir='ltr'><strong>utile</strong></span> <span class='ocrx_word' id='word_1_313' title='bbox 686 1978 718 1998; x_wconf 87' lang='lat' dir='ltr'><strong>ac</strong></span> <span class='ocrx_word' id='word_1_314' title='bbox 733 1970 898 1998; x_wconf 86' lang='lat' dir='ltr'><strong>fructuosum</strong></span> <span class='ocrx_word' id='word_1_315' title='bbox 913 1975 963 2004; x_wconf 88' lang='lat' dir='ltr'><strong>est,</strong></span> <span class='ocrx_word' id='word_1_316' title='bbox 981 1970 1064 1998; x_wconf 90' lang='lat' dir='ltr'><strong>colle—</strong></span> 
     </span>
    </p>
   </div>
   <div class='ocr_carea' id='block_1_44' title="bbox 271 2017 1069 2054">
    <p class='ocr_par' dir='ltr' id='par_1_44' title="bbox 271 2017 1069 2054">
     <span class='ocr_line' id='line_1_44' title="bbox 271 2017 1069 2054; baseline -0.004 -7"><span class='ocrx_word' id='word_1_317' title='bbox 271 2018 405 2054; x_wconf 71' lang='lat' dir='ltr'><strong>gerimus,</strong></span> <span class='ocrx_word' id='word_1_318' title='bbox 418 2018 471 2047; x_wconf 87' lang='lat' dir='ltr'><strong>hoc</strong></span> <span class='ocrx_word' id='word_1_319' title='bbox 483 2023 537 2051; x_wconf 86' lang='lat' dir='ltr'><strong>est,</strong></span> <span class='ocrx_word' id='word_1_320' title='bbox 550 2025 584 2046; x_wconf 80' lang='lat' dir='ltr'><strong>ex</strong></span> <span class='ocrx_word' id='word_1_321' title='bbox 597 2017 641 2045; x_wconf 84' lang='lat' dir='ltr'><strong>illa</strong></span> <span class='ocrx_word' id='word_1_322' title='bbox 654 2017 899 2049; x_wconf 86' lang='lat' dir='ltr'><strong>mansuetudinem,</strong></span> <span class='ocrx_word' id='word_1_323' title='bbox 914 2025 948 2044; x_wconf 81' lang='lat' dir='ltr'><strong>ex</strong></span> <span class='ocrx_word' id='word_1_324' title='bbox 961 2017 1011 2044; x_wconf 91' lang='lat' dir='ltr'><strong>hoc</strong></span> <span class='ocrx_word' id='word_1_325' title='bbox 1024 2025 1069 2044; x_wconf 92' lang='lat' dir='ltr'><strong>au-</strong></span> 
     </span>
    </p>
   </div>
   <div class='ocr_carea' id='block_1_45' title="bbox 276 2063 1065 2099">
    <p class='ocr_par' dir='ltr' id='par_1_45' title="bbox 276 2063 1065 2099">
     <span class='ocr_line' id='line_1_45' title="bbox 276 2063 1065 2099; baseline -0.005 -6"><span class='ocrx_word' id='word_1_326' title='bbox 276 2071 328 2093; x_wconf 87' lang='lat' dir='ltr'><strong>tem</strong></span> <span class='ocrx_word' id='word_1_327' title='bbox 346 2066 452 2098; x_wconf 87' lang='lat' dir='ltr'><strong>zelum;</strong></span> <span class='ocrx_word' id='word_1_328' title='bbox 468 2065 537 2099; x_wconf 88' lang='lat' dir='ltr'><strong>quod</strong></span> <span class='ocrx_word' id='word_1_329' title='bbox 560 2065 588 2092; x_wconf 90' lang='lat' dir='ltr'><strong>in</strong></span> <span class='ocrx_word' id='word_1_330' title='bbox 612 2069 727 2099; x_wconf 87' lang='lat' dir='ltr'><strong>utroque</strong></span> <span class='ocrx_word' id='word_1_331' title='bbox 750 2063 860 2091; x_wconf 80' lang='lat' dir='ltr'><strong>noxium</strong></span> <span class='ocrx_word' id='word_1_332' title='bbox 877 2071 913 2090; x_wconf 88' lang='lat' dir='ltr'><strong>ac</strong></span> <span class='ocrx_word' id='word_1_333' title='bbox 931 2063 1065 2098; x_wconf 87' lang='lat' dir='ltr'><strong>pernicio—</strong></span> 
     </span>
    </p>
   </div>
   <div class='ocr_carea' id='block_1_46' title="bbox 275 2109 1069 2148">
    <p class='ocr_par' dir='ltr' id='par_1_46' title="bbox 275 2109 1069 2148">
     <span class='ocr_line' id='line_1_46' title="bbox 275 2109 1069 2148; baseline -0.005 -8"><span class='ocrx_word' id='word_1_334' title='bbox 275 2121 336 2140; x_wconf 89' lang='lat' dir='ltr'><strong>sum</strong></span> <span class='ocrx_word' id='word_1_335' title='bbox 360 2117 413 2146; x_wconf 86' lang='lat' dir='ltr'><strong>est,</strong></span> <span class='ocrx_word' id='word_1_336' title='bbox 436 2112 582 2148; x_wconf 75' lang='lat' dir='ltr'><strong>fugiamus,</strong></span> <span class='ocrx_word' id='word_1_337' title='bbox 609 2111 683 2139; x_wconf 86' lang='lat' dir='ltr'><strong>illius</strong></span> <span class='ocrx_word' id='word_1_338' title='bbox 707 2119 803 2146; x_wconf 89' lang='lat' dir='ltr'><strong>nempe</strong></span> <span class='ocrx_word' id='word_1_339' title='bbox 819 2110 967 2145; x_wconf 73' lang='lat' dir='ltr'><strong>pigritiam,</strong></span> <span class='ocrx_word' id='word_1_340' title='bbox 990 2109 1069 2143; x_wconf 77' lang='lat' dir='ltr'><strong>hujus</strong></span> 
     </span>
    </p>
   </div>
   <div class='ocr_carea' id='block_1_47' title="bbox 275 2156 1069 2191">
    <p class='ocr_par' dir='ltr' id='par_1_47' title="bbox 275 2156 1069 2191">
     <span class='ocr_line' id='line_1_47' title="bbox 275 2156 1069 2191; baseline -0.003 -6"><span class='ocrx_word' id='word_1_341' title='bbox 275 2167 340 2187; x_wconf 88' lang='lat' dir='ltr'><strong>vero</strong></span> <span class='ocrx_word' id='word_1_342' title='bbox 353 2159 549 2191; x_wconf 83' lang='lat' dir='ltr'><strong>temeritatem;</strong></span> <span class='ocrx_word' id='word_1_343' title='bbox 565 2162 594 2185; x_wconf 90' lang='lat' dir='ltr'><strong>ut</strong></span> <span class='ocrx_word' id='word_1_344' title='bbox 608 2165 657 2186; x_wconf 89' lang='lat' dir='ltr'><strong>nec</strong></span> <span class='ocrx_word' id='word_1_345' title='bbox 671 2158 705 2185; x_wconf 91' lang='lat' dir='ltr'><strong>ob</strong></span> <span class='ocrx_word' id='word_1_346' title='bbox 721 2157 856 2185; x_wconf 73' lang='lat' dir='ltr'><strong>defectuum</strong></span> <span class='ocrx_word' id='word_1_347' title='bbox 868 2156 974 2184; x_wconf 89' lang='lat' dir='ltr'><strong>steriles</strong></span> <span class='ocrx_word' id='word_1_348' title='bbox 990 2160 1018 2183; x_wconf 90' lang='lat' dir='ltr'><strong>et</strong></span> <span class='ocrx_word' id='word_1_349' title='bbox 1028 2156 1069 2183; x_wconf 92' lang='lat' dir='ltr'><strong>in-</strong></span> 
     </span>
    </p>
   </div>
   <div class='ocr_carea' id='block_1_48' title="bbox 276 2201 1067 2240">
    <p class='ocr_par' dir='ltr' id='par_1_48' title="bbox 276 2201 1067 2240">
     <span class='ocr_line' id='line_1_48' title="bbox 276 2201 1067 2240; baseline -0.006 -8"><span class='ocrx_word' id='word_1_350' title='bbox 276 2205 401 2240; x_wconf 76' lang='lat' dir='ltr'><strong>l&#39;rugiferi</strong></span> <span class='ocrx_word' id='word_1_351' title='bbox 432 2203 534 2235; x_wconf 85' lang='lat' dir='ltr'><strong>simus,</strong></span> <span class='ocrx_word' id='word_1_352' title='bbox 562 2210 612 2231; x_wconf 88' lang='lat' dir='ltr'><strong>nec</strong></span> <span class='ocrx_word' id='word_1_353' title='bbox 634 2203 668 2230; x_wconf 88' lang='lat' dir='ltr'><strong>ob</strong></span> <span class='ocrx_word' id='word_1_354' title='bbox 707 2209 847 2230; x_wconf 85' lang='lat' dir='ltr'><strong>excessum</strong></span> <span class='ocrx_word' id='word_1_355' title='bbox 875 2201 1067 2236; x_wconf 85' lang='lat' dir='ltr'><strong>periclitemur.</strong></span> 
     </span>
    </p>
   </div>
   <div class='ocr_carea' id='block_1_49' title="bbox 1117 272 1913 311">
    <p class='ocr_par' dir='ltr' id='par_1_49' title="bbox 1117 272 1913 311">
     <span class='ocr_line' id='line_1_49' title="bbox 1117 272 1913 311; baseline 0.006 -12"><span class='ocrx_word' id='word_1_356' title='bbox 1117 272 1233 308; x_wconf 82' lang='grc' dir='ltr'>κλησίαν</span> <span class='ocrx_word' id='word_1_357' title='bbox 1251 274 1396 309; x_wconf 85' lang='grc' dir='ltr'>πεποίηκε,</span> <span class='ocrx_word' id='word_1_358' title='bbox 1416 274 1464 301; x_wconf 78' lang='grc' dir='ltr'><strong>καὶ</strong></span> <span class='ocrx_word' id='word_1_359' title='bbox 1483 275 1634 311; x_wconf 81' lang='grc' dir='ltr'><strong>διέστησεν,</strong></span> <span class='ocrx_word' id='word_1_360' title='bbox 1651 276 1701 302; x_wconf 88' lang='grc' dir='ltr'>οὐκ</span> <span class='ocrx_word' id='word_1_361' title='bbox 1714 276 1753 307; x_wconf 85' lang='grc' dir='ltr'><strong>είς</strong></span> <span class='ocrx_word' id='word_1_362' title='bbox 1771 277 1819 303; x_wconf 76' lang='grc' dir='ltr'>ἕνα</span> <span class='ocrx_word' id='word_1_363' title='bbox 1836 277 1913 304; x_wconf 84' lang='grc' dir='ltr'><strong>Παῦ-</strong></span> 
     </span>
    </p>
   </div>
   <div class='ocr_carea' id='block_1_50' title="bbox 1117 319 1912 357">
    <p class='ocr_par' dir='ltr' id='par_1_50' title="bbox 1117 319 1912 357">
     <span class='ocr_line' id='line_1_50' title="bbox 1117 319 1912 357; baseline 0.005 -12"><span class='ocrx_word' id='word_1_364' title='bbox 1117 319 1173 351; x_wconf 85' lang='grc' dir='ltr'><strong>λον,</strong></span> <span class='ocrx_word' id='word_1_365' title='bbox 1189 319 1206 354; x_wconf 85' lang='grc' dir='ltr'><strong>ἢ</strong></span> <span class='ocrx_word' id='word_1_366' title='bbox 1228 319 1337 355; x_wconf 82' lang='grc' dir='ltr'><strong>Κηφᾶν,</strong></span> <span class='ocrx_word' id='word_1_367' title='bbox 1359 320 1376 356; x_wconf 86' lang='grc' dir='ltr'>ἢ</span> <span class='ocrx_word' id='word_1_368' title='bbox 1407 320 1537 354; x_wconf 82' lang='grc' dir='ltr'>Ἀπολλὼ,</span> <span class='ocrx_word' id='word_1_369' title='bbox 1560 321 1576 357; x_wconf 84' lang='grc' dir='ltr'><strong>ἢ</strong></span> <span class='ocrx_word' id='word_1_370' title='bbox 1602 322 1647 348; x_wconf 71' lang='grc' dir='ltr'>τὸν</span> <span class='ocrx_word' id='word_1_371' title='bbox 1669 322 1744 348; x_wconf 85' lang='grc' dir='ltr'>δεῖνα</span> <span class='ocrx_word' id='word_1_372' title='bbox 1763 323 1912 357; x_wconf 75' lang='grc' dir='ltr'>φυτευτὴν,</span> 
     </span>
    </p>
   </div>
   <div class='ocr_carea' id='block_1_51' title="bbox 1117 364 1912 402">
    <p class='ocr_par' dir='ltr' id='par_1_51' title="bbox 1117 364 1912 402">
     <span class='ocr_line' id='line_1_51' title="bbox 1117 364 1912 402; baseline 0.004 -11"><span class='ocrx_word' id='word_1_373' title='bbox 1117 364 1135 400; x_wconf 85' lang='grc' dir='ltr'><strong>ἢ</strong></span> <span class='ocrx_word' id='word_1_374' title='bbox 1147 365 1192 392; x_wconf 79' lang='grc' dir='ltr'><strong>τὸν</strong></span> <span class='ocrx_word' id='word_1_375' title='bbox 1205 365 1278 392; x_wconf 87' lang='grc' dir='ltr'>δεῖνα</span> <span class='ocrx_word' id='word_1_376' title='bbox 1298 366 1428 402; x_wconf 84' lang='grc' dir='ltr'>ποτιστήν</span> <span class='ocrx_word' id='word_1_377' title='bbox 1439 367 1493 402; x_wconf 81' lang='lat'><strong>(50)</strong></span> <span class='ocrx_word' id='word_1_378' title='bbox 1503 376 1511 382; x_wconf 64' lang='grc' dir='ltr'><strong>υ</strong></span> <span class='ocrx_word' id='word_1_379' title='bbox 1529 367 1643 398; x_wconf 86' lang='grc' dir='ltr'>πολλοὺς</span> <span class='ocrx_word' id='word_1_380' title='bbox 1660 367 1688 394; x_wconf 82' lang='grc' dir='ltr'>δὲ</span> <span class='ocrx_word' id='word_1_381' title='bbox 1703 367 1819 400; x_wconf 80' lang='grc' dir='ltr'><strong>ἀνέδειξε</strong></span> <span class='ocrx_word' id='word_1_382' title='bbox 1835 368 1912 395; x_wconf 82' lang='grc' dir='ltr'><strong>Παύ-</strong></span> 
     </span>
    </p>
   </div>
   <div class='ocr_carea' id='block_1_52' title="bbox 1118 410 1912 450">
    <p class='ocr_par' dir='ltr' id='par_1_52' title="bbox 1118 410 1912 450">
     <span class='ocr_line' id='line_1_52' title="bbox 1118 410 1912 450; baseline 0.004 -13"><span class='ocrx_word' id='word_1_383' title='bbox 1118 410 1190 443; x_wconf 88' lang='grc' dir='ltr'>λους,</span> <span class='ocrx_word' id='word_1_384' title='bbox 1205 411 1252 438; x_wconf 76' lang='grc' dir='ltr'>καὶ</span> <span class='ocrx_word' id='word_1_385' title='bbox 1272 411 1424 445; x_wconf 79' lang='grc' dir='ltr'>Ἀπολλὼς,</span> <span class='ocrx_word' id='word_1_386' title='bbox 1440 413 1488 439; x_wconf 74' lang='grc' dir='ltr'><strong>καὶ</strong></span> <span class='ocrx_word' id='word_1_387' title='bbox 1510 412 1619 448; x_wconf 77' lang='grc' dir='ltr'>Κηφᾶς,</span> <span class='ocrx_word' id='word_1_388' title='bbox 1637 413 1684 447; x_wconf 73' lang='grc' dir='ltr'><strong>ἀφ’</strong></span> <span class='ocrx_word' id='word_1_389' title='bbox 1701 410 1738 440; x_wconf 83' lang='grc' dir='ltr'><strong>ὢν</strong></span> <span class='ocrx_word' id='word_1_390' title='bbox 1761 414 1821 440; x_wconf 77' lang='grc' dir='ltr'>ἀντὶ</span> <span class='ocrx_word' id='word_1_391' title='bbox 1843 415 1912 450; x_wconf 81' lang='grc' dir='ltr'>Χρι-</span> 
     </span>
    </p>
   </div>
   <div class='ocr_carea' id='block_1_53' title="bbox 1119 456 1909 495">
    <p class='ocr_par' dir='ltr' id='par_1_53' title="bbox 1119 456 1909 495">
     <span class='ocr_line' id='line_1_53' title="bbox 1119 456 1909 495; baseline 0.004 -12"><span class='ocrx_word' id='word_1_392' title='bbox 1119 456 1182 483; x_wconf 77' lang='grc' dir='ltr'>στοῦ</span> <span class='ocrx_word' id='word_1_393' title='bbox 1207 457 1380 492; x_wconf 80' lang='grc' dir='ltr'><strong>καλούμεθα,</strong></span> <span class='ocrx_word' id='word_1_394' title='bbox 1406 458 1436 484; x_wconf 85' lang='grc' dir='ltr'>τὸ</span> <span class='ocrx_word' id='word_1_395' title='bbox 1460 459 1532 494; x_wconf 81' lang='grc' dir='ltr'>μέγα</span> <span class='ocrx_word' id='word_1_396' title='bbox 1553 459 1600 486; x_wconf 81' lang='grc' dir='ltr'>καὶ</span> <span class='ocrx_word' id='word_1_397' title='bbox 1621 459 1713 486; x_wconf 83' lang='grc' dir='ltr'>καινὸν</span> <span class='ocrx_word' id='word_1_398' title='bbox 1734 460 1791 495; x_wconf 76' lang='grc'><strong>(51)</strong></span> <span class='ocrx_word' id='word_1_399' title='bbox 1812 459 1909 495; x_wconf 81' lang='grc' dir='ltr'>ὄνομα,</span> 
     </span>
    </p>
   </div>
   <div class='ocr_carea' id='block_1_54' title="bbox 1118 499 1911 540">
    <p class='ocr_par' dir='ltr' id='par_1_54' title="bbox 1118 499 1911 540">
     <span class='ocr_line' id='line_1_54' title="bbox 1118 499 1911 540; baseline 0.003 -11"><span class='ocrx_word' id='word_1_400' title='bbox 1118 503 1165 529; x_wconf 78' lang='grc' dir='ltr'><strong>καὶ</strong></span> <span class='ocrx_word' id='word_1_401' title='bbox 1177 499 1215 530; x_wconf 82' lang='grc' dir='ltr'>ὧν</span> <span class='ocrx_word' id='word_1_402' title='bbox 1229 501 1297 530; x_wconf 82' lang='grc' dir='ltr'>εἶναι</span> <span class='ocrx_word' id='word_1_403' title='bbox 1320 503 1472 539; x_wconf 88' lang='grc' dir='ltr'>λεγόμεθα·</span> <span class='ocrx_word' id='word_1_404' title='bbox 1496 505 1544 531; x_wconf 79' lang='grc' dir='ltr'>καὶ</span> <span class='ocrx_word' id='word_1_405' title='bbox 1558 505 1614 531; x_wconf 75' lang='grc' dir='ltr'>εἴθε</span> <span class='ocrx_word' id='word_1_406' title='bbox 1638 504 1768 531; x_wconf 81' lang='grc' dir='ltr'>τοσοῦτον</span> <span class='ocrx_word' id='word_1_407' title='bbox 1784 502 1856 540; x_wconf 78' lang='grc' dir='ltr'>εἶχον</span> <span class='ocrx_word' id='word_1_408' title='bbox 1871 507 1911 532; x_wconf 87' lang='grc' dir='ltr'>εί-</span> 
     </span>
    </p>
   </div>
   <div class='ocr_carea' id='block_1_55' title="bbox 1118 549 1910 587">
    <p class='ocr_par' dir='ltr' id='par_1_55' title="bbox 1118 549 1910 587">
     <span class='ocr_line' id='line_1_55' title="bbox 1118 549 1910 587; baseline 0.001 -11"><span class='ocrx_word' id='word_1_409' title='bbox 1118 551 1180 576; x_wconf 77' lang='grc' dir='ltr'>πεῖν</span> <span class='ocrx_word' id='word_1_410' title='bbox 1191 558 1198 565; x_wconf 88' lang='grc'><strong>·</strong></span> <span class='ocrx_word' id='word_1_411' title='bbox 1214 549 1282 576; x_wconf 75' lang='grc' dir='ltr'>ἀλλὰ</span> <span class='ocrx_word' id='word_1_412' title='bbox 1297 550 1346 577; x_wconf 74' lang='grc' dir='ltr'>καὶ</span> <span class='ocrx_word' id='word_1_413' title='bbox 1360 550 1474 582; x_wconf 82' lang='grc' dir='ltr'>πολλοὺς</span> <span class='ocrx_word' id='word_1_414' title='bbox 1491 550 1500 585; x_wconf 87' lang='grc'>(</span> <span class='ocrx_word' id='word_1_415' title='bbox 1512 551 1526 576; x_wconf 81' lang='grc' dir='ltr'><strong>ὂ</strong></span> <span class='ocrx_word' id='word_1_416' title='bbox 1538 551 1641 586; x_wconf 79' lang='grc' dir='ltr'><strong>φρίττω</strong></span> <span class='ocrx_word' id='word_1_417' title='bbox 1656 551 1762 586; x_wconf 79' lang='grc' dir='ltr'>λέγων)</span> <span class='ocrx_word' id='word_1_418' title='bbox 1775 552 1910 587; x_wconf 76' lang='grc' dir='ltr'>Χριστοὺς</span> 
     </span>
    </p>
   </div>
   <div class='ocr_carea' id='block_1_56' title="bbox 1118 595 1911 632">
    <p class='ocr_par' dir='ltr' id='par_1_56' title="bbox 1118 595 1911 632">
     <span class='ocr_line' id='line_1_56' title="bbox 1118 595 1911 632; baseline 0.003 -11"><span class='ocrx_word' id='word_1_419' title='bbox 1118 595 1177 622; x_wconf 85' lang='grc' dir='ltr'>ἀνθ’</span> <span class='ocrx_word' id='word_1_420' title='bbox 1196 595 1266 628; x_wconf 77' lang='grc' dir='ltr'>ἑνὸς,</span> <span class='ocrx_word' id='word_1_421' title='bbox 1282 596 1328 622; x_wconf 83' lang='grc' dir='ltr'>τὸν</span> <span class='ocrx_word' id='word_1_422' title='bbox 1342 595 1522 631; x_wconf 77' lang='grc' dir='ltr'><strong>γεννώμενον,</strong></span> <span class='ocrx_word' id='word_1_423' title='bbox 1545 596 1590 623; x_wconf 83' lang='grc' dir='ltr'>τὸν</span> <span class='ocrx_word' id='word_1_424' title='bbox 1612 595 1782 632; x_wconf 81' lang='grc' dir='ltr'>κτιζόμενον,</span> <span class='ocrx_word' id='word_1_425' title='bbox 1800 597 1847 623; x_wconf 78' lang='grc' dir='ltr'>καὶ</span> <span class='ocrx_word' id='word_1_426' title='bbox 1863 596 1911 624; x_wconf 81' lang='grc' dir='ltr'>τὸν</span> 
     </span>
    </p>
   </div>
   <div class='ocr_carea' id='block_1_57' title="bbox 1118 641 1907 677">
    <p class='ocr_par' dir='ltr' id='par_1_57' title="bbox 1118 641 1907 677">
     <span class='ocr_line' id='line_1_57' title="bbox 1118 641 1907 677; baseline 0.001 -9"><span class='ocrx_word' id='word_1_427' title='bbox 1118 641 1173 668; x_wconf 76' lang='grc' dir='ltr'><strong>ἀπὸ</strong></span> <span class='ocrx_word' id='word_1_428' title='bbox 1188 641 1299 676; x_wconf 75' lang='grc' dir='ltr'>Μαρίας</span> <span class='ocrx_word' id='word_1_429' title='bbox 1314 642 1466 677; x_wconf 82' lang='grc' dir='ltr'>ἀρχόμενον</span> <span class='ocrx_word' id='word_1_430' title='bbox 1476 662 1484 674; x_wconf 94' lang='grc'><strong>,</strong></span> <span class='ocrx_word' id='word_1_431' title='bbox 1500 642 1548 668; x_wconf 79' lang='grc' dir='ltr'>καὶ</span> <span class='ocrx_word' id='word_1_432' title='bbox 1563 642 1609 668; x_wconf 83' lang='grc' dir='ltr'>τὸν</span> <span class='ocrx_word' id='word_1_433' title='bbox 1627 642 1776 669; x_wconf 79' lang='grc' dir='ltr'>ἀναλύοντα</span> <span class='ocrx_word' id='word_1_434' title='bbox 1793 642 1854 669; x_wconf 82' lang='grc' dir='ltr'>ὅθεν</span> <span class='ocrx_word' id='word_1_435' title='bbox 1869 643 1907 675; x_wconf 85' lang='grc' dir='ltr'><strong>είς</strong></span> 
     </span>
    </p>
   </div>
   <div class='ocr_carea' id='block_1_58' title="bbox 1118 687 1908 724">
    <p class='ocr_par' dir='ltr' id='par_1_58' title="bbox 1118 687 1908 724">
     <span class='ocr_line' id='line_1_58' title="bbox 1118 687 1908 724; baseline 0.001 -11"><span class='ocrx_word' id='word_1_436' title='bbox 1118 687 1149 714; x_wconf 75' lang='grc' dir='ltr'>τὸ</span> <span class='ocrx_word' id='word_1_437' title='bbox 1164 688 1233 713; x_wconf 87' lang='grc' dir='ltr'>εῖναι</span> <span class='ocrx_word' id='word_1_438' title='bbox 1247 687 1376 723; x_wconf 80' lang='grc' dir='ltr'>προῆλθε,</span> <span class='ocrx_word' id='word_1_439' title='bbox 1392 688 1439 714; x_wconf 76' lang='grc' dir='ltr'>καὶ</span> <span class='ocrx_word' id='word_1_440' title='bbox 1456 687 1502 714; x_wconf 80' lang='grc' dir='ltr'>τὸν</span> <span class='ocrx_word' id='word_1_441' title='bbox 1523 688 1603 715; x_wconf 81' lang='grc' dir='ltr'>ἄνουν</span> <span class='ocrx_word' id='word_1_442' title='bbox 1627 687 1779 724; x_wconf 84' lang='grc' dir='ltr'>ἄνθρωπον.</span> <span class='ocrx_word' id='word_1_443' title='bbox 1802 688 1849 714; x_wconf 72' lang='grc' dir='ltr'>καὶ</span> <span class='ocrx_word' id='word_1_444' title='bbox 1863 688 1908 714; x_wconf 82' lang='grc' dir='ltr'>τὸν</span> 
     </span>
    </p>
   </div>
   <div class='ocr_carea' id='block_1_59' title="bbox 1119 733 1908 769">
    <p class='ocr_par' dir='ltr' id='par_1_59' title="bbox 1119 733 1908 769">
     <span class='ocr_line' id='line_1_59' title="bbox 1119 733 1908 769; baseline 0 -9"><span class='ocrx_word' id='word_1_445' title='bbox 1119 733 1195 765; x_wconf 72' lang='grc' dir='ltr'>ὄντα,</span> <span class='ocrx_word' id='word_1_446' title='bbox 1217 733 1324 760; x_wconf 76' lang='grc' dir='ltr'>καὶτὸν</span> <span class='ocrx_word' id='word_1_447' title='bbox 1341 734 1511 769; x_wconf 85' lang='grc' dir='ltr'>φαινόμενον.</span> <span class='ocrx_word' id='word_1_448' title='bbox 1536 734 1581 765; x_wconf 80' lang='grc' dir='ltr'>Ὠς</span> <span class='ocrx_word' id='word_1_449' title='bbox 1600 734 1627 759; x_wconf 84' lang='grc' dir='ltr'><strong>δὲ</strong></span> <span class='ocrx_word' id='word_1_450' title='bbox 1645 734 1692 760; x_wconf 70' lang='grc' dir='ltr'>καὶ</span> <span class='ocrx_word' id='word_1_451' title='bbox 1712 733 1797 760; x_wconf 81' lang='grc' dir='ltr'>πολλὰ</span> <span class='ocrx_word' id='word_1_452' title='bbox 1819 733 1908 760; x_wconf 72' lang='grc' dir='ltr'>Πνεῦ-</span> 
     </span>
    </p>
   </div>
   <div class='ocr_carea' id='block_1_60' title="bbox 1120 779 1908 815">
    <p class='ocr_par' dir='ltr' id='par_1_60' title="bbox 1120 779 1908 815">
     <span class='ocr_line' id='line_1_60' title="bbox 1120 779 1908 815; baseline 0 -9"><span class='ocrx_word' id='word_1_453' title='bbox 1120 787 1202 814; x_wconf 84' lang='grc' dir='ltr'>ματα,</span> <span class='ocrx_word' id='word_1_454' title='bbox 1220 779 1250 806; x_wconf 86' lang='grc' dir='ltr'>τὸ</span> <span class='ocrx_word' id='word_1_455' title='bbox 1269 780 1394 807; x_wconf 80' lang='grc' dir='ltr'>ἄκτιστον</span> <span class='ocrx_word' id='word_1_456' title='bbox 1407 780 1475 815; x_wconf 73' lang='grc'><strong>(52),</strong></span> <span class='ocrx_word' id='word_1_457' title='bbox 1490 779 1538 806; x_wconf 77' lang='grc' dir='ltr'>καὶ</span> <span class='ocrx_word' id='word_1_458' title='bbox 1552 779 1583 806; x_wconf 84' lang='grc' dir='ltr'><strong>τὸ</strong></span> <span class='ocrx_word' id='word_1_459' title='bbox 1597 780 1711 815; x_wconf 79' lang='grc' dir='ltr'><strong>κτίσμα,</strong></span> <span class='ocrx_word' id='word_1_460' title='bbox 1734 780 1781 806; x_wconf 71' lang='grc' dir='ltr'>καὶ</span> <span class='ocrx_word' id='word_1_461' title='bbox 1799 779 1829 806; x_wconf 79' lang='grc' dir='ltr'>τὸ</span> <span class='ocrx_word' id='word_1_462' title='bbox 1842 780 1908 815; x_wconf 78' lang='grc' dir='ltr'>ὁμό-</span> 
     </span>
    </p>
   </div>
   <div class='ocr_carea' id='block_1_61' title="bbox 1118 824 1907 860">
    <p class='ocr_par' dir='ltr' id='par_1_61' title="bbox 1118 824 1907 860">
     <span class='ocr_line' id='line_1_61' title="bbox 1118 824 1907 860; baseline 0.001 -9"><span class='ocrx_word' id='word_1_463' title='bbox 1118 834 1206 860; x_wconf 81' lang='grc' dir='ltr'>τιμον,</span> <span class='ocrx_word' id='word_1_464' title='bbox 1225 826 1272 852; x_wconf 74' lang='grc' dir='ltr'>καὶ</span> <span class='ocrx_word' id='word_1_465' title='bbox 1288 825 1318 851; x_wconf 82' lang='grc' dir='ltr'>τὸ</span> <span class='ocrx_word' id='word_1_466' title='bbox 1333 825 1491 860; x_wconf 77' lang='grc' dir='ltr'><strong>ἐνέργημα,</strong></span> <span class='ocrx_word' id='word_1_467' title='bbox 1508 825 1555 852; x_wconf 72' lang='grc' dir='ltr'>καὶ</span> <span class='ocrx_word' id='word_1_468' title='bbox 1572 824 1604 851; x_wconf 81' lang='grc' dir='ltr'>τὸ</span> <span class='ocrx_word' id='word_1_469' title='bbox 1626 824 1702 860; x_wconf 76' lang='grc' dir='ltr'>ψιλὸν</span> <span class='ocrx_word' id='word_1_470' title='bbox 1725 824 1822 860; x_wconf 73' lang='grc' dir='ltr'>ὄνομα.</span> <span class='ocrx_word' id='word_1_471' title='bbox 1844 825 1907 852; x_wconf 80' lang='grc' dir='ltr'>Δέον</span> 
     </span>
    </p>
   </div>
   <div class='ocr_carea' id='block_1_62' title="bbox 1119 870 1905 907">
    <p class='ocr_par' dir='ltr' id='par_1_62' title="bbox 1119 870 1905 907">
     <span class='ocr_line' id='line_1_62' title="bbox 1119 870 1905 907; baseline 0 -9"><span class='ocrx_word' id='word_1_472' title='bbox 1119 872 1167 898; x_wconf 77' lang='grc' dir='ltr'>ἕνα</span> <span class='ocrx_word' id='word_1_473' title='bbox 1177 872 1242 898; x_wconf 84' lang='grc' dir='ltr'>Θεὸν</span> <span class='ocrx_word' id='word_1_474' title='bbox 1253 871 1363 907; x_wconf 81' lang='grc' dir='ltr'><strong>Πατέρα</strong></span> <span class='ocrx_word' id='word_1_475' title='bbox 1375 870 1527 906; x_wconf 83' lang='grc' dir='ltr'><strong>γινώσκειν,</strong></span> <span class='ocrx_word' id='word_1_476' title='bbox 1544 871 1671 906; x_wconf 83' lang='grc' dir='ltr'>ἄναρχον,</span> <span class='ocrx_word' id='word_1_477' title='bbox 1687 870 1735 897; x_wconf 74' lang='grc' dir='ltr'>καὶ</span> <span class='ocrx_word' id='word_1_478' title='bbox 1749 870 1905 906; x_wconf 83' lang='grc' dir='ltr'>ἀγέννητον,</span> 
     </span>
    </p>
   </div>
   <div class='ocr_carea' id='block_1_63' title="bbox 1117 915 1907 952">
    <p class='ocr_par' dir='ltr' id='par_1_63' title="bbox 1117 915 1907 952">
     <span class='ocr_line' id='line_1_63' title="bbox 1117 915 1907 952; baseline 0.001 -9"><span class='ocrx_word' id='word_1_479' title='bbox 1117 917 1164 943; x_wconf 74' lang='grc' dir='ltr'>καὶ</span> <span class='ocrx_word' id='word_1_480' title='bbox 1192 917 1254 943; x_wconf 79' lang='grc' dir='ltr'><strong>Υὶὸν</strong></span> <span class='ocrx_word' id='word_1_481' title='bbox 1281 917 1328 944; x_wconf 86' lang='grc' dir='ltr'>ἓνα</span> <span class='ocrx_word' id='word_1_482' title='bbox 1355 916 1552 952; x_wconf 83' lang='grc' dir='ltr'>γεγεννημένον</span> <span class='ocrx_word' id='word_1_483' title='bbox 1574 918 1606 943; x_wconf 84' lang='grc' dir='ltr'>ἐκ</span> <span class='ocrx_word' id='word_1_484' title='bbox 1633 915 1680 943; x_wconf 78' lang='grc' dir='ltr'><strong>τοῦ</strong></span> <span class='ocrx_word' id='word_1_485' title='bbox 1713 916 1830 952; x_wconf 81' lang='grc' dir='ltr'>Πατρὺς,</span> <span class='ocrx_word' id='word_1_486' title='bbox 1860 916 1907 944; x_wconf 80' lang='grc' dir='ltr'>καὶ</span> 
     </span>
    </p>
   </div>
   <div class='ocr_carea' id='block_1_64' title="bbox 1115 960 1906 997">
    <p class='ocr_par' dir='ltr' id='par_1_64' title="bbox 1115 960 1906 997">
     <span class='ocr_line' id='line_1_64' title="bbox 1115 960 1906 997; baseline -0.001 -9"><span class='ocrx_word' id='word_1_487' title='bbox 1115 961 1228 997; x_wconf 78' lang='grc' dir='ltr'>Πνεῦμα</span> <span class='ocrx_word' id='word_1_488' title='bbox 1250 962 1278 988; x_wconf 87' lang='grc' dir='ltr'>ἒν</span> <span class='ocrx_word' id='word_1_489' title='bbox 1302 963 1335 989; x_wconf 79' lang='grc' dir='ltr'>ὲκ</span> <span class='ocrx_word' id='word_1_490' title='bbox 1352 961 1420 988; x_wconf 80' lang='grc' dir='ltr'>Θεοῦ</span> <span class='ocrx_word' id='word_1_491' title='bbox 1439 961 1488 996; x_wconf 85' lang='grc' dir='ltr'>τὴν</span> <span class='ocrx_word' id='word_1_492' title='bbox 1504 960 1620 997; x_wconf 78' lang='grc' dir='ltr'>ὕπαρξιν</span> <span class='ocrx_word' id='word_1_493' title='bbox 1636 961 1710 996; x_wconf 76' lang='grc' dir='ltr'>ἔχον,</span> <span class='ocrx_word' id='word_1_494' title='bbox 1727 960 1906 997; x_wconf 78' lang='grc' dir='ltr'>παραχωροῦν</span> 
     </span>
    </p>
   </div>
   <div class='ocr_carea' id='block_1_65' title="bbox 1115 1007 1907 1044">
    <p class='ocr_par' dir='ltr' id='par_1_65' title="bbox 1115 1007 1907 1044">
     <span class='ocr_line' id='line_1_65' title="bbox 1115 1007 1907 1044; baseline -0.001 -9"><span class='ocrx_word' id='word_1_495' title='bbox 1115 1009 1204 1044; x_wconf 74' lang='grc' dir='ltr'>Πατρὶ</span> <span class='ocrx_word' id='word_1_496' title='bbox 1230 1008 1279 1044; x_wconf 87' lang='grc' dir='ltr'>μὲν</span> <span class='ocrx_word' id='word_1_497' title='bbox 1305 1007 1485 1043; x_wconf 87' lang='grc' dir='ltr'>ἀγεννησίας,</span> <span class='ocrx_word' id='word_1_498' title='bbox 1501 1007 1558 1042; x_wconf 84' lang='grc' dir='ltr'><strong>Υἱῷ</strong></span> <span class='ocrx_word' id='word_1_499' title='bbox 1580 1008 1608 1034; x_wconf 81' lang='grc' dir='ltr'><strong>δὲ</strong></span> <span class='ocrx_word' id='word_1_500' title='bbox 1631 1008 1803 1044; x_wconf 82' lang='grc' dir='ltr'><strong>γεννήσεως·</strong></span> <span class='ocrx_word' id='word_1_501' title='bbox 1827 1007 1862 1034; x_wconf 75' lang='grc' dir='ltr'><strong>τὰ</strong></span> <span class='ocrx_word' id='word_1_502' title='bbox 1879 1007 1907 1034; x_wconf 74' lang='grc' dir='ltr'><strong>δὲ</strong></span> 
     </span>
    </p>
   </div>
   <div class='ocr_carea' id='block_1_66' title="bbox 1116 1053 1906 1090">
    <p class='ocr_par' dir='ltr' id='par_1_66' title="bbox 1116 1053 1906 1090">
     <span class='ocr_line' id='line_1_66' title="bbox 1116 1053 1906 1090; baseline -0.003 -9"><span class='ocrx_word' id='word_1_503' title='bbox 1116 1055 1184 1082; x_wconf 77' lang='grc' dir='ltr'>ἄλλα</span> <span class='ocrx_word' id='word_1_504' title='bbox 1209 1054 1344 1090; x_wconf 78' lang='grc' dir='ltr'>συμφυὲς,</span> <span class='ocrx_word' id='word_1_505' title='bbox 1364 1055 1411 1081; x_wconf 81' lang='grc' dir='ltr'><strong>καὶ</strong></span> <span class='ocrx_word' id='word_1_506' title='bbox 1441 1053 1600 1089; x_wconf 85' lang='grc' dir='ltr'>σύνθρονον,</span> <span class='ocrx_word' id='word_1_507' title='bbox 1627 1054 1674 1080; x_wconf 78' lang='grc' dir='ltr'>καὶ</span> <span class='ocrx_word' id='word_1_508' title='bbox 1691 1053 1836 1089; x_wconf 77' lang='grc' dir='ltr'>ὁμόδοξον,</span> <span class='ocrx_word' id='word_1_509' title='bbox 1862 1053 1906 1079; x_wconf 81' lang='grc' dir='ltr'>καὶ</span> 
     </span>
    </p>
   </div>
   <div class='ocr_carea' id='block_1_67' title="bbox 1116 1100 1905 1136">
    <p class='ocr_par' dir='ltr' id='par_1_67' title="bbox 1116 1100 1905 1136">
     <span class='ocr_line' id='line_1_67' title="bbox 1116 1100 1905 1136; baseline -0.004 -8"><span class='ocrx_word' id='word_1_510' title='bbox 1116 1102 1265 1136; x_wconf 78' lang='grc' dir='ltr'>ὁμότιμον·</span> <span class='ocrx_word' id='word_1_511' title='bbox 1281 1100 1368 1127; x_wconf 78' lang='grc' dir='ltr'>ταῦτα</span> <span class='ocrx_word' id='word_1_512' title='bbox 1395 1101 1515 1133; x_wconf 85' lang='grc' dir='ltr'>εἰδέναι,</span> <span class='ocrx_word' id='word_1_513' title='bbox 1533 1100 1620 1127; x_wconf 81' lang='grc' dir='ltr'>ταῦτα</span> <span class='ocrx_word' id='word_1_514' title='bbox 1644 1100 1802 1135; x_wconf 83' lang='grc' dir='ltr'>ὁμολογεῖν,</span> <span class='ocrx_word' id='word_1_515' title='bbox 1827 1100 1905 1134; x_wconf 78' lang='grc' dir='ltr'>μέχρι</span> 
     </span>
    </p>
   </div>
   <div class='ocr_carea' id='block_1_68' title="bbox 1116 1146 1906 1183">
    <p class='ocr_par' dir='ltr' id='par_1_68' title="bbox 1116 1146 1906 1183">
     <span class='ocr_line' id='line_1_68' title="bbox 1116 1146 1906 1183; baseline -0.004 -8"><span class='ocrx_word' id='word_1_516' title='bbox 1116 1148 1217 1175; x_wconf 79' lang='grc' dir='ltr'>τούτων</span> <span class='ocrx_word' id='word_1_517' title='bbox 1236 1147 1372 1178; x_wconf 82' lang='grc' dir='ltr'>ἵστασθαι,</span> <span class='ocrx_word' id='word_1_518' title='bbox 1388 1147 1437 1183; x_wconf 87' lang='grc' dir='ltr'>τὴν</span> <span class='ocrx_word' id='word_1_519' title='bbox 1456 1147 1484 1173; x_wconf 82' lang='grc' dir='ltr'><strong>δὲ</strong></span> <span class='ocrx_word' id='word_1_520' title='bbox 1501 1146 1601 1182; x_wconf 85' lang='grc' dir='ltr'>πολλὴν</span> <span class='ocrx_word' id='word_1_521' title='bbox 1625 1146 1770 1181; x_wconf 78' lang='grc' dir='ltr'>φλυαρίαν,</span> <span class='ocrx_word' id='word_1_522' title='bbox 1796 1146 1906 1177; x_wconf 78' lang='grc' dir='ltr'>καὶτὰς</span> 
     </span>
    </p>
   </div>
   <div class='ocr_carea' id='block_1_69' title="bbox 1117 1191 1906 1229">
    <p class='ocr_par' dir='ltr' id='par_1_69' title="bbox 1117 1191 1906 1229">
     <span class='ocr_line' id='line_1_69' title="bbox 1117 1191 1906 1229; baseline -0.004 -9"><span class='ocrx_word' id='word_1_523' title='bbox 1117 1193 1247 1229; x_wconf 78' lang='grc' dir='ltr'>βεϐήλους</span> <span class='ocrx_word' id='word_1_524' title='bbox 1268 1193 1435 1227; x_wconf 73' lang='grc' dir='ltr'>κενοφωνίας</span> <span class='ocrx_word' id='word_1_525' title='bbox 1449 1192 1503 1218; x_wconf 88' lang='grc' dir='ltr'>τῶν</span> <span class='ocrx_word' id='word_1_526' title='bbox 1517 1192 1616 1226; x_wconf 79' lang='grc' dir='ltr'>λόγων,</span> <span class='ocrx_word' id='word_1_527' title='bbox 1637 1193 1694 1223; x_wconf 82' lang='grc' dir='ltr'>τοῖς</span> <span class='ocrx_word' id='word_1_528' title='bbox 1715 1191 1812 1227; x_wconf 76' lang='grc' dir='ltr'>σχολὴν</span> <span class='ocrx_word' id='word_1_529' title='bbox 1825 1192 1906 1225; x_wconf 81' lang='grc' dir='ltr'>ἄγου-</span> 
     </span>
    </p>
   </div>
   <div class='ocr_carea' id='block_1_70' title="bbox 1118 1237 1906 1274">
    <p class='ocr_par' dir='ltr' id='par_1_70' title="bbox 1118 1237 1906 1274">
     <span class='ocr_line' id='line_1_70' title="bbox 1118 1237 1906 1274; baseline -0.003 -9"><span class='ocrx_word' id='word_1_530' title='bbox 1118 1247 1159 1265; x_wconf 92' lang='grc' dir='ltr'><strong>σιν</strong></span> <span class='ocrx_word' id='word_1_531' title='bbox 1178 1238 1389 1274; x_wconf 79' lang='grc' dir='ltr'>ἀποπέμπεσθαι</span> <span class='ocrx_word' id='word_1_532' title='bbox 1407 1237 1473 1274; x_wconf 76' lang='grc'><strong>(55).</strong></span> <span class='ocrx_word' id='word_1_533' title='bbox 1495 1238 1527 1264; x_wconf 85' lang='grc' dir='ltr'>Τί</span> <span class='ocrx_word' id='word_1_534' title='bbox 1541 1238 1573 1264; x_wconf 84' lang='grc' dir='ltr'>τὸ</span> <span class='ocrx_word' id='word_1_535' title='bbox 1585 1237 1672 1265; x_wconf 76' lang='grc' dir='ltr'>ταῦτα</span> <span class='ocrx_word' id='word_1_536' title='bbox 1692 1238 1781 1264; x_wconf 69' lang='grc' dir='ltr'>πάντα</span> <span class='ocrx_word' id='word_1_537' title='bbox 1800 1245 1906 1271; x_wconf 83' lang='grc' dir='ltr'>κεκινη‹</span> 
     </span>
    </p>
   </div>
   <div class='ocr_carea' id='block_1_71' title="bbox 1117 1284 1904 1320">
    <p class='ocr_par' dir='ltr' id='par_1_71' title="bbox 1117 1284 1904 1320">
     <span class='ocr_line' id='line_1_71' title="bbox 1117 1284 1904 1320; baseline -0.001 -9"><span class='ocrx_word' id='word_1_538' title='bbox 1117 1285 1180 1317; x_wconf 81' lang='grc' dir='ltr'>κός;</span> <span class='ocrx_word' id='word_1_539' title='bbox 1198 1284 1341 1320; x_wconf 82' lang='grc' dir='ltr'>Θερμότης</span> <span class='ocrx_word' id='word_1_540' title='bbox 1356 1284 1440 1320; x_wconf 81' lang='grc' dir='ltr'>χωρὶς</span> <span class='ocrx_word' id='word_1_541' title='bbox 1455 1284 1534 1318; x_wconf 83' lang='grc' dir='ltr'>λόγου</span> <span class='ocrx_word' id='word_1_542' title='bbox 1553 1285 1600 1310; x_wconf 82' lang='grc' dir='ltr'>καὶ</span> <span class='ocrx_word' id='word_1_543' title='bbox 1615 1284 1770 1319; x_wconf 78' lang='grc' dir='ltr'>ἐπιστήμης</span> <span class='ocrx_word' id='word_1_544' title='bbox 1783 1284 1904 1319; x_wconf 77' lang='grc' dir='ltr'>ἄσχετος,</span> 
     </span>
    </p>
   </div>
   <div class='ocr_carea' id='block_1_72' title="bbox 1117 1329 1608 1365">
    <p class='ocr_par' dir='ltr' id='par_1_72' title="bbox 1117 1329 1608 1365">
     <span class='ocr_line' id='line_1_72' title="bbox 1117 1329 1608 1365; baseline -0.002 -8"><span class='ocrx_word' id='word_1_545' title='bbox 1117 1331 1164 1357; x_wconf 79' lang='grc' dir='ltr'>καὶ</span> <span class='ocrx_word' id='word_1_546' title='bbox 1179 1331 1297 1362; x_wconf 83' lang='grc' dir='ltr'>πίστεως</span> <span class='ocrx_word' id='word_1_547' title='bbox 1314 1330 1397 1362; x_wconf 81' lang='grc' dir='ltr'>πλοῦς</span> <span class='ocrx_word' id='word_1_548' title='bbox 1412 1329 1608 1365; x_wconf 75' lang='grc' dir='ltr'>ἀκυϐέρνητος.</span> 
     </span>
    </p>
   </div>
   <div class='ocr_carea' id='block_1_73' title="bbox 1158 1462 1906 1501">
    <p class='ocr_par' dir='ltr' id='par_1_73' title="bbox 1158 1462 1906 1501">
     <span class='ocr_line' id='line_1_73' title="bbox 1158 1462 1906 1501; baseline -0.003 -8"><span class='ocrx_word' id='word_1_549' title='bbox 1158 1468 1203 1500; x_wconf 71' lang='grc' dir='ltr'><strong>ς’.</strong></span> <span class='ocrx_word' id='word_1_550' title='bbox 1224 1466 1309 1493; x_wconf 80' lang='grc' dir='ltr'>Τοῦτο</span> <span class='ocrx_word' id='word_1_551' title='bbox 1320 1464 1366 1493; x_wconf 80' lang='grc' dir='ltr'><strong>οὖν</strong></span> <span class='ocrx_word' id='word_1_552' title='bbox 1379 1466 1488 1498; x_wconf 84' lang='grc' dir='ltr'>εἰδότες,</span> <span class='ocrx_word' id='word_1_553' title='bbox 1504 1465 1624 1500; x_wconf 76' lang='grc' dir='ltr'>ἀδελφοὶ,</span> <span class='ocrx_word' id='word_1_554' title='bbox 1638 1466 1706 1501; x_wconf 84' lang='grc' dir='ltr'>μήτε</span> <span class='ocrx_word' id='word_1_555' title='bbox 1722 1465 1817 1497; x_wconf 82' lang='grc' dir='ltr'>νωθεῖς</span> <span class='ocrx_word' id='word_1_556' title='bbox 1831 1462 1906 1500; x_wconf 75' lang='grc' dir='ltr'>ὦμεν</span> 
     </span>
    </p>
   </div>
   <div class='ocr_carea' id='block_1_74' title="bbox 1117 1512 1905 1549">
    <p class='ocr_par' dir='ltr' id='par_1_74' title="bbox 1117 1512 1905 1549">
     <span class='ocr_line' id='line_1_74' title="bbox 1117 1512 1905 1549; baseline -0.004 -9"><span class='ocrx_word' id='word_1_557' title='bbox 1117 1514 1186 1549; x_wconf 76' lang='grc' dir='ltr'>πρὸς</span> <span class='ocrx_word' id='word_1_558' title='bbox 1200 1513 1230 1539; x_wconf 85' lang='grc' dir='ltr'>τὸ</span> <span class='ocrx_word' id='word_1_559' title='bbox 1247 1513 1340 1544; x_wconf 83' lang='grc' dir='ltr'>καλὸν,</span> <span class='ocrx_word' id='word_1_560' title='bbox 1361 1512 1429 1539; x_wconf 82' lang='grc' dir='ltr'>ἀλλὰ</span> <span class='ocrx_word' id='word_1_561' title='bbox 1447 1512 1486 1548; x_wconf 84' lang='grc' dir='ltr'>τῷ</span> <span class='ocrx_word' id='word_1_562' title='bbox 1503 1512 1642 1545; x_wconf 76' lang='grc' dir='ltr'>Πνεὺματι</span> <span class='ocrx_word' id='word_1_563' title='bbox 1659 1512 1782 1547; x_wconf 81' lang='grc' dir='ltr'>ζὲωμεν,</span> <span class='ocrx_word' id='word_1_564' title='bbox 1802 1512 1905 1547; x_wconf 79' lang='grc' dir='ltr'>μήποτε</span> 
     </span>
    </p>
   </div>
   <div class='ocr_carea' id='block_1_75' title="bbox 1118 1558 1906 1595">
    <p class='ocr_par' dir='ltr' id='par_1_75' title="bbox 1118 1558 1906 1595">
     <span class='ocr_line' id='line_1_75' title="bbox 1118 1558 1906 1595; baseline -0.001 -9"><span class='ocrx_word' id='word_1_565' title='bbox 1118 1559 1287 1595; x_wconf 74' lang='grc' dir='ltr'>ὑπνώσωμεν</span> <span class='ocrx_word' id='word_1_566' title='bbox 1302 1560 1361 1585; x_wconf 86' lang='grc' dir='ltr'>κατ’</span> <span class='ocrx_word' id='word_1_567' title='bbox 1375 1559 1464 1593; x_wconf 76' lang='grc' dir='ltr'>ὀλίγον</span> <span class='ocrx_word' id='word_1_568' title='bbox 1478 1560 1518 1591; x_wconf 78' lang='grc' dir='ltr'>εἰς</span> <span class='ocrx_word' id='word_1_569' title='bbox 1533 1559 1647 1586; x_wconf 75' lang='grc' dir='ltr'>θάνατον</span> <span class='ocrx_word' id='word_1_570' title='bbox 1657 1579 1664 1591; x_wconf 92' lang='grc'><strong>,</strong></span> <span class='ocrx_word' id='word_1_571' title='bbox 1680 1559 1715 1594; x_wconf 86' lang='grc' dir='ltr'>ἦ,</span> <span class='ocrx_word' id='word_1_572' title='bbox 1731 1558 1906 1585; x_wconf 80' lang='grc' dir='ltr'>καθεύδουσιν</span> 
     </span>
    </p>
   </div>
   <div class='ocr_carea' id='block_1_76' title="bbox 1118 1604 1906 1641">
    <p class='ocr_par' dir='ltr' id='par_1_76' title="bbox 1118 1604 1906 1641">
     <span class='ocr_line' id='line_1_76' title="bbox 1118 1604 1906 1641; baseline -0.001 -10"><span class='ocrx_word' id='word_1_573' title='bbox 1118 1606 1194 1640; x_wconf 76' lang='grc' dir='ltr'>ἡμῖν,</span> <span class='ocrx_word' id='word_1_574' title='bbox 1208 1605 1357 1641; x_wconf 82' lang='grc' dir='ltr'>ὲπισπείρῃ</span> <span class='ocrx_word' id='word_1_575' title='bbox 1374 1605 1408 1631; x_wconf 88' lang='grc' dir='ltr'>τὰ</span> <span class='ocrx_word' id='word_1_576' title='bbox 1421 1605 1526 1640; x_wconf 77' lang='grc' dir='ltr'>πονηρὰ</span> <span class='ocrx_word' id='word_1_577' title='bbox 1544 1605 1710 1640; x_wconf 82' lang='grc' dir='ltr'>σπέρματαὸ</span> <span class='ocrx_word' id='word_1_578' title='bbox 1724 1604 1820 1640; x_wconf 77' lang='grc' dir='ltr'>ἐχθρός</span> <span class='ocrx_word' id='word_1_579' title='bbox 1833 1613 1841 1619; x_wconf 74' lang='grc'><strong><em>⁸</em></strong></span> <span class='ocrx_word' id='word_1_580' title='bbox 1855 1613 1906 1631; x_wconf 86' lang='grc' dir='ltr'><strong>νω-</strong></span> 
     </span>
    </p>
   </div>
   <div class='ocr_carea' id='block_1_77' title="bbox 1117 1650 1906 1687">
    <p class='ocr_par' dir='ltr' id='par_1_77' title="bbox 1117 1650 1906 1687">
     <span class='ocr_line' id='line_1_77' title="bbox 1117 1650 1906 1687; baseline 0 -10"><span class='ocrx_word' id='word_1_581' title='bbox 1117 1651 1176 1678; x_wconf 87' lang='grc' dir='ltr'>θεῖα</span> <span class='ocrx_word' id='word_1_582' title='bbox 1199 1652 1254 1687; x_wconf 86' lang='grc' dir='ltr'><strong>γὰρ</strong></span> <span class='ocrx_word' id='word_1_583' title='bbox 1280 1651 1356 1687; x_wconf 79' lang='grc' dir='ltr'>ὕπνῳ</span> <span class='ocrx_word' id='word_1_584' title='bbox 1383 1651 1438 1687; x_wconf 69' lang='grc'><strong>(54)</strong></span> <span class='ocrx_word' id='word_1_585' title='bbox 1464 1651 1592 1685; x_wconf 80' lang='grc' dir='ltr'>σύζυγος·</span> <span class='ocrx_word' id='word_1_586' title='bbox 1619 1652 1686 1686; x_wconf 82' lang='grc' dir='ltr'>μήτε</span> <span class='ocrx_word' id='word_1_587' title='bbox 1712 1650 1838 1686; x_wconf 78' lang='grc' dir='ltr'>διάπυροι</span> <span class='ocrx_word' id='word_1_588' title='bbox 1860 1651 1906 1678; x_wconf 81' lang='grc' dir='ltr'><strong>σὺν</strong></span> 
     </span>
    </p>
   </div>
   <div class='ocr_carea' id='block_1_78' title="bbox 1116 1696 1907 1735">
    <p class='ocr_par' dir='ltr' id='par_1_78' title="bbox 1116 1696 1907 1735">
     <span class='ocr_line' id='line_1_78' title="bbox 1116 1696 1907 1735; baseline -0.005 -9"><span class='ocrx_word' id='word_1_589' title='bbox 1116 1699 1214 1735; x_wconf 71' lang='grc' dir='ltr'>ἀλογίᾳ</span> <span class='ocrx_word' id='word_1_590' title='bbox 1231 1699 1279 1725; x_wconf 80' lang='grc' dir='ltr'>καὶ</span> <span class='ocrx_word' id='word_1_591' title='bbox 1299 1697 1438 1733; x_wconf 81' lang='grc' dir='ltr'>φιλαυτίᾳ,</span> <span class='ocrx_word' id='word_1_592' title='bbox 1455 1697 1498 1724; x_wconf 85' lang='grc' dir='ltr'><strong>ἴνα</strong></span> <span class='ocrx_word' id='word_1_593' title='bbox 1516 1698 1553 1733; x_wconf 87' lang='grc' dir='ltr'>μὴ</span> <span class='ocrx_word' id='word_1_594' title='bbox 1568 1696 1758 1733; x_wconf 78' lang='grc' dir='ltr'>ἐκφερώμεθα,</span> <span class='ocrx_word' id='word_1_595' title='bbox 1775 1697 1842 1732; x_wconf 82' lang='grc' dir='ltr'>μηδὲ</span> <span class='ocrx_word' id='word_1_596' title='bbox 1859 1696 1907 1732; x_wconf 82' lang='grc' dir='ltr'>τῆς</span> 
     </span>
    </p>
   </div>
   <div class='ocr_carea' id='block_1_79' title="bbox 1116 1742 1908 1780">
    <p class='ocr_par' dir='ltr' id='par_1_79' title="bbox 1116 1742 1908 1780">
     <span class='ocr_line' id='line_1_79' title="bbox 1116 1742 1908 1780; baseline -0.005 -8"><span class='ocrx_word' id='word_1_597' title='bbox 1116 1745 1177 1772; x_wconf 72' lang='grc' dir='ltr'><strong>ὁδοῦ</strong></span> <span class='ocrx_word' id='word_1_598' title='bbox 1200 1745 1248 1780; x_wconf 79' lang='grc' dir='ltr'>τῆς</span> <span class='ocrx_word' id='word_1_599' title='bbox 1269 1744 1411 1779; x_wconf 81' lang='grc' dir='ltr'>βασιλικῆς</span> <span class='ocrx_word' id='word_1_600' title='bbox 1429 1743 1481 1775; x_wconf 78' lang='grc' dir='ltr'><strong>ἔξω</strong></span> <span class='ocrx_word' id='word_1_601' title='bbox 1495 1744 1653 1778; x_wconf 76' lang='grc' dir='ltr'>πίπτωμεν’</span> <span class='ocrx_word' id='word_1_602' title='bbox 1670 1743 1698 1769; x_wconf 74' lang='grc' dir='ltr'>ἓν</span> <span class='ocrx_word' id='word_1_603' title='bbox 1712 1742 1744 1776; x_wconf 82' lang='grc' dir='ltr'>γέ</span> <span class='ocrx_word' id='word_1_604' title='bbox 1758 1751 1784 1769; x_wconf 87' lang='grc' dir='ltr'><strong>τι</strong></span> <span class='ocrx_word' id='word_1_605' title='bbox 1801 1742 1908 1769; x_wconf 83' lang='grc' dir='ltr'>πταίον-</span> 
     </span>
    </p>
   </div>
   <div class='ocr_carea' id='block_1_80' title="bbox 1117 1788 1905 1825">
    <p class='ocr_par' dir='ltr' id='par_1_80' title="bbox 1117 1788 1905 1825">
     <span class='ocr_line' id='line_1_80' title="bbox 1117 1788 1905 1825; baseline -0.004 -7"><span class='ocrx_word' id='word_1_606' title='bbox 1117 1800 1162 1823; x_wconf 84' lang='grc' dir='ltr'><strong>τες</strong></span> <span class='ocrx_word' id='word_1_607' title='bbox 1185 1791 1304 1823; x_wconf 84' lang='grc' dir='ltr'>πάντως,</span> <span class='ocrx_word' id='word_1_608' title='bbox 1324 1790 1341 1825; x_wconf 85' lang='grc' dir='ltr'><strong>ἦ</strong></span> <span class='ocrx_word' id='word_1_609' title='bbox 1357 1789 1477 1825; x_wconf 78' lang='grc' dir='ltr'>κέντρων</span> <span class='ocrx_word' id='word_1_610' title='bbox 1497 1789 1620 1824; x_wconf 84' lang='grc' dir='ltr'>δεόμενοι</span> <span class='ocrx_word' id='word_1_611' title='bbox 1641 1789 1686 1816; x_wconf 83' lang='grc' dir='ltr'>διὰ</span> <span class='ocrx_word' id='word_1_612' title='bbox 1705 1788 1754 1824; x_wconf 86' lang='grc' dir='ltr'>τὴν</span> <span class='ocrx_word' id='word_1_613' title='bbox 1777 1788 1905 1820; x_wconf 79' lang='grc' dir='ltr'>νωθείαν,</span> 
     </span>
    </p>
   </div>
   <div class='ocr_carea' id='block_1_81' title="bbox 1117 1834 1907 1874">
    <p class='ocr_par' dir='ltr' id='par_1_81' title="bbox 1117 1834 1907 1874">
     <span class='ocr_line' id='line_1_81' title="bbox 1117 1834 1907 1874; baseline -0.004 -11"><span class='ocrx_word' id='word_1_614' title='bbox 1117 1837 1133 1874; x_wconf 86' lang='grc' dir='ltr'>ἢ</span> <span class='ocrx_word' id='word_1_615' title='bbox 1148 1835 1362 1872; x_wconf 80' lang='grc' dir='ltr'>κρημνιζόμενοι</span> <span class='ocrx_word' id='word_1_616' title='bbox 1380 1835 1423 1862; x_wconf 77' lang='grc' dir='ltr'><strong>διὰ</strong></span> <span class='ocrx_word' id='word_1_617' title='bbox 1439 1836 1489 1870; x_wconf 85' lang='grc' dir='ltr'>τὴν</span> <span class='ocrx_word' id='word_1_618' title='bbox 1504 1835 1670 1871; x_wconf 81' lang='grc' dir='ltr'>θερμότητα.</span> <span class='ocrx_word' id='word_1_619' title='bbox 1690 1835 1866 1870; x_wconf 79' lang='grc' dir='ltr'>’Λμφοτέρων</span> <span class='ocrx_word' id='word_1_620' title='bbox 1879 1834 1907 1860; x_wconf 79' lang='grc' dir='ltr'><strong>δὲ</strong></span> 
     </span>
    </p>
   </div>
   <div class='ocr_carea' id='block_1_82' title="bbox 1117 1880 1909 1917">
    <p class='ocr_par' dir='ltr' id='par_1_82' title="bbox 1117 1880 1909 1917">
     <span class='ocr_line' id='line_1_82' title="bbox 1117 1880 1909 1917; baseline -0.003 -9"><span class='ocrx_word' id='word_1_621' title='bbox 1117 1882 1178 1909; x_wconf 79' lang='grc' dir='ltr'>ὅσον</span> <span class='ocrx_word' id='word_1_622' title='bbox 1193 1881 1326 1917; x_wconf 83' lang='grc' dir='ltr'>χρήσιμόν</span> <span class='ocrx_word' id='word_1_623' title='bbox 1341 1882 1399 1907; x_wconf 79' lang='grc' dir='ltr'>ἐστι</span> <span class='ocrx_word' id='word_1_624' title='bbox 1414 1880 1555 1912; x_wconf 79' lang='grc' dir='ltr'>λαΰόντες,</span> <span class='ocrx_word' id='word_1_625' title='bbox 1573 1881 1624 1915; x_wconf 80' lang='grc' dir='ltr'>τῆς</span> <span class='ocrx_word' id='word_1_626' title='bbox 1644 1881 1692 1916; x_wconf 80' lang='grc' dir='ltr'>μὲν</span> <span class='ocrx_word' id='word_1_627' title='bbox 1706 1880 1737 1906; x_wconf 81' lang='grc' dir='ltr'>τὸ</span> <span class='ocrx_word' id='word_1_628' title='bbox 1749 1881 1847 1914; x_wconf 84' lang='grc' dir='ltr'>πρᾶον,</span> <span class='ocrx_word' id='word_1_629' title='bbox 1860 1880 1909 1914; x_wconf 83' lang='grc' dir='ltr'>τῆς</span> 
     </span>
    </p>
   </div>
   <div class='ocr_carea' id='block_1_83' title="bbox 1117 1925 1908 1962">
    <p class='ocr_par' dir='ltr' id='par_1_83' title="bbox 1117 1925 1908 1962">
     <span class='ocr_line' id='line_1_83' title="bbox 1117 1925 1908 1962; baseline -0.001 -9"><span class='ocrx_word' id='word_1_630' title='bbox 1117 1927 1145 1953; x_wconf 82' lang='grc' dir='ltr'>δὲ</span> <span class='ocrx_word' id='word_1_631' title='bbox 1160 1927 1204 1954; x_wconf 72' lang='grc' dir='ltr'><strong>τὸν</strong></span> <span class='ocrx_word' id='word_1_632' title='bbox 1219 1926 1298 1961; x_wconf 78' lang='grc' dir='ltr'>ζῆλον</span> <span class='ocrx_word' id='word_1_633' title='bbox 1309 1934 1315 1940; x_wconf 92' lang='grc'><strong>·</strong></span> <span class='ocrx_word' id='word_1_634' title='bbox 1335 1926 1499 1962; x_wconf 78' lang='grc' dir='ltr'>ἀμφοτέρων</span> <span class='ocrx_word' id='word_1_635' title='bbox 1516 1926 1578 1953; x_wconf 76' lang='grc' dir='ltr'>ὅσον</span> <span class='ocrx_word' id='word_1_636' title='bbox 1591 1926 1649 1952; x_wconf 72' lang='grc' dir='ltr'>ἐστὶ</span> <span class='ocrx_word' id='word_1_637' title='bbox 1663 1925 1793 1961; x_wconf 75' lang='grc' dir='ltr'>βλαϐερὸν</span> <span class='ocrx_word' id='word_1_638' title='bbox 1814 1925 1908 1959; x_wconf 73' lang='grc' dir='ltr'>διαφύ-</span> 
     </span>
    </p>
   </div>
   <div class='ocr_carea' id='block_1_84' title="bbox 1118 1971 1909 2008">
    <p class='ocr_par' dir='ltr' id='par_1_84' title="bbox 1118 1971 1909 2008">
     <span class='ocr_line' id='line_1_84' title="bbox 1118 1971 1909 2008; baseline -0.001 -9"><span class='ocrx_word' id='word_1_639' title='bbox 1118 1981 1224 2008; x_wconf 73' lang='grc' dir='ltr'>γωμεν,</span> <span class='ocrx_word' id='word_1_640' title='bbox 1240 1973 1290 2008; x_wconf 82' lang='grc' dir='ltr'>τῆς</span> <span class='ocrx_word' id='word_1_641' title='bbox 1311 1972 1360 2008; x_wconf 80' lang='grc' dir='ltr'>μὲν</span> <span class='ocrx_word' id='word_1_642' title='bbox 1380 1972 1424 1999; x_wconf 79' lang='grc' dir='ltr'><strong>τὸν</strong></span> <span class='ocrx_word' id='word_1_643' title='bbox 1450 1972 1540 2004; x_wconf 72' lang='grc' dir='ltr'>ἧκνον,</span> <span class='ocrx_word' id='word_1_644' title='bbox 1565 1972 1615 2008; x_wconf 83' lang='grc' dir='ltr'>τῆς</span> <span class='ocrx_word' id='word_1_645' title='bbox 1631 1972 1658 1998; x_wconf 88' lang='grc' dir='ltr'><strong>δὲ</strong></span> <span class='ocrx_word' id='word_1_646' title='bbox 1682 1972 1713 1998; x_wconf 81' lang='grc' dir='ltr'><strong>τὺ</strong></span> <span class='ocrx_word' id='word_1_647' title='bbox 1734 1972 1848 2007; x_wconf 78' lang='grc' dir='ltr'>θράσος·</span> <span class='ocrx_word' id='word_1_648' title='bbox 1866 1971 1909 1998; x_wconf 87' lang='grc' dir='ltr'>ῖνα</span> 
     </span>
    </p>
   </div>
   <div class='ocr_carea' id='block_1_85' title="bbox 1120 2015 1908 2054">
    <p class='ocr_par' dir='ltr' id='par_1_85' title="bbox 1120 2015 1908 2054">
     <span class='ocr_line' id='line_1_85' title="bbox 1120 2015 1908 2054; baseline 0 -10"><span class='ocrx_word' id='word_1_649' title='bbox 1120 2019 1189 2054; x_wconf 85' lang='grc' dir='ltr'>μήτε</span> <span class='ocrx_word' id='word_1_650' title='bbox 1208 2018 1246 2053; x_wconf 86' lang='grc' dir='ltr'>τῷ</span> <span class='ocrx_word' id='word_1_651' title='bbox 1262 2018 1412 2045; x_wconf 75' lang='grc' dir='ltr'>ἐλλείποντι</span> <span class='ocrx_word' id='word_1_652' title='bbox 1427 2015 1501 2053; x_wconf 79' lang='grc' dir='ltr'>ὦμεν</span> <span class='ocrx_word' id='word_1_653' title='bbox 1515 2018 1647 2053; x_wconf 85' lang='grc' dir='ltr'>ἄκαρποι,</span> <span class='ocrx_word' id='word_1_654' title='bbox 1668 2018 1736 2053; x_wconf 86' lang='grc' dir='ltr'>μήτε</span> <span class='ocrx_word' id='word_1_655' title='bbox 1756 2018 1795 2053; x_wconf 83' lang='grc' dir='ltr'>τῷ</span> <span class='ocrx_word' id='word_1_656' title='bbox 1816 2026 1908 2053; x_wconf 82' lang='grc' dir='ltr'>περιτ-</span> 
     </span>
    </p>
   </div>
   <div class='ocr_carea' id='block_1_86' title="bbox 1118 2064 1910 2100">
    <p class='ocr_par' dir='ltr' id='par_1_86' title="bbox 1118 2064 1910 2100">
     <span class='ocr_line' id='line_1_86' title="bbox 1118 2064 1910 2100; baseline -0.001 -9"><span class='ocrx_word' id='word_1_657' title='bbox 1118 2065 1222 2091; x_wconf 82' lang='grc' dir='ltr'>τεύοντι</span> <span class='ocrx_word' id='word_1_658' title='bbox 1244 2064 1454 2100; x_wconf 78' lang='grc' dir='ltr'>κινδυνεύωμεν.</span> <span class='ocrx_word' id='word_1_659' title='bbox 1484 2064 1601 2099; x_wconf 82' lang='grc' dir='ltr'>Ὁμοίως</span> <span class='ocrx_word' id='word_1_660' title='bbox 1627 2064 1682 2100; x_wconf 80' lang='grc' dir='ltr'><strong>γὰρ</strong></span> <span class='ocrx_word' id='word_1_661' title='bbox 1705 2065 1839 2100; x_wconf 81' lang='grc' dir='ltr'>ἄχρηστα,</span> <span class='ocrx_word' id='word_1_662' title='bbox 1863 2064 1910 2091; x_wconf 78' lang='grc' dir='ltr'>καὶ</span> 
     </span>
    </p>
   </div>
   <div class='ocr_carea' id='block_1_87' title="bbox 1119 2110 1909 2147">
    <p class='ocr_par' dir='ltr' id='par_1_87' title="bbox 1119 2110 1909 2147">
     <span class='ocr_line' id='line_1_87' title="bbox 1119 2110 1909 2147; baseline -0.001 -9"><span class='ocrx_word' id='word_1_663' title='bbox 1119 2111 1259 2147; x_wconf 82' lang='grc' dir='ltr'>νωθρότης</span> <span class='ocrx_word' id='word_1_664' title='bbox 1284 2111 1433 2146; x_wconf 84' lang='grc' dir='ltr'>ἄπρακτος,</span> <span class='ocrx_word' id='word_1_665' title='bbox 1460 2110 1506 2137; x_wconf 74' lang='grc' dir='ltr'><strong>καὶ</strong></span> <span class='ocrx_word' id='word_1_666' title='bbox 1531 2110 1667 2146; x_wconf 84' lang='grc' dir='ltr'>θερμότης</span> <span class='ocrx_word' id='word_1_667' title='bbox 1691 2111 1869 2142; x_wconf 83' lang='grc' dir='ltr'>ἁπαίδευτος’</span> <span class='ocrx_word' id='word_1_668' title='bbox 1892 2111 1909 2145; x_wconf 82' lang='grc' dir='ltr'><strong>ἡ</strong></span> 
     </span>
    </p>
   </div>
   <div class='ocr_carea' id='block_1_88' title="bbox 1121 2155 1908 2192">
    <p class='ocr_par' dir='ltr' id='par_1_88' title="bbox 1121 2155 1908 2192">
     <span class='ocr_line' id='line_1_88' title="bbox 1121 2155 1908 2192; baseline -0.001 -9"><span class='ocrx_word' id='word_1_669' title='bbox 1121 2157 1171 2192; x_wconf 82' lang='grc' dir='ltr'>μὲν</span> <span class='ocrx_word' id='word_1_670' title='bbox 1188 2157 1238 2183; x_wconf 79' lang='grc' dir='ltr'>οὐκ</span> <span class='ocrx_word' id='word_1_671' title='bbox 1255 2156 1402 2190; x_wconf 77' lang='grc' dir='ltr'>ἐγγίζουσα</span> <span class='ocrx_word' id='word_1_672' title='bbox 1420 2155 1460 2191; x_wconf 81' lang='grc' dir='ltr'><strong>τῷ</strong></span> <span class='ocrx_word' id='word_1_673' title='bbox 1483 2155 1577 2191; x_wconf 84' lang='grc' dir='ltr'>καλῷ,</span> <span class='ocrx_word' id='word_1_674' title='bbox 1596 2157 1613 2191; x_wconf 86' lang='grc' dir='ltr'>ἡ</span> <span class='ocrx_word' id='word_1_675' title='bbox 1638 2156 1666 2182; x_wconf 81' lang='grc' dir='ltr'><strong>δὲ</strong></span> <span class='ocrx_word' id='word_1_676' title='bbox 1690 2155 1908 2192; x_wconf 76' lang='grc' dir='ltr'>ὐπερπίτπουσα,</span> 
     </span>
    </p>
   </div>
   <div class='ocr_carea' id='block_1_89' title="bbox 1120 2201 1910 2237">
    <p class='ocr_par' dir='ltr' id='par_1_89' title="bbox 1120 2201 1910 2237">
     <span class='ocr_line' id='line_1_89' title="bbox 1120 2201 1910 2237; baseline -0.004 -7"><span class='ocrx_word' id='word_1_677' title='bbox 1120 2203 1166 2230; x_wconf 77' lang='grc' dir='ltr'>καὶ</span> <span class='ocrx_word' id='word_1_678' title='bbox 1180 2202 1227 2229; x_wconf 81' lang='grc' dir='ltr'><strong>τοῦ</strong></span> <span class='ocrx_word' id='word_1_679' title='bbox 1245 2201 1334 2235; x_wconf 77' lang='grc' dir='ltr'>δεξιοῦ</span> <span class='ocrx_word' id='word_1_680' title='bbox 1358 2201 1508 2237; x_wconf 81' lang='grc' dir='ltr'>ποιουμένη</span> <span class='ocrx_word' id='word_1_681' title='bbox 1525 2210 1551 2228; x_wconf 81' lang='grc' dir='ltr'><strong>τι</strong></span> <span class='ocrx_word' id='word_1_682' title='bbox 1572 2201 1742 2237; x_wconf 78' lang='grc' dir='ltr'>δεξιώτερον,</span> <span class='ocrx_word' id='word_1_683' title='bbox 1758 2201 1847 2237; x_wconf 86' lang='grc' dir='ltr'>Ὅπερ</span> <span class='ocrx_word' id='word_1_684' title='bbox 1864 2201 1910 2228; x_wconf 81' lang='grc' dir='ltr'>καὶ</span> 
     </span>
    </p>
   </div>
   <div class='ocr_carea' id='block_1_90' title="bbox 275 2247 1066 2292">
    <p class='ocr_par' dir='ltr' id='par_1_90' title="bbox 275 2247 1066 2285">
     <span class='ocr_line' id='line_1_90' title="bbox 275 2247 1066 2285; baseline -0.006 -7"><span class='ocrx_word' id='word_1_685' title='bbox 275 2250 364 2285; x_wconf 65' lang='lat' dir='ltr'><strong>Eque</strong></span> <span class='ocrx_word' id='word_1_686' title='bbox 376 2250 447 2278; x_wconf 90' lang='lat' dir='ltr'><strong>enim</strong></span> <span class='ocrx_word' id='word_1_687' title='bbox 464 2249 571 2277; x_wconf 89' lang='lat' dir='ltr'><strong>inutiles</strong></span> <span class='ocrx_word' id='word_1_688' title='bbox 587 2253 660 2280; x_wconf 83' lang='lat' dir='ltr'><strong>sunt,</strong></span> <span class='ocrx_word' id='word_1_689' title='bbox 677 2249 750 2276; x_wconf 89' lang='lat' dir='ltr'><strong>iners</strong></span> <span class='ocrx_word' id='word_1_690' title='bbox 770 2255 801 2274; x_wconf 84' lang='lat' dir='ltr'><strong>ac</strong></span> <span class='ocrx_word' id='word_1_691' title='bbox 815 2248 910 2282; x_wconf 88' lang='lat' dir='ltr'><strong>supina</strong></span> <span class='ocrx_word' id='word_1_692' title='bbox 933 2247 1066 2281; x_wconf 79' lang='lat' dir='ltr'><strong>segnities,</strong></span> 
     </span>
    </p>
   </div>
   <div class='ocr_carea' id='block_1_91' title="bbox 1117 2247 1910 2292">
    <p class='ocr_par' dir='ltr' id='par_1_91' title="bbox 1121 2247 1910 2283">
     <span class='ocr_line' id='line_1_91' title="bbox 1121 2247 1910 2283; baseline -0.004 -7"><span class='ocrx_word' id='word_1_693' title='bbox 1121 2250 1134 2276; x_wconf 88' lang='grc' dir='ltr'>ὁ</span> <span class='ocrx_word' id='word_1_694' title='bbox 1149 2249 1219 2280; x_wconf 82' lang='grc' dir='ltr'>θεῖος</span> <span class='ocrx_word' id='word_1_695' title='bbox 1231 2247 1356 2283; x_wconf 86' lang='grc' dir='ltr'>Σολομὼν</span> <span class='ocrx_word' id='word_1_696' title='bbox 1370 2248 1459 2279; x_wconf 85' lang='grc' dir='ltr'>καλῶς</span> <span class='ocrx_word' id='word_1_697' title='bbox 1542 2248 1733 2282; x_wconf 78' lang='grc' dir='ltr'>ἐπιστάμενος,</span> <span class='ocrx_word' id='word_1_698' title='bbox 1746 2247 1794 2281; x_wconf 84' lang='grc' dir='ltr'><strong>Μὴ</strong></span> <span class='ocrx_word' id='word_1_699' title='bbox 1810 2247 1910 2274; x_wconf 74' lang='grc' dir='ltr'>ἐκκλί-</span> 
     </span>
    </p>
   </div>
   <div class='ocr_carea' id='block_1_92' title="bbox 276 2291 1066 2331">
    <p class='ocr_par' dir='ltr' id='par_1_92' title="bbox 276 2291 1066 2331">
     <span class='ocr_line' id='line_1_92' title="bbox 276 2291 1066 2331; baseline -0.008 -7"><span class='ocrx_word' id='word_1_700' title='bbox 276 2302 302 2323; x_wconf 90' lang='lat' dir='ltr'><strong>ct</strong></span> <span class='ocrx_word' id='word_1_701' title='bbox 324 2296 465 2331; x_wconf 90' lang='lat' dir='ltr'><strong>imperitus</strong></span> <span class='ocrx_word' id='word_1_702' title='bbox 482 2295 573 2323; x_wconf 86' lang='lat' dir='ltr'><strong>fervor</strong></span> <span class='ocrx_word' id='word_1_703' title='bbox 594 2303 601 2320; x_wconf 95' lang='lat'>:</span> <span class='ocrx_word' id='word_1_704' title='bbox 623 2294 666 2321; x_wconf 89' lang='lat' dir='ltr'><strong>illa</strong></span> <span class='ocrx_word' id='word_1_705' title='bbox 688 2293 721 2320; x_wconf 89' lang='lat' dir='ltr'><strong>ad</strong></span> <span class='ocrx_word' id='word_1_706' title='bbox 744 2293 844 2320; x_wconf 87' lang='lat' dir='ltr'><strong>bonum</strong></span> <span class='ocrx_word' id='word_1_707' title='bbox 861 2291 971 2319; x_wconf 89' lang='lat' dir='ltr'><strong>minime</strong></span> <span class='ocrx_word' id='word_1_708' title='bbox 987 2299 1066 2318; x_wconf 83' lang='lat' dir='ltr'><strong>acce-</strong></span> 
     </span>
    </p>
   </div>
   <div class='ocr_carea' id='block_1_93' title="bbox 276 2337 1064 2375">
    <p class='ocr_par' dir='ltr' id='par_1_93' title="bbox 276 2337 1064 2375">
     <span class='ocr_line' id='line_1_93' title="bbox 276 2337 1064 2375; baseline -0.006 -6"><span class='ocrx_word' id='word_1_709' title='bbox 276 2343 352 2375; x_wconf 83' lang='lat' dir='ltr'><strong>dens,</strong></span> <span class='ocrx_word' id='word_1_710' title='bbox 374 2342 419 2370; x_wconf 86' lang='lat' dir='ltr'><strong>hic</strong></span> <span class='ocrx_word' id='word_1_711' title='bbox 437 2346 526 2369; x_wconf 90' lang='lat' dir='ltr'><strong>autem</strong></span> <span class='ocrx_word' id='word_1_712' title='bbox 541 2340 655 2368; x_wconf 87' lang='lat' dir='ltr'><strong>ulterius</strong></span> <span class='ocrx_word' id='word_1_713' title='bbox 673 2340 784 2372; x_wconf 87' lang='lat' dir='ltr'><strong>cadens,</strong></span> <span class='ocrx_word' id='word_1_714' title='bbox 807 2346 839 2366; x_wconf 89' lang='lat' dir='ltr'><strong>ac</strong></span> <span class='ocrx_word' id='word_1_715' title='bbox 855 2338 951 2366; x_wconf 86' lang='lat' dir='ltr'><strong>dextro</strong></span> <span class='ocrx_word' id='word_1_716' title='bbox 971 2337 1064 2365; x_wconf 80' lang='lat' dir='ltr'><strong>dexte-</strong></span> 
     </span>
    </p>
   </div>
   <div class='ocr_carea' id='block_1_94' title="bbox 275 2383 1067 2424">
    <p class='ocr_par' dir='ltr' id='par_1_94' title="bbox 275 2383 1067 2424">
     <span class='ocr_line' id='line_1_94' title="bbox 275 2383 1067 2424; baseline -0.008 -7"><span class='ocrx_word' id='word_1_717' title='bbox 275 2390 332 2416; x_wconf 85' lang='lat' dir='ltr'><strong>rius</strong></span> <span class='ocrx_word' id='word_1_718' title='bbox 346 2388 447 2424; x_wconf 88' lang='lat' dir='ltr'><strong>aliquid</strong></span> <span class='ocrx_word' id='word_1_719' title='bbox 462 2387 590 2416; x_wconf 86' lang='lat' dir='ltr'><strong>eﬁiciens.</strong></span> <span class='ocrx_word' id='word_1_720' title='bbox 615 2386 703 2421; x_wconf 86' lang='lat' dir='ltr'><strong>Atque</strong></span> <span class='ocrx_word' id='word_1_721' title='bbox 725 2385 751 2412; x_wconf 93' lang='lat' dir='ltr'><strong>id</strong></span> <span class='ocrx_word' id='word_1_722' title='bbox 777 2385 860 2419; x_wconf 88' lang='lat' dir='ltr'><strong>probe</strong></span> <span class='ocrx_word' id='word_1_723' title='bbox 883 2383 1020 2419; x_wconf 79' lang='lat' dir='ltr'><strong>cognitum</strong></span> <span class='ocrx_word' id='word_1_724' title='bbox 1040 2388 1067 2411; x_wconf 88' lang='lat' dir='ltr'><strong>et</strong></span> 
     </span>
    </p>
   </div>
   <div class='ocr_carea' id='block_1_95' title="bbox 275 2429 1063 2470">
    <p class='ocr_par' dir='ltr' id='par_1_95' title="bbox 275 2429 1063 2470">
     <span class='ocr_line' id='line_1_95' title="bbox 275 2429 1063 2470; baseline -0.009 -7"><span class='ocrx_word' id='word_1_725' title='bbox 275 2436 443 2470; x_wconf 75' lang='lat' dir='ltr'><strong>exploratum</strong></span> <span class='ocrx_word' id='word_1_726' title='bbox 464 2434 565 2463; x_wconf 85' lang='lat' dir='ltr'><strong>habens</strong></span> <span class='ocrx_word' id='word_1_727' title='bbox 582 2433 687 2460; x_wconf 83' lang='lat' dir='ltr'><strong>divinus</strong></span> <span class='ocrx_word' id='word_1_728' title='bbox 709 2431 835 2459; x_wconf 87' lang='lat' dir='ltr'><strong>Salomon</strong></span> <span class='ocrx_word' id='word_1_729' title='bbox 855 2439 862 2457; x_wconf 87' lang='lat'>:</span> <span class='ocrx_word' id='word_1_730' title='bbox 880 2429 922 2457; x_wconf 82' lang='lat' dir='ltr'><strong>Ne</strong></span> <span class='ocrx_word' id='word_1_731' title='bbox 939 2430 1063 2462; x_wconf 77' lang='lat' dir='ltr'><strong>declines,</strong></span> 
     </span>
    </p>
   </div>
   <div class='ocr_carea' id='block_1_96' title="bbox 311 2500 857 2537">
    <p class='ocr_par' dir='ltr' id='par_1_96' title="bbox 311 2500 857 2537">
     <span class='ocr_line' id='line_1_96' title="bbox 311 2500 857 2537; baseline -0.009 -5"><span class='ocrx_word' id='word_1_732' title='bbox 311 2504 334 2520; x_wconf 77' lang='lat'><strong>&quot;</strong></span> <span class='ocrx_word' id='word_1_733' title='bbox 349 2503 433 2532; x_wconf 87' lang='lat' dir='ltr'><strong>lCor.</strong></span> <span class='ocrx_word' id='word_1_734' title='bbox 451 2511 495 2537; x_wconf 82' lang='lat' dir='ltr'><strong>in,</strong></span> <span class='ocrx_word' id='word_1_735' title='bbox 511 2502 539 2530; x_wconf 75' lang='grc'><strong>4.</strong></span> <span class='ocrx_word' id='word_1_736' title='bbox 578 2503 601 2517; x_wconf 70' lang='grc' dir='ltr'><strong>ἰ</strong></span> <span class='ocrx_word' id='word_1_737' title='bbox 620 2501 716 2529; x_wconf 86' lang='lat' dir='ltr'><strong>Matth.</strong></span> <span class='ocrx_word' id='word_1_738' title='bbox 735 2508 796 2534; x_wconf 80' lang='lat' dir='ltr'><strong>xm,</strong></span> <span class='ocrx_word' id='word_1_739' title='bbox 812 2500 857 2527; x_wconf 76' lang='lat'><strong>25.</strong></span> 
     </span>
    </p>
   </div>
   <div class='ocr_carea' id='block_1_97' title="bbox 311 2578 1064 2617">
    <p class='ocr_par' dir='ltr' id='par_1_97' title="bbox 311 2578 1064 2617">
     <span class='ocr_line' id='line_1_97' title="bbox 311 2578 1064 2617; baseline -0.003 -7"><span class='ocrx_word' id='word_1_740' title='bbox 311 2581 369 2617; x_wconf 77' lang='grc'><strong>(50)</strong></span> <span class='ocrx_word' id='word_1_741' title='bbox 389 2581 550 2617; x_wconf 73' lang='grc' dir='ltr'>Ποτιστήν.</span> <span class='ocrx_word' id='word_1_742' title='bbox 567 2581 633 2615; x_wconf 73' lang='lat' dir='ltr'><strong>Reg.</strong></span> <span class='ocrx_word' id='word_1_743' title='bbox 651 2581 708 2612; x_wconf 91' lang='lat' dir='ltr'><strong>bm,</strong></span> <span class='ocrx_word' id='word_1_744' title='bbox 724 2579 771 2617; x_wconf 61' lang='grc' dir='ltr'>Ωιι.</span> <span class='ocrx_word' id='word_1_745' title='bbox 789 2580 815 2610; x_wconf 84' lang='lat' dir='ltr'><strong>l,</strong></span> <span class='ocrx_word' id='word_1_746' title='bbox 834 2578 931 2617; x_wconf 81' lang='lat' dir='ltr'><strong>aliique</strong></span> <span class='ocrx_word' id='word_1_747' title='bbox 948 2582 1064 2608; x_wconf 88' lang='lat' dir='ltr'><strong>nonnul-</strong></span> 
     </span>
    </p>
   </div>
   <div class='ocr_carea' id='block_1_98' title="bbox 275 2615 990 2653">
    <p class='ocr_par' dir='ltr' id='par_1_98' title="bbox 275 2615 990 2653">
     <span class='ocr_line' id='line_1_98' title="bbox 275 2615 990 2653; baseline -0.006 -9"><span class='ocrx_word' id='word_1_748' title='bbox 275 2617 292 2645; x_wconf 89' lang='lat' dir='ltr'><strong>li</strong></span> <span class='ocrx_word' id='word_1_749' title='bbox 306 2615 418 2649; x_wconf 79' lang='lat' dir='ltr'><strong>addunt,</strong></span> <span class='ocrx_word' id='word_1_750' title='bbox 431 2618 448 2653; x_wconf 87' lang='grc' dir='ltr'><strong>ἢ</strong></span> <span class='ocrx_word' id='word_1_751' title='bbox 463 2617 509 2644; x_wconf 81' lang='grc' dir='ltr'><strong>τὸν</strong></span> <span class='ocrx_word' id='word_1_752' title='bbox 523 2616 607 2653; x_wconf 64' lang='grc' dir='ltr'>δεῖνα,</span> <span class='ocrx_word' id='word_1_753' title='bbox 624 2626 633 2643; x_wconf 76' lang='grc' dir='ltr'><strong>ι</strong></span> <span class='ocrx_word' id='word_1_754' title='bbox 651 2619 698 2644; x_wconf 86' lang='lat' dir='ltr'><strong>aut</strong></span> <span class='ocrx_word' id='word_1_755' title='bbox 709 2616 791 2653; x_wconf 79' lang='lat' dir='ltr'><strong>alium</strong></span> <span class='ocrx_word' id='word_1_756' title='bbox 805 2615 960 2649; x_wconf 81' lang='lat' dir='ltr'><strong>quemdam.</strong></span> <span class='ocrx_word' id='word_1_757' title='bbox 975 2624 990 2653; x_wconf 71' lang='lat'><strong>_)</strong></span> 
     </span>
    </p>
   </div>
   <div class='ocr_carea' id='block_1_99' title="bbox 311 2650 1064 2687">
    <p class='ocr_par' dir='ltr' id='par_1_99' title="bbox 311 2650 1064 2687">
     <span class='ocr_line' id='line_1_99' title="bbox 311 2650 1064 2687; baseline 0 -8"><span class='ocrx_word' id='word_1_758' title='bbox 311 2653 367 2687; x_wconf 77' lang='lat' dir='ltr'><strong>(3i)</strong></span> <span class='ocrx_word' id='word_1_759' title='bbox 389 2650 509 2680; x_wconf 59' lang='grc' dir='ltr'><strong>Καιὶρόν.</strong></span> <span class='ocrx_word' id='word_1_760' title='bbox 532 2651 578 2680; x_wconf 87' lang='lat' dir='ltr'><strong>Sic</strong></span> <span class='ocrx_word' id='word_1_761' title='bbox 594 2653 683 2687; x_wconf 85' lang='lat' dir='ltr'><strong>plures</strong></span> <span class='ocrx_word' id='word_1_762' title='bbox 704 2650 812 2687; x_wconf 60' lang='lat' dir='ltr'><strong>optimm</strong></span> <span class='ocrx_word' id='word_1_763' title='bbox 834 2654 906 2687; x_wconf 79' lang='lat' dir='ltr'><strong>notre</strong></span> <span class='ocrx_word' id='word_1_764' title='bbox 932 2651 1010 2678; x_wconf 81' lang='lat' dir='ltr'><strong>codd.</strong></span> <span class='ocrx_word' id='word_1_765' title='bbox 1036 2656 1064 2679; x_wconf 86' lang='lat' dir='ltr'><strong>et</strong></span> 
     </span>
    </p>
   </div>
   <div class='ocr_carea' id='block_1_100' title="bbox 274 2685 1064 2723">
    <p class='ocr_par' dir='ltr' id='par_1_100' title="bbox 274 2685 1064 2723">
     <span class='ocr_line' id='line_1_100' title="bbox 274 2685 1064 2723; baseline -0.001 -9"><span class='ocrx_word' id='word_1_766' title='bbox 274 2685 321 2715; x_wconf 34' lang='lat' dir='ltr'><strong>ed.‘</strong></span> <span class='ocrx_word' id='word_1_767' title='bbox 349 2687 448 2723; x_wconf 78' lang='lat' dir='ltr'><strong>Regius</strong></span> <span class='ocrx_word' id='word_1_768' title='bbox 475 2694 564 2715; x_wconf 89' lang='lat' dir='ltr'><strong>tamen</strong></span> <span class='ocrx_word' id='word_1_769' title='bbox 591 2685 634 2715; x_wconf 85' lang='lat' dir='ltr'><strong>bm</strong></span> <span class='ocrx_word' id='word_1_770' title='bbox 662 2690 690 2714; x_wconf 86' lang='lat' dir='ltr'><strong>et</strong></span> <span class='ocrx_word' id='word_1_771' title='bbox 721 2685 808 2723; x_wconf 21' lang='lat' dir='ltr'><strong>0r.»_l_</strong></span> <span class='ocrx_word' id='word_1_772' title='bbox 834 2685 950 2723; x_wconf 84' lang='lat' dir='ltr'><strong>habent,_</strong></span> <span class='ocrx_word' id='word_1_773' title='bbox 963 2686 1064 2713; x_wconf 84' lang='grc' dir='ltr'>κοινόν.</span> 
     </span>
    </p>
   </div>
   <div class='ocr_carea' id='block_1_101' title="bbox 278 2720 1064 2756">
    <p class='ocr_par' dir='ltr' id='par_1_101' title="bbox 278 2720 1064 2756">
     <span class='ocr_line' id='line_1_101' title="bbox 278 2720 1064 2756; baseline 0 -8"><span class='ocrx_word' id='word_1_774' title='bbox 278 2732 287 2748; x_wconf 84' lang='grc' dir='ltr'><strong>ι</strong></span> <span class='ocrx_word' id='word_1_775' title='bbox 302 2720 460 2756; x_wconf 73' lang='lat' dir='ltr'><strong>commune;</strong></span> <span class='ocrx_word' id='word_1_776' title='bbox 478 2733 487 2749; x_wconf 78' lang='grc' dir='ltr'><strong>ι</strong></span> <span class='ocrx_word' id='word_1_777' title='bbox 508 2723 553 2749; x_wconf 87' lang='lat' dir='ltr'><strong>sed</strong></span> <span class='ocrx_word' id='word_1_778' title='bbox 580 2724 614 2749; x_wconf 87' lang='lat' dir='ltr'><strong>ad</strong></span> <span class='ocrx_word' id='word_1_779' title='bbox 629 2729 714 2755; x_wconf 79' lang='lat' dir='ltr'><strong>marg.</strong></span> <span class='ocrx_word' id='word_1_780' title='bbox 728 2720 865 2756; x_wconf 49' lang='grc' dir='ltr'>εοῐίὺίιυιχ</span> <span class='ocrx_word' id='word_1_781' title='bbox 874 2720 976 2753; x_wconf 85' lang='grc' dir='ltr'>καινόν,</span> <span class='ocrx_word' id='word_1_782' title='bbox 997 2730 1006 2746; x_wconf 80' lang='grc' dir='ltr'><strong>ι</strong></span> <span class='ocrx_word' id='word_1_783' title='bbox 1020 2730 1064 2749; x_wconf 81' lang='lat' dir='ltr'><strong>no.</strong></span> 
     </span>
    </p>
   </div>
   <div class='ocr_carea' id='block_1_102' title="bbox 277 2755 1062 2789">
    <p class='ocr_par' dir='ltr' id='par_1_102' title="bbox 277 2755 1062 2789">
     <span class='ocr_line' id='line_1_102' title="bbox 277 2755 1062 2789; baseline 0 -6"><span class='ocrx_word' id='word_1_784' title='bbox 277 2766 349 2786; x_wconf 86' lang='lat' dir='ltr'><strong>vum.</strong></span> <span class='ocrx_word' id='word_1_785' title='bbox 368 2767 378 2784; x_wconf 71' lang='grc' dir='ltr'><strong>ι</strong></span> <span class='ocrx_word' id='word_1_786' title='bbox 399 2758 473 2785; x_wconf 85' lang='lat' dir='ltr'><strong>lianc</strong></span> <span class='ocrx_word' id='word_1_787' title='bbox 491 2758 613 2784; x_wconf 86' lang='lat' dir='ltr'><strong>ultimam</strong></span> <span class='ocrx_word' id='word_1_788' title='bbox 637 2757 777 2784; x_wconf 86' lang='lat' dir='ltr'><strong>lectionem</strong></span> <span class='ocrx_word' id='word_1_789' title='bbox 798 2755 905 2789; x_wconf 77' lang='lat' dir='ltr'><strong>pra:fert</strong></span> <span class='ocrx_word' id='word_1_790' title='bbox 928 2756 1062 2784; x_wconf 87' lang='lat' dir='ltr'><strong>Comheﬁ-</strong></span> 
     </span>
    </p>
   </div>
   <div class='ocr_carea' id='block_1_103' title="bbox 276 2791 1066 2829">
    <p class='ocr_par' dir='ltr' id='par_1_103' title="bbox 276 2791 1066 2829">
     <span class='ocr_line' id='line_1_103' title="bbox 276 2791 1066 2829; baseline 0 -10"><span class='ocrx_word' id='word_1_791' title='bbox 276 2794 343 2825; x_wconf 83' lang='lat' dir='ltr'><strong>sius,</strong></span> <span class='ocrx_word' id='word_1_792' title='bbox 361 2798 452 2829; x_wconf 86' lang='lat' dir='ltr'><strong>utpote</strong></span> <span class='ocrx_word' id='word_1_793' title='bbox 464 2794 497 2829; x_wconf 80' lang='lat' dir='ltr'><strong>ab</strong></span> <span class='ocrx_word' id='word_1_794' title='bbox 509 2792 577 2829; x_wconf 80' lang='lat' dir='ltr'><strong>Isaia</strong></span> <span class='ocrx_word' id='word_1_795' title='bbox 594 2801 661 2825; x_wconf 73' lang='lat' dir='ltr'><strong>Lxu,</strong></span> <span class='ocrx_word' id='word_1_796' title='bbox 674 2792 703 2823; x_wconf 68' lang='lat'><strong>2,</strong></span> <span class='ocrx_word' id='word_1_797' title='bbox 722 2798 888 2829; x_wconf 34' lang='lat' dir='ltr'><strong>oppressam.</strong></span> <span class='ocrx_word' id='word_1_798' title='bbox 904 2791 941 2818; x_wconf 88' lang='lat' dir='ltr'><strong>Ea</strong></span> <span class='ocrx_word' id='word_1_799' title='bbox 962 2793 1066 2829; x_wconf 79' lang='lat' dir='ltr'><strong>ratione</strong></span> 
     </span>
    </p>
   </div>
   <div class='ocr_carea' id='block_1_104' title="bbox 276 2825 1066 2861">
    <p class='ocr_par' dir='ltr' id='par_1_104' title="bbox 276 2825 1066 2861">
     <span class='ocr_line' id='line_1_104' title="bbox 276 2825 1066 2861; baseline -0.001 -7"><span class='ocrx_word' id='word_1_800' title='bbox 276 2829 310 2854; x_wconf 88' lang='lat' dir='ltr'><strong>ab</strong></span> <span class='ocrx_word' id='word_1_801' title='bbox 330 2825 398 2856; x_wconf 68' lang='lat' dir='ltr'><strong>Elia&#39;</strong></span> <span class='ocrx_word' id='word_1_802' title='bbox 413 2828 526 2861; x_wconf 85' lang='lat' dir='ltr'><strong>probata</strong></span> <span class='ocrx_word' id='word_1_803' title='bbox 541 2827 640 2859; x_wconf 85' lang='lat' dir='ltr'><strong>fuerat,</strong></span> <span class='ocrx_word' id='word_1_804' title='bbox 660 2831 689 2854; x_wconf 92' lang='lat' dir='ltr'><strong>ut</strong></span> <span class='ocrx_word' id='word_1_805' title='bbox 706 2834 720 2853; x_wconf 84' lang='lat' dir='ltr'><strong>a</strong></span> <span class='ocrx_word' id='word_1_806' title='bbox 741 2825 819 2852; x_wconf 86' lang='lat' dir='ltr'><strong>Billio</strong></span> <span class='ocrx_word' id='word_1_807' title='bbox 839 2826 992 2861; x_wconf 85' lang='lat' dir='ltr'><strong>adnotatur.</strong></span> <span class='ocrx_word' id='word_1_808' title='bbox 1006 2827 1066 2861; x_wconf 87' lang='lat' dir='ltr'><strong>Ipse</strong></span> 
     </span>
    </p>
   </div>
   <div class='ocr_carea' id='block_1_105' title="bbox 277 2860 1065 2898">
    <p class='ocr_par' dir='ltr' id='par_1_105' title="bbox 277 2860 1065 2898">
     <span class='ocr_line' id='line_1_105' title="bbox 277 2860 1065 2898; baseline -0.001 -9"><span class='ocrx_word' id='word_1_809' title='bbox 277 2868 366 2890; x_wconf 85' lang='lat' dir='ltr'><strong>tamen</strong></span> <span class='ocrx_word' id='word_1_810' title='bbox 380 2860 484 2896; x_wconf 78' lang='lat' dir='ltr'><strong>Billius,</strong></span> <span class='ocrx_word' id='word_1_811' title='bbox 500 2863 600 2898; x_wconf 80' lang='grc' dir='ltr'>κοινόν,</span> <span class='ocrx_word' id='word_1_812' title='bbox 616 2861 743 2898; x_wconf 62' lang='lat' dir='ltr'><strong>praetulit,</strong></span> <span class='ocrx_word' id='word_1_813' title='bbox 759 2866 786 2888; x_wconf 90' lang='lat' dir='ltr'><strong>et</strong></span> <span class='ocrx_word' id='word_1_814' title='bbox 797 2860 877 2888; x_wconf 79' lang='lat' dir='ltr'><strong>vertit</strong></span> <span class='ocrx_word' id='word_1_815' title='bbox 895 2868 902 2887; x_wconf 76' lang='grc' dir='ltr'><strong>ι</strong></span> <span class='ocrx_word' id='word_1_816' title='bbox 920 2870 929 2887; x_wconf 76' lang='grc' dir='ltr'><strong>ι</strong></span> <span class='ocrx_word' id='word_1_817' title='bbox 945 2868 1065 2889; x_wconf 91' lang='lat' dir='ltr'><strong>commu-</strong></span> 
     </span>
    </p>
   </div>
   <div class='ocr_carea' id='block_1_106' title="bbox 275 2898 578 2928">
    <p class='ocr_par' dir='ltr' id='par_1_106' title="bbox 275 2898 578 2928">
     <span class='ocr_line' id='line_1_106' title="bbox 275 2898 578 2928; baseline -0.003 -2"><span class='ocrx_word' id='word_1_818' title='bbox 275 2899 304 2926; x_wconf 86' lang='lat' dir='ltr'><strong>ni</strong></span> <span class='ocrx_word' id='word_1_819' title='bbox 315 2899 416 2928; x_wconf 81' lang='lat' dir='ltr'><strong>Christi</strong></span> <span class='ocrx_word' id='word_1_820' title='bbox 430 2898 549 2927; x_wconf 90' lang='lat' dir='ltr'><strong>nomine.</strong></span> <span class='ocrx_word' id='word_1_821' title='bbox 567 2907 578 2924; x_wconf 79' lang='grc'>›</span> 
     </span>
    </p>
   </div>
   <div class='ocr_carea' id='block_1_107' title="bbox 1120 2293 1908 2329">
    <p class='ocr_par' dir='ltr' id='par_1_107' title="bbox 1120 2293 1908 2329">
     <span class='ocr_line' id='line_1_107' title="bbox 1120 2293 1908 2329; baseline -0.001 -8"><span class='ocrx_word' id='word_1_822' title='bbox 1120 2303 1188 2328; x_wconf 72' lang='lat' dir='ltr'><strong>rm,</strong></span> <span class='ocrx_word' id='word_1_823' title='bbox 1207 2295 1299 2329; x_wconf 71' lang='grc' dir='ltr'>φησὶν,</span> <span class='ocrx_word' id='word_1_824' title='bbox 1317 2296 1361 2327; x_wconf 81' lang='grc' dir='ltr'><strong>εἰς</strong></span> <span class='ocrx_word' id='word_1_825' title='bbox 1376 2294 1412 2321; x_wconf 82' lang='grc' dir='ltr'>τὰ</span> <span class='ocrx_word' id='word_1_826' title='bbox 1429 2294 1529 2326; x_wconf 80' lang='grc' dir='ltr'>δεξιὰ,</span> <span class='ocrx_word' id='word_1_827' title='bbox 1548 2294 1617 2328; x_wconf 75' lang='grc' dir='ltr'>μηδ’</span> <span class='ocrx_word' id='word_1_828' title='bbox 1638 2295 1681 2327; x_wconf 77' lang='grc' dir='ltr'>εἰς</span> <span class='ocrx_word' id='word_1_829' title='bbox 1694 2294 1731 2320; x_wconf 84' lang='grc' dir='ltr'>τὰ</span> <span class='ocrx_word' id='word_1_830' title='bbox 1751 2293 1908 2328; x_wconf 80' lang='grc' dir='ltr'>ἀριστερά·</span> 
     </span>
    </p>
   </div>
   <div class='ocr_carea' id='block_1_108' title="bbox 1121 2339 1909 2376">
    <p class='ocr_par' dir='ltr' id='par_1_108' title="bbox 1121 2339 1909 2376">
     <span class='ocr_line' id='line_1_108' title="bbox 1121 2339 1909 2376; baseline -0.001 -10"><span class='ocrx_word' id='word_1_831' title='bbox 1121 2340 1187 2376; x_wconf 80' lang='grc' dir='ltr'>μηδὲ</span> <span class='ocrx_word' id='word_1_832' title='bbox 1207 2340 1253 2366; x_wconf 84' lang='grc' dir='ltr'>διὰ</span> <span class='ocrx_word' id='word_1_833' title='bbox 1263 2340 1316 2367; x_wconf 85' lang='grc' dir='ltr'>τῶν</span> <span class='ocrx_word' id='word_1_834' title='bbox 1329 2340 1458 2367; x_wconf 74' lang='grc' dir='ltr'>ἐναντίων</span> <span class='ocrx_word' id='word_1_835' title='bbox 1474 2341 1514 2372; x_wconf 85' lang='grc' dir='ltr'><strong>εἰς</strong></span> <span class='ocrx_word' id='word_1_836' title='bbox 1527 2340 1612 2367; x_wconf 82' lang='grc' dir='ltr'>κακὸν</span> <span class='ocrx_word' id='word_1_837' title='bbox 1629 2340 1685 2366; x_wconf 79' lang='grc' dir='ltr'>ἴσον</span> <span class='ocrx_word' id='word_1_838' title='bbox 1705 2339 1828 2376; x_wconf 80' lang='grc' dir='ltr'>ὲμπέσῃς</span> <span class='ocrx_word' id='word_1_839' title='bbox 1844 2339 1909 2375; x_wconf 78' lang='lat'><strong>(56),</strong></span> 
     </span>
    </p>
   </div>
   <div class='ocr_carea' id='block_1_109' title="bbox 1117 2384 1908 2422">
    <p class='ocr_par' dir='ltr' id='par_1_109' title="bbox 1117 2384 1908 2422">
     <span class='ocr_line' id='line_1_109' title="bbox 1117 2384 1908 2422; baseline -0.004 -8"><span class='ocrx_word' id='word_1_840' title='bbox 1117 2386 1167 2422; x_wconf 84' lang='grc' dir='ltr'>τὴν</span> <span class='ocrx_word' id='word_1_841' title='bbox 1188 2387 1334 2422; x_wconf 81' lang='grc' dir='ltr'>ἁμαρτίαν.</span> <span class='ocrx_word' id='word_1_842' title='bbox 1355 2387 1485 2421; x_wconf 79' lang='grc' dir='ltr'>Καίτοιγε</span> <span class='ocrx_word' id='word_1_843' title='bbox 1509 2386 1539 2412; x_wconf 84' lang='grc' dir='ltr'>τὸ</span> <span class='ocrx_word' id='word_1_844' title='bbox 1561 2386 1640 2420; x_wconf 78' lang='grc' dir='ltr'>φύσει</span> <span class='ocrx_word' id='word_1_845' title='bbox 1666 2385 1752 2418; x_wconf 81' lang='grc' dir='ltr'>δεξιὸν</span> <span class='ocrx_word' id='word_1_846' title='bbox 1773 2384 1908 2417; x_wconf 78' lang='grc' dir='ltr'>ἐπαινῶν,</span> 
     </span>
    </p>
   </div>
   <div class='ocr_carea' id='block_1_110' title="bbox 1124 2430 1907 2468">
    <p class='ocr_par' dir='ltr' id='par_1_110' title="bbox 1124 2430 1907 2468">
     <span class='ocr_line' id='line_1_110' title="bbox 1124 2430 1907 2468; baseline 0 -10"><span class='ocrx_word' id='word_1_847' title='bbox 1124 2432 1230 2466; x_wconf 82' lang='grc' dir='ltr'>Ὁδοὺς</span> <span class='ocrx_word' id='word_1_848' title='bbox 1249 2432 1321 2468; x_wconf 73' lang='grc' dir='ltr'>γὰρ,</span> <span class='ocrx_word' id='word_1_849' title='bbox 1341 2433 1426 2468; x_wconf 70' lang='grc' dir='ltr'>φησὶ,</span> <span class='ocrx_word' id='word_1_850' title='bbox 1441 2431 1496 2465; x_wconf 83' lang='grc' dir='ltr'>τὰς</span> <span class='ocrx_word' id='word_1_851' title='bbox 1509 2432 1544 2458; x_wconf 72' lang='grc' dir='ltr'>ἐκ</span> <span class='ocrx_word' id='word_1_852' title='bbox 1560 2431 1669 2463; x_wconf 77' lang='grc' dir='ltr'><strong>δεξιῶν</strong></span> <span class='ocrx_word' id='word_1_853' title='bbox 1686 2430 1768 2458; x_wconf 76' lang='grc' dir='ltr'>οἶδεν</span> <span class='ocrx_word' id='word_1_854' title='bbox 1783 2432 1800 2458; x_wconf 82' lang='grc' dir='ltr'><em>ὁ</em></span> <span class='ocrx_word' id='word_1_855' title='bbox 1821 2431 1907 2463; x_wconf 86' lang='grc' dir='ltr'>Θεός·</span> 
     </span>
    </p>
   </div>
   <div class='ocr_carea' id='block_1_111' title="bbox 1155 2573 1909 2614">
    <p class='ocr_par' dir='ltr' id='par_1_111' title="bbox 1155 2573 1909 2614">
     <span class='ocr_line' id='line_1_111' title="bbox 1155 2573 1909 2614; baseline -0.007 -9"><span class='ocrx_word' id='word_1_856' title='bbox 1155 2577 1211 2614; x_wconf 71' lang='grc'><strong>(32)</strong></span> <span class='ocrx_word' id='word_1_857' title='bbox 1233 2577 1405 2614; x_wconf 48' lang='grc' dir='ltr'><strong>Ιἶέυιιῖισνῑζον,</strong></span> <span class='ocrx_word' id='word_1_858' title='bbox 1427 2575 1529 2614; x_wconf 34' lang='grc' dir='ltr'>καὶρῖὸ</span> <span class='ocrx_word' id='word_1_859' title='bbox 1539 2575 1670 2614; x_wconf 59' lang='grc' dir='ltr'>λιτίσμα,</span> <span class='ocrx_word' id='word_1_860' title='bbox 1693 2575 1742 2614; x_wconf 53' lang='grc' dir='ltr'>καὶ</span> <span class='ocrx_word' id='word_1_861' title='bbox 1761 2573 1794 2614; x_wconf 71' lang='grc' dir='ltr'>τῤ</span> <span class='ocrx_word' id='word_1_862' title='bbox 1814 2573 1909 2614; x_wconf 50' lang='lat' dir='ltr'><strong>{vidri-</strong></span> 
     </span>
    </p>
   </div>
   <div class='ocr_carea' id='block_1_112' title="bbox 1116 2609 1908 2648">
    <p class='ocr_par' dir='ltr' id='par_1_112' title="bbox 1116 2609 1908 2648">
     <span class='ocr_line' id='line_1_112' title="bbox 1116 2609 1908 2648; baseline -0.006 -8"><span class='ocrx_word' id='word_1_863' title='bbox 1116 2609 1186 2648; x_wconf 54' lang='lat' dir='ltr'><strong>ycia</strong></span> <span class='ocrx_word' id='word_1_864' title='bbox 1200 2609 1248 2639; x_wconf 60' lang='grc' dir='ltr'>καὶ</span> <span class='ocrx_word' id='word_1_865' title='bbox 1261 2612 1293 2639; x_wconf 75' lang='grc' dir='ltr'>τὸ</span> <span class='ocrx_word' id='word_1_866' title='bbox 1306 2612 1463 2648; x_wconf 63' lang='grc' dir='ltr'>ἐνέργημα.</span> <span class='ocrx_word' id='word_1_867' title='bbox 1479 2610 1525 2637; x_wconf 87' lang='lat' dir='ltr'><strong>Sic</strong></span> <span class='ocrx_word' id='word_1_868' title='bbox 1539 2610 1606 2648; x_wconf 69' lang='lat' dir='ltr'><strong>Reg.</strong></span> <span class='ocrx_word' id='word_1_869' title='bbox 1619 2611 1662 2648; x_wconf 82' lang='lat' dir='ltr'><strong>bm</strong></span> <span class='ocrx_word' id='word_1_870' title='bbox 1673 2613 1700 2636; x_wconf 90' lang='lat' dir='ltr'><strong>et</strong></span> <span class='ocrx_word' id='word_1_871' title='bbox 1710 2609 1758 2648; x_wconf 70' lang='grc' dir='ltr'><strong>φτ.</strong></span> <span class='ocrx_word' id='word_1_872' title='bbox 1775 2610 1800 2636; x_wconf 81' lang='grc' dir='ltr'><strong>Ι.</strong></span> <span class='ocrx_word' id='word_1_873' title='bbox 1814 2609 1840 2635; x_wconf 89' lang='lat' dir='ltr'><strong>lu</strong></span> <span class='ocrx_word' id='word_1_874' title='bbox 1850 2610 1908 2648; x_wconf 30' lang='lat' dir='ltr'><strong>edn.</strong></span> 
     </span>
    </p>
   </div>
   <div class='ocr_carea' id='block_1_113' title="bbox 1118 2643 1911 2692">
    <p class='ocr_par' dir='ltr' id='par_1_113' title="bbox 1118 2643 1911 2692">
     <span class='ocr_line' id='line_1_113' title="bbox 1118 2643 1911 2692; baseline -0.008 -17"><span class='ocrx_word' id='word_1_875' title='bbox 1118 2643 1254 2692; x_wconf 60' lang='grc' dir='ltr'>ᾷκτιστον,</span> <span class='ocrx_word' id='word_1_876' title='bbox 1273 2648 1320 2674; x_wconf 76' lang='grc' dir='ltr'>καὶ</span> <span class='ocrx_word' id='word_1_877' title='bbox 1346 2643 1384 2674; x_wconf 64' lang='grc' dir='ltr'>’ξδ’</span> <span class='ocrx_word' id='word_1_878' title='bbox 1399 2643 1538 2682; x_wconf 72' lang='grc' dir='ltr'>ὁμότιμον,</span> <span class='ocrx_word' id='word_1_879' title='bbox 1559 2643 1607 2673; x_wconf 81' lang='grc' dir='ltr'>καὶ</span> <span class='ocrx_word' id='word_1_880' title='bbox 1627 2645 1656 2672; x_wconf 83' lang='grc' dir='ltr'>τὸ</span> <span class='ocrx_word' id='word_1_881' title='bbox 1677 2645 1792 2679; x_wconf 78' lang='grc' dir='ltr'>κτίσμα,</span> <span class='ocrx_word' id='word_1_882' title='bbox 1811 2644 1861 2670; x_wconf 77' lang='grc' dir='ltr'>καὶ</span> <span class='ocrx_word' id='word_1_883' title='bbox 1882 2643 1911 2670; x_wconf 78' lang='grc' dir='ltr'>τὸ</span> 
     </span>
    </p>
   </div>
   <div class='ocr_carea' id='block_1_114' title="bbox 1118 2692 1910 2755">
    <p class='ocr_par' dir='ltr' id='par_1_114' title="bbox 1118 2692 1910 2755">
     <span class='ocr_line' id='line_1_114' title="bbox 1118 2692 1910 2755; baseline -0.006 -9"><span class='ocrx_word' id='word_1_884' title='bbox 1118 2692 1487 2755; x_wconf 19' lang='grc' dir='ltr'>Ξίῖἓὲῗῆἒποπέμπεσθαι.</span> <span class='ocrx_word' id='word_1_885' title='bbox 1511 2716 1573 2746; x_wconf 79' lang='lat' dir='ltr'><strong>Bas.</strong></span> <span class='ocrx_word' id='word_1_886' title='bbox 1599 2721 1626 2743; x_wconf 89' lang='lat' dir='ltr'><strong>et</strong></span> <span class='ocrx_word' id='word_1_887' title='bbox 1649 2714 1755 2747; x_wconf 85' lang='lat' dir='ltr'><strong>Comb.,</strong></span> <span class='ocrx_word' id='word_1_888' title='bbox 1784 2713 1910 2742; x_wconf 78' lang='grc' dir='ltr'>ἀποτίθε-</span> 
     </span>
    </p>
   </div>
   <div class='ocr_carea' id='block_1_115' title="bbox 1119 2753 1739 2822">
    <p class='ocr_par' dir='ltr' id='par_1_115' title="bbox 1119 2753 1739 2822">
     <span class='ocr_line' id='line_1_115' title="bbox 1119 2753 1739 2822; baseline -0.008 -6"><span class='ocrx_word' id='word_1_889' title='bbox 1119 2753 1211 2822; x_wconf 51' lang='lat' dir='ltr'><strong>cogi.)</strong></span> <span class='ocrx_word' id='word_1_890' title='bbox 1232 2789 1340 2820; x_wconf 82' lang='grc' dir='ltr'><em>Ὕπνῳ.</em></span> <span class='ocrx_word' id='word_1_891' title='bbox 1352 2787 1435 2815; x_wconf 85' lang='lat' dir='ltr'><strong>Coisl.</strong></span> <span class='ocrx_word' id='word_1_892' title='bbox 1454 2788 1467 2814; x_wconf 69' lang='lat' dir='ltr'><strong>Jl</strong></span> <span class='ocrx_word' id='word_1_893' title='bbox 1481 2787 1625 2819; x_wconf 88' lang='lat' dir='ltr'><strong>etComb.,</strong></span> <span class='ocrx_word' id='word_1_894' title='bbox 1643 2785 1739 2812; x_wconf 75' lang='grc' dir='ltr'>ὕπνου.</span> 
     </span>
    </p>
   </div>
   <div class='ocr_carea' id='block_1_116' title="bbox 1154 2822 1594 2860">
    <p class='ocr_par' dir='ltr' id='par_1_116' title="bbox 1154 2822 1594 2860">
     <span class='ocr_line' id='line_1_116' title="bbox 1154 2822 1594 2860; baseline -0.009 -8"><span class='ocrx_word' id='word_1_895' title='bbox 1230 2823 1344 2860; x_wconf 70' lang='grc' dir='ltr'>Καλῶς.</span> <span class='ocrx_word' id='word_1_896' title='bbox 1361 2823 1439 2860; x_wconf 71' lang='lat' dir='ltr'><strong>Deest</strong></span> <span class='ocrx_word' id='word_1_897' title='bbox 1459 2822 1547 2860; x_wconf 82' lang='lat' dir='ltr'><strong>in_OI‘.</strong></span> <span class='ocrx_word' id='word_1_898' title='bbox 1569 2822 1594 2849; x_wconf 82' lang='grc'><strong>1.</strong></span> 
     </span>
    </p>
   </div>
   <div class='ocr_carea' id='block_1_117' title="bbox 1153 2855 1684 2895">
    <p class='ocr_par' dir='ltr' id='par_1_117' title="bbox 1153 2855 1684 2895">
     <span class='ocr_line' id='line_1_117' title="bbox 1153 2855 1684 2895; baseline -0.011 -8"><span class='ocrx_word' id='word_1_899' title='bbox 1153 2855 1209 2895; x_wconf 64' lang='grc' dir='ltr'><strong>(ὅϐἱ</strong></span> <span class='ocrx_word' id='word_1_900' title='bbox 1234 2859 1395 2893; x_wconf 72' lang='grc' dir='ltr'><strong>Ἐαπέσῃς.</strong></span> <span class='ocrx_word' id='word_1_901' title='bbox 1412 2859 1468 2886; x_wconf 90' lang='lat' dir='ltr'><strong>Duo</strong></span> <span class='ocrx_word' id='word_1_902' title='bbox 1480 2857 1577 2893; x_wconf 75' lang='lat' dir='ltr'><strong>Regg.,</strong></span> <span class='ocrx_word' id='word_1_903' title='bbox 1588 2855 1684 2892; x_wconf 81' lang='grc' dir='ltr'>πέσῃς.</span> 
     </span>
    </p>
   </div>
  </div>
