2029 3127
120 178 167 205 181

465 182 597 211 ORATIO
616 183 725 212 XXXII.
745 200 781 206 -—
800 185 845 213 DE
864 186 1113 216 MODERATIONE
1133 189 1165 217 IN
1185 189 1415 219 DlSPUTANDO.

1703 190 1756 217 i89.

117 240 352 274 ὄιεστραμμέναι
366 241 400 268 δέ
416 243 495 269 εἰσιν
509 244 538 270 αἱ
554 243 589 275 ἐξ
601 243 775 278 ἀριστερῶν.
794 245 855 277 Πῶς
868 243 914 273 οὖν

967 247 1093 282 inquit",
1110 249 1145 275 ad
1158 249 1302 282 dexteram,
1321 256 1400 283 neque
1424 247 1458 274 ad
1474 247 1606 273 sinistram
1620 253 1629 273 :
1644 254 1693 274 nec
1709 254 1757 281 per

117 287 225 312 ἐπαινεί
240 286 270 312 τὸ
286 286 383 319 δεξιὸν,
401 288 450 314 καὶ
463 289 565 323 ἀπάγει
582 289 662 317 πάλιν
674 290 720 317 τοῦ
736 291 822 324 δεξιοῦ
834 292 910 327 (37);

117 330 220 357 Τούτου
236 331 338 367 δηλαδὴ
345 333 396 359 ,τοῦ
409 334 572 369 φαινομένου
587 335 686 368 δεξιοῦ,
700 337 748 363 καὶ
761 337 810 363 οὐκ
825 337 909 369 ὄντος.

116 377 216 414 Προςό
237 379 344 414 βλέπων
368 379 492 415 ἑτέρωθι,
514 380 562 414 Μὴ
581 381 667 415 γίνου
688 381 803 416 δίκαιος
820 384 911 416 πολὺ,

117 424 197 460 φησὶ,
207 425 286 459 μηδὲ
299 425 422 459 σοφίζυυ
435 427 575 460 περισσά.
591 427 628 454 Τὸ
640 427 694 463 γὰρ
706 428 771 454 αὑτὸ
786 429 832 456 καὶ
848 430 912 465 περὶ

117 470 305 507 δικαιοσύνην,
324 471 370 498 καὶ
385 472 450 508 περὶ
469 472 565 506 σοφίαν
586 473 681 505 πάθος,
697 474 831 510 θερμότης
848 476 912 510 περὶ

119 516 219 552 πρᾶξιν
245 517 291 544 καὶ
312 517 400 551 λόγον,
425 518 477 551 ἔξω
501 518 548 545 τοῦ
573 519 656 546 καλοῦ
676 520 792 555 καὶτῆς
812 521 913 556 ἀρετῆς

119 563 152 589 δι’
169 563 324 599 ὑπερὸολὴν
342 564 398 598 (58)
421 565 571 592 πίπτουσα.
589 562 627 601 ’ᾘ
649 566 696 594 καὶ
711 567 742 593 τὸ
761 567 850 594 ἐνδέον
867 568 914 594 καὶ

119 608 150 635 τὸ
177 608 347 642 ὑπερϐάλλον
373 609 474 644 ὁμοίως
501 610 672 645 λυμαίνεται,
691 611 786 647 ὥσπερ
805 613 851 639 καὶ
875 613 914 648 τῷ

121 653 213 680 κανόνι
231 654 375 690 πρόσθεσις
389 654 405 690 ἦ
424 655 567 691 ὑφαίρεσις
580 656 648 691 (59).

966 294 1098 320 romraria
1122 295 1148 321 in
1165 294 1268 329 aequale
1282 294 1394 326 malum,
1419 293 1470 320 hoc
1490 297 1543 325 est,
1558 292 1584 319 in
1593 291 1758 326 'peccatum,

965 339 1078 366 incidas.
1102 339 1262 374 Quanquam
1288 339 1399 374 alioqui,
1420 338 1491 374 quod
1513 342 1610 366 natura
1633 337 1758 365 dextrum

966 390 1018 418 est,
1046 385 1089 412 his
1114 385 1204 413 verbis
1217 385 1310 413 laudat
1327 393 1335 412 :
1354 385 1418 412 Viae
1444 385 1524 418 enim,
1545 391 1603 419 quae
1627 391 1644 410 α
1659 383 1758 410 dextris

965 435 1036 464 sunt,
1051 431 1117 458 novit
1147 432 1215 460 Deus
1232 441 1242 460 :
1256 440 1381 467 perversa
1404 436 1491 459 autem
1505 434 1578 464 sunt,
1592 437 1650 465 qua!
1666 438 1682 456 rt
1698 429 1760 456 sini-

965 478 1025 504 stris
1034 478 1133 505 sunt“.
1147 477 1196 511 Qui
1206 478 1372 512 titigitur,ut
1382 477 1428 512 qui
1443 475 1677 508 dextrumlaudat,
1687 475 1758 502 idem

966 531 1074 550 rursum
1097 531 1112 550 a
1135 525 1230 551 dextro
1249 531 1299 552 nos
1323 523 1458 551 abducat?
1483 522 1609 556 lntelligit
1636 521 1759 556 profecto

967 569 1038 603 quod
1049 570 1135 596 dextri
1158 571 1275 605 speciem
1287 570 1377 602 habet,
1395 577 1456 597 cum
1470 576 1564 597 revera
1581 568 1634 595 tale
1644 575 1697 595 non
1711 568 1757 596 sit.

967 615 1043 648 Quod
1055 616 1138 643 etiam
1153 621 1278 651 spectans
1296 616 1349 643 alio
1364 616 1424 644 loco
1438 616 1525 650 inquit
1540 623 1548 642 :
1566 614 1608 642 Ne
1619 622 1759 649 magnope-

968 668 996 687 re
1020 660 1110 694 justus
1138 662 1185 693 sis,
1210 669 1256 688 nec
1281 669 1360 694 supra
1386 661 1493 688 modum
1522 660 1626 695 sapiens
1645 660 1679 687 ³⁷.
1705 659 1759 687 Par

121 702 221 729 etenim
239 701 352 736 iustitia;
368 707 450 737 atque
469 704 609 737 sapientiae
622 704 815 732 detrimentum
835 705 913 733 aliert
935 708 1016 739 acris,
1032 713 1086 735 tam
1102 709 1128 736 in
1149 708 1231 744 584
1243 709 1358 740 actione,
1389 716 1469 743 quam
1502 708 1529 735 in
1546 715 1681 742 sermone,
1697 708 1758 734 ani-

121 750 157 776 mi
176 750 301 784 impetus,
317 758 331 777 a
343 750 414 778 bono
443 758 539 786 nempe
557 756 583 779 et
600 759 615 778 a
632 752 732 780 virtute
764 758 873 788 propter
892 761 1033 782 excessum
1066 756 1203 784 excidens.
1237 755 1312 784 Hanc
1331 755 1402 783 enim
1437 755 1556 784 defectus
1583 759 1611 783 et
1631 761 1760 789 excessu.

121 803 247 831 peraeque
263 797 436 829 labefactant.
457 806 508 826 non
531 806 610 826 secus
630 807 661 827 ac
678 799 796 834 regulam
813 800 915 828 additio
934 801 1021 837 aliqua
1036 807 1081 829 aut
1093 803 1252 831 subtractio.

156 844 194 870 Z'.
211 844 312 878 Μηδεὶς
332 842 379 872 οὖν
400 845 470 872 ἔστω
484 845 565 872 πλέον
588 846 605 882 ἢ
623 846 714 878 καλῶς
737 846 794 882 ἔχει
821 847 913 881 σοφὸς,

1004 848 1060 876 VII.
1076 849 1160 877 Nemo
1176 850 1256 885 igitur
1277 851 1425 886 sapientior
1441 850 1487 884 sit,
1503 857 1582 885 quam
1604 850 1759 881 conveniat.

121 888 190 924 μηδὲ
221 889 267 915 τοῦ
293 889 376 925 νόμου
401 890 599 926 νομιμώτερος,
632 892 699 927 μηδὲ
727 892 915 928 λαμπρότερος

120 934 167 961 τοῦ
188 935 277 969 φωτὸς
301 935 369 970 (11)),
388 936 456 972 μηδὲ
476 936 523 963 τοῦ
543 937 654 969 κανόνος
671 937 826 974 εὐθύτερος.
849 939 915 974 μηδὲ

120 980 170 1015 τῆς
185 981 295 1016 ἐντολῆς
312 981 489 1018 ὑψηλότερος.
504 982 601 1009 Ἔσται
616 983 644 1009 δὲ
658 983 738 1010 τοῦτο
753 984 829 1016 πῶς;
853 985 915 1011 Ἐὰν

121 1027 238 1062 εἰδῶμεν
255 1027 357 1063 κόσμον
372 1027 442 1063 (41),
460 1028 507 1055 καὶ
523 1029 679 1064 ὲπαινῶμεν
693 1029 800 1065 φύσεως
823 1031 914 1066 νόμον,

122 1072 167 1099 καὶ
191 1071 323 1108 έπώμεθα
347 1072 428 1108 λόγῳ,
452 1074 551 1109 καὶμὴ
574 1074 752 1110 ἀτιμάζωμεν
778 1075 915 1108 εὐταξίαν.

128 1118 296 1153 Ἐμϐλέψατε
322 1119 362 1150 εις
384 1119 430 1145 τὸν
451 1119 565 1154 οὐρανὸν
593 1119 659 1151 ἅνω,
676 1121 722 1147 καὶ
743 1122 782 1153 εἰς
803 1121 851 1156 τὴν
864 1122 916 1157 γῆν

123 1163 208 1196 κάτω,
224 1165 270 1190 διαὶ
287 1165 441 1201 ἐννοήσατε,
454 1165 512 1197 πῶς
526 1167 640 1202 συνέστη
652 1167 682 1193 τὺ
696 1169 759 1198 πᾶν.
777 1169 824 1194 καὶ
841 1169 914 1200 ὅθεν,

123 1211 171 1238 καὶ
186 1211 212 1237 τι
230 1211 282 1247 πρὸ
296 1211 347 1246 τῆς
364 1212 571 1248 διακοσμήσεως
592 1211 635 1249 ἦν,
656 1214 703 1241 καὶ
718 1214 744 1241 τί
766 1214 811 1241 νῦν
832 1215 916 1251 ὗνομα

122 1256 161 1292 τῷ
176 1257 267 1284 παντί.
289 1257 370 1290 Τάξει
386 1258 420 1285 τὰ
438 1259 528 1286 πάντα
547 1259 725 1296 διεκοσμήθη,
743 1261 799 1292 καὶ,
824 1262 838 1288 ὁ
859 1261 916 1288 δια-

122 1304 265 1339 κοσμήσας
293 1304 396 1338 Λόγος’
426 1306 547 1340 καίτοιγε
579 1306 617 1338 ὡς
640 1307 669 1332 ἐν
692 1307 725 1333 τὰ
755 1307 843 1334 πάντα
869 1308 916 1334 καὶ

121 1348 229 1385 ἁθρόως
247 1349 399 1385 ὑποστῆναι
415 1350 528 1377 δυνατὸν
545 1348 579 1386 ἦν
601 1351 633 1386 (ὁ
652 1351 706 1387 γὰρ
721 1352 777 1387 (42)
792 1354 847 1384 τοῖς
866 1352 916 1379 οὐκ

121 1394 180 1423 οὖσι
193 1397 224 1422 τὺ
241 1394 311 1423 εἶναι
329 1397 401 1428 δοὺς,
417 1397 464 1423 καὶ
480 1398 535 1429 τοῖς
546 1397 702 1432 γενομένοις
716 1398 765 1430 τὰς
782 1398 853 1429 ἰδέας
868 1399 915 1424 καὶ

123 1443 159 1470 τὰ
172 1444 311 1479 σχήματα,
324 1443 378 1470 οὐδ’
399 1443 466 1479 ὁμοῦ
479 1444 510 1470 τὺ
528 1444 582 1470 πᾶν
597 1444 733 1476 ἀναδεῖξαι
748 1445 795 1471 καὶ
811 1445 916 1471 διακοσ-

123 1490 208 1525 μῆσαι
224 1489 340 1525 ἀσθενὴς
359 1487 411 1525 ἦν)
424 1498 432 1506 ·
446 1489 514 1516 ἀλλὰ
533 1490 577 1516 διὰ
595 1489 674 1517 τοῦτο
691 1490 797 1525 πρῶτόν
821 1499 846 1516 τι
869 1491 915 1517 καὶ.

966 902 1016 923 nec
1033 895 1091 930 lege
1107 896 1239 930 exactior,
1259 903 1309 923 nec
1324 896 1385 923 luce
1402 895 1577 931 splendidior,
1592 903 1642 922 nec
1663 903 1759 922 norma

965 940 1076 974 rectior,
1089 948 1140 969 nec
1151 946 1286 977 praecepto
1297 942 1448 970 sublimior.
1463 941 1491 969 ld
1507 949 1570 969 vero
1585 949 1637 976 qua
1649 942 1758 969 tandem

966 986 1071 1014 ratione
1082 987 1298 1022 consequemur?
1308 987 1408 1023 Nempe
1419 988 1442 1015 si
1456 987 1577 1015 ordinem
1590 987 1757 1018 noverimus.

966 1039 993 1061 et
1011 1038 1115 1061 naturae
1131 1033 1204 1069 leges
1229 1033 1446 1069 comprobemus,
1461 1038 1488 1062 et
1508 1034 1639 1062 rationem
1660 1033 1758 1060 ducem

966 1086 1124 1114 sequamur,
1141 1085 1169 1107 et
1180 1079 1349 1115 disciplinam
1366 1087 1418 1107 non
1434 1086 1619 1114 aspernemur.
1636 1079 1758 1113 Respici-

968 1129 994 1151 te
1010 1125 1036 1151 in
1049 1125 1146 1152 caelum
1161 1131 1279 1158 sursum,
1293 1130 1320 1152 et.
1336 1125 1362 1151 in
1381 1129 1480 1152 terram
1493 1126 1618 1152 deorsum
1630 1123 1664 1157 ’⁸,
1677 1128 1758 1157 atque

966 1170 1182 1203 animadvertite,
1206 1177 1259 1205 quo
1287 1175 1366 1204 pacto
1393 1173 1449 1197 tota
1476 1171 1534 1197 hanc
1563 1176 1652 1196 rerum
1673 1168 1757 1196 moles

967 1221 1120 1244 constructa
1134 1220 1161 1243 et
1174 1221 1359 1252 coagmentata
1371 1215 1462 1249 fuerit,
1476 1214 1691 1250 undeoriginem
1708 1214 1759 1241 ha-

967 1262 1065 1294 huerit,
1081 1262 1145 1296 quid
1161 1266 1224 1289 ante
1238 1269 1330 1289 earum
1347 1261 1556 1290 concinnitatem
1571 1265 1639 1293 erat,
1659 1264 1687 1288 et
1704 1267 1758 1294 quo

963 1307 1019 1342 jam
1044 1308 1152 1334 nomine
1181 1307 1337 1335 universum
1362 1307 1520 1343 appelletur.
1546 1307 1646 1335 Ordine
1665 1306 1764 1334 omnia

966 1353 1127 1381 concinnata
1144 1357 1172 1381 et
1187 1353 1314 1381 distincta
1325 1358 1397 1386 sunt,
1414 1358 1441 1381 et
1460 1354 1566 1388 quidem
1581 1354 1758 1381 concinnato-

966 1406 996 1426 re
1011 1398 1099 1426 Verbo
1115 1407 1122 1425 :
1140 1406 1192 1426 non
1208 1399 1290 1434 quodI
1308 1403 1337 1426 ut
1360 1407 1412 1426 una
1436 1406 1491 1432 res,
1508 1399 1544 1426 ita
1562 1406 1657 1426 omnes
1678 1398 1758 1426 simul

966 1445 1075 1480 produci
1092 1452 1144 1472 non
1161 1450 1271 1480 possent
1283 1444 1355 1480 (nam
1366 1445 1412 1479 qui
1432 1452 1463 1472 ea
1479 1451 1539 1479 quae
1554 1453 1606 1472 non
1629 1449 1716 1476 erant,
1730 1445 1758 1471 in

966 1496 1055 1518 ortum
1081 1490 1218 1525 produxit,
1235 1491 1429 1526 productisque
1457 1489 1571 1518 formam
1596 1493 1624 1517 et
1641 1489 1759 1524 speciem

121 1535 249 1571 δεύτερον
270 1535 446 1570 ἀριθμεῖται,
473 1535 521 1562 καὶ
539 1535 640 1570 τρίτον,
659 1535 706 1562 καὶ
724 1535 759 1562 τὰ
777 1535 851 1570 ἑξῆς,
871 1536 914 1561 ἵνα

967 1537 1050 1569 dedit,
1073 1536 1143 1564 idem
1161 1536 1281 1572 proiecto
1305 1543 1475 1571 nequaquam
1492 1535 1648 1564 inﬁrmitate
1667 1535 1760 1570 prohi-

121 1582 198 1614 τάξις
220 1582 301 1613 εὐθὺς
324 1581 482 1617 συνεισέλθῃ
500 1583 556 1613 τοῖς
577 1581 716 1617 κτίσμασι.

969 1582 1092 1615 bebatur,
1110 1583 1253 1617 quominus
1270 1583 1361 1610 omnia
1380 1582 1461 1610 simul
1478 1582 1505 1609 in
1524 1582 1610 1610 lucem
1624 1582 1714 1610 ederet
1733 1587 1761 1609 et

122 1629 298 1665 exornaret);
318 1636 409 1656 verum
432 1629 466 1656 ob
479 1629 550 1656 hanc
563 1636 683 1661 causam,
720 1629 790 1656 aliud
821 1631 949 1664 primum,
968 1629 1041 1656 aliud
1068 1629 1228 1663 secundum,
1257 1629 1330 1657 aliud
1349 1628 1458 1656 tertium
1477 1633 1644 1663 numeratur,
1671 1635 1703 1656 ac
1721 1627 1762 1655 sic

123 1675 260 1710 deinceps.
284 1680 313 1702 ut
332 1675 412 1702 simul
430 1682 490 1702 cum
515 1675 596 1702 rebus
621 1675 720 1702 creatis
743 1675 809 1702 ordo
829 1675 921 1702 statim
944 1675 1122 1711 ingrediatur.

158 1722 198 1748 H’.
223 1721 306 1753 Τάξις
330 1718 376 1748 οὖν
401 1721 432 1747 τὸ
452 1722 506 1747 πᾶν
532 1721 727 1756 συνεστήσατο.
752 1720 834 1753 Τάξις
857 1730 916 1748 συν-

123 1767 179 1803 έχει
195 1767 251 1802 (-55)
266 1768 313 1794 καὶ
327 1768 362 1794 τὰ
377 1768 526 1803 ἐπουράνια
541 1767 590 1794 κα)⁸
606 1767 641 1794 τὰ
658 1767 768 1802 ἐπίγεια
779 1777 786 1783 ·
799 1767 876 1800 τάξις
887 1768 916 1794 ἐν

123 1815 228 1849 νοητοῖς
238 1822 244 1828 ·
267 1813 343 1846 τάξις
354 1814 383 1840 ὲν
399 1813 538 1849 αἰσθητοῖς
547 1821 553 1828 ·
576 1813 654 1845 τάξις
668 1815 696 1840 ὲν
713 1813 839 1848 ἀγγέλοις
849 1823 857 1831 ·
870 1814 917 1841 τά-

124 1859 166 1892 ξις
181 1859 211 1885 ὲν
229 1859 350 1895 ἄστροις,
375 1859 423 1886 καὶ
437 1859 493 1894 (46)
514 1858 639 1893 κινήσει,
663 1859 710 1885 καὶ
729 1859 849 1894 μεγέθει,
870 1859 918 1886 καὶ

125 1905 217 1940 σχέσει
228 1907 261 1941 τῇ
278 1906 346 1941 πρὸς
354 1905 467 1941 ἄλληλα,
481 1906 527 1931 καὶ
540 1905 721 1941 λαμπρότητι.
739 1907 831 1940 Ἄλλη
844 1905 919 1938 δόξα

123 1950 226 1985 ἡλίου,
246 1951 295 1977 καὶ
318 1950 398 1984 άλλη
414 1950 488 1982 δόξα
502 1949 649 1984 σελήνης,
672 1950 721 1977 καὶ
743 1950 822 1985 ἄλλη
844 1951 918 1983 δόξα

124 1997 275 2032 ἀστέρων·
290 1997 390 2032 ἀστὴρ
410 1997 464 2031 γὰρ
481 1997 609 2032 ἀστέρος
629 1997 760 2031 διαφέρει
780 1997 814 2024 ὲν
830 1997 916 2031 ἃδε-η’

125 2044 200 2076 τάξις
221 2045 249 2070 ὲν
263 2044 348 2080 ὥραις
365 2044 412 2070 καὶ
429 2045 544 2079 καιροζς,
565 2045 594 2070 ὲν
609 2044 703 2078 κόσμῳ
719 2043 774 2078 (45)
793 2043 918 2078 προῖοὖσί

125 2099 154 2117 τε
172 2091 220 2117 καὶ
233 2089 395 2123 ὑπαπιοῦσι,
412 2091 460 2117 καὶ
480 2090 524 2116 διὰ
539 2090 589 2125 τῆς
603 2090 750 2125 μεσότητος
771 2089 801 2115 τὺ
815 2090 918 2124 αὐστη-

127 2137 173 2171 ρὸν
193 2136 384 2163 τιθασσεύουσι
395 2145 401 2152 ·
418 2137 496 2169 τάξις
511 2137 541 2164 ὲν
560 2137 667 2172 ἡμέρας
694 2137 742 2163 καὶ
759 2137 856 2168 νυκτὸς
871 2136 919 2172 μέ‹

125 2191 211 2218 τροις,
227 2183 275 2209 καὶ
293 2182 459 2218 διαστήμασι
474 2182 543 2220 (16).
565 2181 648 2215 Τάξις
668 2183 696 2208 ὲν
711 2182 864 2217 στοιχείοις.
890 2181 920 2214 ἐξ

126 2225 164 2254 ὧν
177 2228 212 2254 τὰ
225 2227 338 2263 σώματα
349 2236 357 2244 ·
369 2227 447 2261 τάξις
466 2227 635 2263 περιήγαγεν
650 2227 774 2263 οὐρανὸν,
792 2228 919 2263 ἥπλωσεν

126 2274 206 2309 ἀέρα,
222 2273 276 2309 γῆν
296 2273 443 2309 ὑπέθηκεν,
459 2273 475 2308 ἢ
491 2274 538 2300 καὶ
556 2273 721 2309 ὐπερέθηκε,
738 2273 819 2308 φύσιν
833 2273 919 2309 ὑγρὰν

127 2318 187 2354 ἔχεε
213 2318 261 2345 καὶ
286 2319 449 2353 συνήγαγεν,
471 2318 589 2353 ἀνέμους
613 2318 721 2353 ἀφῆκε,
741 2318 787 2345 καὶ
803 2319 853 2345 οιὶκ
869 2319 918 2345 ἐπ-

1005 1721 1071 1748 Vlll.
1089 1720 1161 1749 Ordo
1182 1722 1273 1756 itaque
1292 1721 1383 1749 omnia
1403 1721 1553 1754 constituit,
1568 1725 1596 1749 et
1609 1721 1762 1756 colligavit;

968 1768 1034 1796 ordo
1059 1768 1180 1795 coelestia
1205 1773 1233 1796 ct
1258 1768 1395 1796 terrestria
1424 1768 1563 1801 continet;
1581 1767 1647 1794 ordo
1671 1767 1698 1794 in
1717 1767 1762 1801 iis,

967 1821 1027 1848 qua:
1047 1815 1152 1842 ratione
1173 1818 1201 1842 et
1218 1815 1309 1842 animo
1334 1814 1529 1850 intelliguntur,
1551 1814 1639 1841 locum
1660 1813 1740 1840 habet
1751 1821 1767 1846 ;,

968 1861 1035 1888 ordo
1053 1861 1080 1887 in
1095 1861 1137 1893 iis,
1154 1868 1213 1895 qua:
1228 1862 1352 1889 sensibus
1368 1861 1572 1896 percipiuntur;
1588 1860 1655 1888 ordo
1673 1859 1699 1886 in
1712 1867 1762 1886 an-

968 1906 1034 1941 gelis
1047 1914 1054 1939 ;
1067 1907 1134 1934 ordo
1148 1907 1174 1933 in
1192 1911 1326 1934 astrorum
1346 1911 1431 1939 motu,
1451 1906 1646 1942 magnitudine,
1670 1910 1763 1932 mutua

970 1950 1107 1983 relatione,
1119 1955 1146 1978 et
1157 1951 1300 1986 splendore
1315 1959 1323 1979 :
1341 1951 1402 1977 Alia
1424 1951 1493 1977 enim
1511 1949 1575 1977 solis
1589 1949 1697 1976 clnritar
1711 1953 1766 1979 est,

969 1996 1024 2023 alia
1036 1996 1116 2030 Iuntt’,
1131 1997 1186 2023 alia
1201 1996 1347 2024 stellarum.
1361 1995 1444 2023 Stella
1454 1996 1523 2022 enim
1536 2004 1551 2022 a
1564 1994 1639 2022 stella
1652 1993 1762 2020 clarita-

969 2048 993 2070 te
1014 2043 1103 2077 diﬁert
1114 2043 1156 2075 ";
1179 2042 1245 2070 ordo
1261 2043 1288 2069 in
1313 2042 1375 2069 anni
1393 2041 1515 2077 partibus
1535 2045 1562 2068 et
1583 2039 1759 2074 temporibus.

970 2093 1032 2124 apte
1042 2093 1069 2116 et
1085 2088 1220 2121 distincte,
1235 2093 1290 2117 tum
1302 2087 1546 2123 progredientibus,
1563 2091 1590 2114 et
1607 2084 1760 2113 recedenti-

970 2135 1030 2166 bus,
1042 2141 1074 2161 ae
1089 2141 1138 2169 per
1149 2134 1364 2162 mediocritatem
1378 2133 1549 2168 asperitatem
1562 2130 1761 2167 mitigantibus;

970 2180 1038 2207 ordo
1054 2180 1080 2207 in
1101 2179 1153 2207 diei
1167 2187 1194 2207 et
1209 2180 1296 2207 noctis
1313 2180 1447 2207 mensuris
1468 2183 1494 2207 et
1510 2177 1679 2211 intervallis;
1694 2176 1768 2204 ordo.

970 2227 996 2253 in
1009 2226 1162 2259 elementis,
1178 2234 1211 2254 ex
1225 2227 1323 2260 quibus
1335 2233 1448 2262 corpora
1465 2228 1599 2254 constant.
1618 2223 1690 2252 Ordo
1704 2228 1763 2249 cm-

970 2271 1024 2298 lum
1039 2272 1066 2299 in
1081 2272 1173 2299 orbem
1187 2271 1274 2304 duxit,
1292 2279 1383 2300 aerem
1397 2271 1561 2307 exporrexit.
1579 2275 1679 2297 terram
1698 2274 1763 2302 sup-

970 2319 1071 2354 posuit,
1087 2324 1134 2347 aut
1146 2319 1227 2346 etiam
1239 2318 1421 2354 superposuit,
1435 2317 1572 2345 humidam
1587 2320 1712 2344 naturam
1724 2313 1763 2341 fu-

127 2365 233 2400 αιρῆκεν
249 2363 316 2399 (ιτ),
341 2363 413 2400 ὕδωρ
436 2363 531 2399 ἔδησεν
551 2364 581 2389 ὲν
596 2363 734 2397 νεφέλαις,
746 2363 793 2390 καὶ
809 2363 839 2389 οὐ
851 2372 915 2390 κατ-

971 2364 1019 2398 dit,
1042 2370 1122 2400 atque
1137 2366 1164 2393 ill
1184 2373 1266 2393 unum
1284 2365 1371 2393 locum
1391 2363 1535 2396 contraxit,
1552 2367 1646 2389 ventos
1661 2361 1762 2393 emisit,

127 2412 217 2446 éqsv,
236 2411 294 2437 ἀλλ’
309 2411 436 2446 ἔσπειρεν
451 2410 508 2446 (48)
524 2409 571 2436 ἐπὶ
588 2409 734 2445 πρόσωπον
761 2409 851 2445 πάσης
867 2409 917 2444 τῆς

973 2410 1021 2438 sed
1040 2419 1093 2438 non
1115 2411 1148 2438 ad
1166 2411 1306 2439 hominum
1321 2410 1467 2446 perniciem
1487 2408 1608 2441 immisit,
1633 2414 1718 2442 aquas
1734 2406 1762 2432 in

163 2469 187 2485 "
203 2469 283 2496 Prov.
299 2476 335 2500 tv,
349 2468 394 2494 27.
433 2468 456 2483 ’⁸
472 2467 538 2495 ibid.
559 2467 581 2482 ¹⁷
595 2466 685 2494 Eccle.
704 2473 751 2498 vn,
767 2466 810 2493 17.
848 2467 872 2482 ’³
892 2465 915 2494 Is

967 2475 993 2502 .t,
1007 2467 1033 2495 6.
1073 2468 1095 2484 ¹⁹
1109 2468 1120 2495 l
1136 2468 1200 2496 Cor.
1215 2475 1260 2501 xv,
1271 2468 1315 2495 41.

165 2526 219 2562 (57)
243 2525 356 2559 Ἀπάτει
381 2524 474 2552 πάλιν
494 2525 547 2565 ζοῦ
560 2524 679 2566 deficit];
695 2523 742 2551 Sic
758 2524 823 2559 Reg.
843 2525 871 2558 b,
892 2529 919 2552 et

129 2560 175 2590 0r.
193 2562 220 2588 1.
235 2561 264 2588 In
284 2561 341 2590 ed.,
354 2561 456 2593 ἀπάγει
470 2569 517 2587 του
532 2559 620 2593 δεξιου
633 2559 724 2586 πάλιν.

164 2571 175 2587 ν.
193 2569 220 2588 ‘t.
236 2569 264 2588 tn
284 2569 341 2590 130.,
354 2569 456 2594 απαγει
470 2569 517 2587 του
532 2569 620 2593 οεςιου
633 2569 724 2586 πάλιν.

164 2595 221 2630 (58)
241 2597 280 2623 Δι’
297 2596 480 2630 ῥπερόολήν.
495 2595 579 2630 Regg.
595 2596 612 2623 b
630 2600 657 2622 et
679 2595 724 2621 bm
752 2594 785 2621 δι’
803 2595 919 2630 ὑπερϐο-

130 2628 188 2668 λῆς.
200 2631 277 2668 νΜυῃ.
325 2628 385 2668 καί.
400 2631 473 2668 Bas."
491 2630 507 2666 ἢ
526 2628 581 2668 καί.

165 2662 222 2701 (59)
247 2662 424 2701 Ὑφ’ὰὶρεσις.
442 2662 508 2700 Reg:
527 2667 565 2699 h.,
588 2664 746 2701 ἀφαίρεσις.

166 2701 222 2736 (40)
240 2701 325 2735 Μηδὲ
340 2702 544 2736 λαμπρότερος
562 2701 615 2728 τοῦ
625 2703 732 2735 φωτός.
749 2701 810 2729 llaec
823 2702 918 2729 desunt

132 2739 158 2765 in
173 2739 277 2764 duobus
288 2737 372 2771 [ἴϐεις.

167 2773 222 2808 (Μ)
244 2771 449 2814 ,Ἐὰν-διδῶμεν
460 2772 585 2806 κόσμον.
598 2771 658 2799 Bill.
672 2782 679 2800 :
699 2782 708 2798 ι
723 2772 751 2800 Si
766 2772 879 2800 modesti
893 2776 920 2799 et

132 2809 273 2842 compositi
284 2814 345 2834 esse
361 2815 497 2834 curemus.
517 2817 526 2832 ι

167 2843 224 2879 (ιε)
249 2842 356 2879 Ὀμγάρ.
375 2842 421 2879 Sic
433 2842 480 2869 Or.
498 2843 522 2869 1.
534 2842 631 2879 InAed”
643 2843 657 2869 ὃ
668 2843 732 2879 γάρ.

168 2878 224 2914 (ιῦ)
246 2877 547 2914 Td5‘9?0?é18t~etc.
566 2877 631 2914 Reg.
648 2879 664 2907 b
686 2877 711 2906 ei
731 2878 777 2906 0r.
801 2878 826 2912 ι,
847 2877 921 2910 τάξις

133 2910 178 2941 οὖν
191 2910 249 2950 εχει
263 2914 310 2940 καὶ
326 2912 359 2939 τὰ
373 2910 494 2947 οὐράνια.

1009 2526 1064 2561 (Η)
1084 2527 1149 2554 Kal.
1165 2526 1246 2554 Deest
1257 2526 1285 2553 in
1304 2526 1351 2554 Or.
1365 2526 1390 2553 1.

1008 2559 1065 2597 (45)
1085 2562 1137 2589 Ἐν
1147 2560 1302 2597 κόσμῳηιη
1316 2559 1637 2597 ηοηηιιυὶδηεῦκοσμίως.

1007 2593 1064 2632 (46)
1082 2597 1137 2624 Καὶ
1162 2593 1355 2632 animiam.
1384 2595 1429 2623 Sic
1455 2595 1508 2622 duo
1535 2593 1628 2629 negg.,
1659 2593 1705 2621 0r.
1735 2593 1763 2626 1,

971 2630 1066 2660 Camb.
1081 2633 1109 2659 In
1123 2633 1188 2659 edit.
1210 2632 1285 2658 deest
1297 2630 1354 2658 καί.

1007 2667 1063 2703 (47)
1082 2667 1138 2694 Καὶ
1151 2667 1206 2694 οὐκ
1220 2666 1384 2703 ἐπαφῆκεν.
1399 2665 1460 2693 Hmc
1471 2665 1568 2703 desunt
1580 2664 1606 2691 in
1617 2663 1664 2692 Or.
1679 2663 1704 2690 1.
1717 2663 1763 2690 Sic

971 2700 1059 2731 hunc'
1073 2703 1161 2730 locum
1188 2700 1299 2738 exponit
1321 2701 1394 2738 Elius
1411 2709 1419 2738 ι
1439 2709 1448 2726 ε
1470 2700 1583 2738 Laxavit
1601 2703 1708 2738 ventos,
1734 2703 1765 2738 ut

972 2739 1076 2772 spirent
1091 2738 1204 2770 utiliter,
1223 2733 1274 2764 sed
1291 2744 1345 2764 non
1360 2737 1394 2762 ita
1409 2735 1519 2767 laxavit,
1536 2739 1565 2762 ut
1584 2735 1624 2762 eis
1642 2733 1713 2761 facta
1729 2734 1765 2760 sit

973 2771 1048 2804 copia
1062 2781 1143 2805 supra
1158 2772 1266 2800 modum
1280 2771 1372 2798 ﬂandi.
1389 2780 1398 2797 ι

1009 2807 1066 2843 (48)
1087 2803 1253 2841 Ἐσπειρεν.
1278 2806 1369 2843 Schol.
1387 2817 1393 2833 :
1419 2805 1514 2843 Πηγὰς
1545 2805 1592 2843 καὶ
1613 2803 1764 2843 ποταμοὺς,

977 2840 1041 2874 rm;
1053 2840 1164 2870 καὶτῶν
1181 2840 1323 2869 θαλασσῶν
1334 2842 1368 2868 τὰ
1384 2840 1488 2876 πελάγη
1501 2849 1508 2855 ³
1530 2850 1540 2866 ι
1555 2840 1661 2875 Sparsit
1677 2841 1765 2868 fontes

976 2885 1002 2908 et
1016 2879 1121 2913 ﬂuvios,
1140 2879 1262 2907 fortassis
1278 2884 1305 2907 et
1322 2878 1436 2905 marium
1447 2884 1566 2912 inquora.
1591 2886 1603 2901 ι
