2029 3127
124 180 178 207 48‘)

470 181 601 209 ORATIO
623 181 730 210 XXXII.
749 197 783 203 --
803 183 847 211 DE
862 184 1115 214 MODERATIONE
1130 186 1166 214 IN
1185 186 1418 215 DlSPUTANDU.

1713 187 1765 214 186

123 236 262 271 διέστησε,
279 236 326 263 καὶ
343 235 435 270 πόλεις
461 238 562 274 ᾤκισε,
580 240 627 267 καὶ
644 240 743 275 νόμους
757 240 850 274 ἔθετο,
869 243 917 269 καὶ

976 245 1019 277 vit,
1038 250 1064 272 et
1082 245 1218 273 dissolvit.
1235 245 1358 272 Alterum
1379 244 1452 272 enim
1476 243 1683 277 superiuduxit,
1700 244 1765 270 alte-

125 282 228 320 ἀρετὴν
251 282 380 317 ἐτίμησε,
404 285 455 311 καὶ
475 286 575 312 κακίαν
598 286 734 319 ἐκόλασε,
755 288 801 314 καὶ
826 288 922 324 τέχνας

125 328 233 364 εὕρετο,
249 328 298 354 καὶ
312 329 445 364 συζυγίαν
461 330 517 365 (60)
533 331 685 366 ἡρμόσατο,
699 332 746 359 καὶ
758 332 798 368 τῷ
811 335 874 370 περὶ
886 334 922 361 τὰ

125 373 285 410 γεννώμενα
302 374 409 412 φίλτρῳ
429 376 475 404 τὸν
491 377 548 412 βίον
561 378 704 413 ἡμέρωσε,
722 379 770 405 καὶ
787 380 881 415 μεῖζόν
896 389 922 407 τι

125 420 175 448 τοῦ
197 421 273 448 κάτω
291 421 376 449 πόθου
392 423 440 450 καὶ
462 424 508 450 τοῦ
526 424 595 459 (60‘)
615 424 749 461 σαρκικοῦ
760 445 767 458 ,
793 426 839 452 τὸν
857 427 922 462 περὶ

126 467 196 494 Θεὸν
211 467 384 502 ἐνιδρύσατο.

974 299 1034 318 rum
1051 291 1193 324 subduxit,
1215 299 1267 319 non
1287 298 1366 318 secus
1381 296 1464 326 atque
1483 290 1509 316 in
1527 297 1660 324 aquarum
1673 288 1763 321 ﬂuxu,

975 338 1138 372 corporique
1156 338 1264 366 mortali
1282 337 1519 365 immortalitatem
1538 343 1586 370 per
1608 335 1767 362 dissolutio-

976 390 1036 410 nem
1055 383 1234 418 comparavit.
1261 382 1334 410 Ordo
1361 390 1411 410 nos
1433 390 1448 408 ει
1475 381 1558 408 mutis
1582 380 1766 408 animantibus

975 427 1109 461 distinxit,
1125 428 1252 455 civitates
1269 427 1411 459 condidit,
1432 427 1505 461 leges
1522 426 1656 457 instituit,
1678 425 1775 466 virtu-I

977 477 1030 500 tem
1047 474 1195 501 honoribus
1207 494 1215 506 ,
1232 474 1326 500 vitium
1343 481 1424 508 pmua
1438 472 1543 506 aﬂ'ecit,
1566 478 1640 500 artes
1657 471 1766 505 excogi-

131 520 198 542 tavu
210 535 218 547 ,
234 520 408 543 matrnuoma
433 516 588 550 copulavit,
607 524 658 551 ac,
682 525 731 552 per
747 526 839 546 acrem
857 526 921 553 erga
942 525 1082 554 susceptos
1098 520 1198 548 liberos
1229 528 1360 552 amorem,
1392 519 1478 546 feram
1495 525 1522 547 et
1533 525 1668 553 agrestem
1682 519 1765 546 vitam

130 563 164 589 ad
185 562 383 589 humanitatem
398 562 528 594 excoluit,
552 567 598 596 et,
615 564 687 598 quod
709 569 817 593 terreno
831 565 882 592 hoc
896 570 925 592 et
943 565 1046 593 carnali
1063 574 1155 594 amore
1187 567 1274 602 majus
1304 571 1344 594 est
1356 586 1364 599 ,
1379 566 1500 593 divinum
1521 572 1642 592 amorem
1663 565 1763 593 animis

132 608 236 635 nostris
249 609 346 636 inﬁxit.

168 654 196 682 Γ.
216 655 272 682 Καὶ
287 655 315 682 τί
333 655 374 682 δεῖ
389 655 451 682 καθ’
474 655 590 682 ἕκαστον
613 656 722 691 λέγειν,
744 657 844 691 Τάξις,
868 658 922 684 τῶν

128 700 215 728 ὀντων
233 701 293 727 ἐστὶ
308 702 411 736 μήτηρ,
430 701 478 728 καὶ
491 701 625 735 ἀσφάλεια
636 710 642 716 ·
660 703 708 728 καὶ
719 702 750 728 τὸ
761 703 808 729 τοῦ
823 703 922 738 Λόγου,

132 749 201 783 μόνη
220 747 310 778 καλῶς
329 747 363 774 ἂν
382 747 472 780 εἴποι,
487 746 534 773 τοῦ
556 747 646 774 πάντα
661 747 923 784 δημιουργήσαντος,

130 794 158 821 εῐ
168 803 201 828 γε
221 793 277 829 (61)
296 793 373 820 λάϐοι
397 793 510 828 φωνήν¹
536 793 602 821 Ὅτε
616 794 647 820 τὸ
670 795 724 821 πᾶν
744 795 867 822 οὺσιοῦτο
884 794 924 831 τῷ

129 841 191 876 Θεῷ
203 841 250 867 καὶ
263 840 403 874 ὑφίστατο,
421 838 477 874 ἐγὼ
489 840 563 875 ήμην
577 841 643 876 παρ’
659 840 734 876 αὑτῷ
751 840 919 876 ἁρμόζουσα·

1011 657 1044 685 Χ.
1071 657 1141 691 Quid
1168 661 1259 684 autem
1285 655 1390 691 singula
1411 661 1626 682 commemorare
1648 655 1764 682 attinet?

976 704 1067 736 Ordo,
1094 704 1215 731 omnium
1246 710 1336 730 rerum
1361 707 1439 736 pater
1470 706 1498 729 et
1525 701 1679 736 priesidium
1705 707 1765 734 est;

977 752 1102 786 istudque
1124 750 1224 782 Verbi,
1248 757 1339 777 rerum
1361 749 1483 775 omnium
1505 748 1652 775 conditoris
1677 753 1704 775 et
1721 755 1766 775 ar-

977 798 1101 829 chitecti,
1117 797 1191 825 solus
1207 802 1281 824 recte
1296 796 1387 831 dicere
1401 799 1500 830 queat,
1517 795 1539 821 si
1553 794 1660 829 quidem
1675 801 1766 821 vocem

977 845 1114 879 acceperit
1127 853 1134 871 :
1156 844 1224 871 Cum
1243 843 1360 869 mundus
1371 850 1385 869 ιι
1399 842 1455 869 Deo
1469 846 1608 868 crearetur
1621 848 1653 867 ac
1668 842 1768 874 produ-

128 887 213 922 ἡνίκα
236 886 368 922 ἡτοίμαζε
383 886 429 912 τὸν
447 886 544 912 ἑαυτοῦ
562 885 657 922 θρόνον
674 887 716 913 ἐπ’
735 887 855 923 ἀνέμων,
873 888 920 914 καὶ

976 896 1090 922 ceretur,
1100 898 1159 917 cum
1169 898 1202 917 co
1210 897 1283 917 eram
1293 893 1388 916 cuncta
1397 895 1560 922 componens
1569 887 1602 920 8';
1615 894 1675 914 cum
1687 887 1768 913 ador-

131 932 230 968 ισχυρὰ
255 932 342 959 ἐποίει
368 932 403 959 τὰ
425 931 482 959 ἄνω
503 931 591 966 νέφη·
613 933 698 967 ἡνίκα
713 933 853 969 ὲθεμελίου
871 934 920 969 τὴν

129 981 193 1015 γῆν,
207 980 255 1006 κα).
272 979 310 1011 ὡς
325 979 456 1014 ἀσφαλεῖς
479 979 564 1006 ἐτίθει
578 980 670 1016 πηγὰς
694 979 744 1011 τὰς
768 981 814 1007 ὑπ’
838 982 921 1017 οὐρα-

129 1027 176 1053 νδν
192 1026 271 1061 (δι’),
286 1026 332 1053 καὶ
346 1026 385 1061 τῷ
400 1026 539 1062 Πνεύματι
559 1025 607 1053 τοῦ
624 1027 758 1062 στόματος
771 1027 853 1054 αὑτοῦ
869 1029 921 1054 πᾶ-

132 1079 183 1098 σαν
210 1071 325 1106 δύναμιν
365 1071 522 1106 ἐχαρίσατο.
554 1071 623 1097 Ἀλλ’
657 1069 705 1107 (οὗ
731 1072 810 1107 χάριν
837 1072 923 1099 ταῦτα

130 1117 220 1143 πάντα
236 1115 354 1151 διῆλθον,
367 1117 414 1143 καὶ
427 1116 495 1151 πρὸς
508 1115 522 1142 ὃ
539 1115 623 1143 πάλαι
638 1116 652 1142 ὁ
668 1116 746 1150 λόγος
760 1117 921 1152 ἠπείγετο),

129 1163 208 1194 τάξις
221 1161 272 1188 κᾶν
284 1163 345 1193 ταῖς
362 1161 549 1196 Ἐκκλησίαις,
559 1161 590 1187 τὸ
604 1162 652 1197 μὲν
663 1160 733 1188 εἶναί
745 1171 770 1189 τι
785 1163 922 1198 ποίμνιον,

127 1208 160 1235 τὸ
176 1208 206 1234 δὲ
226 1207 359 1243 ποιμένας
381 1207 490 1243 διώρισε
503 1216 511 1224 θ
534 1208 582 1234 καὶ
595 1208 625 1234 τὸ
649 1208 698 1243 μὲν
723 1208 827 1244 ἄρχειν,
851 1209 881 1235 τὸ
895 1209 924 1235 δὲ

128 1253 278 1289 ἄρχεσθαιο
294 1253 342 1280 καὶ
353 1253 384 1280 τὸ
401 1254 451 1289 μὲν
473 1250 529 1280 οἷον
545 1251 616 1280 εἶναι
630 1253 763 1289 κεφαλὴν,
784 1254 814 1280 τὸ
834 1254 862 1280 δὲ
876 1255 923 1280 πό-

128 1301 188 1333 δας,
201 1301 232 1327 τὸ
245 1301 274 1327 δὲ
291 1302 395 1337 χεῖρας,
410 1301 440 1327 τὸ
453 1301 480 1327 δὲ
494 1301 645 1337 ὀφθαλμὸν,
661 1302 691 1328 τὺ
704 1302 732 1328 δὲ
747 1302 811 1328 ἄλλο
827 1311 854 1329 τι
869 1302 923 1329 τῶν

131 1347 221 1383 μελῶν
236 1347 282 1374 τοῦ
305 1347 430 1383 σώματος
443 1367 450 1380 ,
468 1347 536 1383 πρὸς
558 1349 607 1383 τὴν
624 1348 671 1374 τοῦ
689 1349 788 1380 παντὸς
803 1349 923 1385 εὐαρμο-

131 1395 208 1422 στίαν
221 1395 268 1421 καὶ
284 1394 315 1421 τὺ
335 1395 491 1430 συμφέρον,
506 1394 522 1430 ἢ
538 1395 742 1430 προεχομένων,
755 1395 771 1430 ἦ
793 1395 923 1431 προεχόν-

127 1450 198 1468 των·
216 1441 274 1471 καὶ,
289 1439 384 1476 ὥσπερ
397 1441 426 1467 ἐν
439 1442 495 1472 τοῖς
514 1440 650 1475 σώμασιν,
667 1440 729 1467 οὔτε
747 1441 924 1477 ἁπέρῤηκται

129 1487 252 1522 ἀλλήλων
263 1487 300 1514 τὰ
316 1487 395 1522 μέλη,
410 1487 466 1514 ἀλλ’
481 1487 509 1513 ἒν
522 1487 602 1522 σῶμα
615 1487 646 1513 τὸ
662 1488 717 1514 πᾶν
731 1488 805 1513 ἐστιν
820 1489 852 1514 ὲκ
867 1488 925 1514 δια-

129 1534 220 1569 φόρων
237 1533 432 1568 συγκείμενον·
457 1533 518 1559 οὕτε
541 1533 623 1560 eam
639 1534 694 1568 (62)
718 1533 826 1560 πάντων
847 1533 923 1571 ἐνέρ-

974 941 1051 964 naret
1060 937 1187 963 thronum
1200 942 1277 963 suum
1288 941 1370 968 supra
1383 938 1486 964 ventos,
1499 940 1531 959 ac
1539 939 1672 967 supernas
1683 932 1767 958 ntth

974 982 1115 1010 roboraret
1132 991 1137 1008 :
1153 989 1216 1009 cum
1237 980 1414 1007 fundamenta
1431 983 1512 1006 terra:
1529 978 1641 1012 iaceret,
1656 983 1683 1005 et
1695 978 1768 1004 velut

975 1030 1067 1057 ﬁrmos
1082 1033 1110 1056 et
1130 1033 1201 1056 tutos
1226 1027 1333 1060 fontes,
1352 1027 1397 1062 qui
1415 1027 1465 1053 sub
1483 1026 1551 1053 c0310
1567 1030 1647 1058 sunt,
1662 1030 1767 1052 stature-

974 1076 1061 1110 ret",
1089 1083 1122 1103 ac
1151 1075 1256 1110 Spiritu
1287 1075 1343 1101 oris
1366 1074 1407 1100 sui
1434 1072 1562 1099 virtutem
1587 1079 1696 1098 omnem
1715 1071 1768 1098 illis
1815 1095 1818 1100 ,

975 1123 1118 1158 largiretur
1131 1121 1164 1148 “.
1183 1121 1278 1148 Verum
1292 1121 1339 1155 (ut
1355 1121 1388 1147 ad
1404 1128 1462 1147 rem
1480 1119 1579 1152 ipsum,
1596 1117 1674 1152 cujus
1686 1125 1767 1144 causa

975 1168 1032 1195 haec
1045 1169 1136 1195 omnia
1150 1167 1284 1199 disserui,
1300 1171 1327 1194 et
1348 1167 1381 1193 ad
1402 1173 1483 1201 quam
1503 1164 1665 1199 jampridem
1681 1163 1770 1190 oratio

975 1218 1067 1241 nostra
1086 1214 1212 1246 festinat,
1229 1212 1407 1247 veniamus),
1425 1211 1492 1238 ordo
1513 1211 1537 1237 in
1551 1209 1682 1238 Ecclesiis
1699 1217 1768 1243 quo-

975 1269 1027 1296 que
1041 1261 1184 1288 constituit
1197 1281 1204 1293 ,
1219 1265 1248 1286 ιιι
1263 1259 1309 1286 alii
1326 1267 1391 1286 Oves
1406 1259 1471 1290 sint,
1493 1257 1537 1284 alii
1561 1261 1701 1291 pastores,
1722 1255 1767 1281 alii

976 1307 1096 1341 prmsint,
1114 1305 1159 1333 alii
1183 1306 1289 1333 subsint
1305 1312 1337 1332 ac
1353 1309 1485 1340 pareant;
1505 1303 1574 1330 alius
1599 1301 1669 1328 velut
1688 1304 1770 1334 caput

976 1354 1020 1386 sit,
1038 1353 1107 1380 alius
1123 1361 1181 1388 pes,
1197 1353 1268 1379 alius
1290 1359 1398 1383 iuaous,
1416 1351 1486 1377 alius
1502 1349 1574 1376 oculi
1586 1369 1594 1381 ,
1611 1349 1680 1375 alius
1696 1347 1768 1374 aliud

975 1400 1111 1435 quoddam
1137 1399 1261 1434 corporis
1285 1397 1458 1428 membrum,
1478 1397 1510 1423 ad
1529 1396 1614 1422 totius
1642 1394 1769 1421 Ecclesia:

975 1445 1187 1473 concinnitatem
1205 1449 1231 1470 et
1246 1444 1390 1471 utilitatem
1404 1464 1411 1475 ,
1437 1443 1478 1469 vel
1497 1442 1612 1469 inferius
1627 1441 1670 1468 vel
1699 1448 1768 1475 prsc-

976 1492 1102 1519 stantius.
1133 1491 1166 1518 Et
1199 1489 1427 1525 quemadmodum
1455 1489 1481 1515 in
1510 1486 1691 1520 corporibus,
1718 1494 1769 1512 nec

977 1538 1098 1565 membra
1117 1537 1188 1564 inter
1203 1543 1233 1563 se
1246 1535 1352 1562 divulsa
1373 1539 1447 1568 sunt,
1463 1541 1556 1561 vcrtun
1572 1537 1670 1560 cuncta
1684 1540 1768 1558 tmttm

128 1588 218 1615 γημα,
235 1581 259 1606 εἰ
270 1580 317 1606 καὶ
328 1579 410 1606 ταυτὸ
421 1579 451 1605 τὸ
465 1579 575 1616 χρῄζειν
591 1579 656 1614 (62‘)
670 1579 793 1615 ἀλλήλων
808 1581 848 1612 είς
860 1579 921 1606 ἀνά-

976 1592 1072 1618 corpus
1097 1587 1160 1610 sunt
1183 1590 1214 1609 ex
1234 1582 1350 1609 diversis
1375 1581 1504 1608 membris
1530 1579 1694 1608 conﬂatum;
1719 1585 1769 1604 nec

130 1634 200 1662 γκην
227 1626 334 1658 εὐνοίας
364 1635 395 1652 τε
420 1627 468 1652 καὶ
493 1626 661 1658 συννεύσεως
685 1626 759 1661 (65)·
788 1627 835 1653 καὶ
864 1626 924 1653 οὒτε

127 1672 268 1707 ὀφθαλμὸς
282 1672 396 1708 βαδίζει,
411 1672 468 1698 ἀλλ’
483 1672 592 1708 ὀδηγεῖ’
605 1672 667 1698 οὗτε
679 1673 747 1704 ποὺς
761 1662 922 1708 προελέπει,

129 1719 198 1746 ἀλλὰ
207 1719 366 1755 μεταῆαίνει
376 1719 456 1754 (65’),
469 1719 516 1746 καὶ
529 1719 720 1755 μετατίθησιν·
736 1719 797 1746 οὔτε
811 1720 922 1754 γλῶσσα

127 1765 236 1800 δέχςται
261 1765 370 1800 φωνὰς,
392 1766 476 1801 ἀκοῆς
502 1765 572 1801 γάρ·
589 1765 651 1792 οὗτε
667 1766 735 1801 ἀκοὴ
756 1766 922 1800 φθέγγεται,

129 1811 258 1847 γλώσσης
273 1811 345 1847 γάρ’
363 1812 409 1838 καὶ
425 1812 468 1847 ῥὶς
484 1812 544 1847 μὲν,
556 1811 645 1847 ὀδμῶν
660 1812 715 1847 (64)
732 1813 907 1848 αἰσθητήριον
917 1820 923 1826 ·

128 1857 246 1892 λάρυγξ
263 1857 297 1883 δὲ
309 1857 379 1884 σῖτα
395 1859 520 1891 γεύεται,
538 1858 621 1893 φησὶν
636 1859 650 1884 ὁ
668 1858 728 1884 ’1ώὸ
742 1867 747 1872 ·
761 1859 821 1894 χεὶρ
834 1858 862 1884 δὲ
877 1857 924 1884 τοῦ

129 1904 230 1931 διδόναι
243 1903 346 1930 καὶτοῦ
363 1904 511 1939 λαμϐάνειν
524 1904 649 1938 ὄργανον·
668 1904 730 1936 νοῦς
747 1904 775 1930 δὲ
793 1905 849 1935 τοῖς
865 1905 918 1929 :i-

131 1959 174 1976 σιν
196 1950 320 1986 ἡγεμὼν,
338 1950 401 1986 παρ’
424 1946 454 1975 οὗ
472 1950 503 1977 τὸ
525 1949 717 1982 αἰσθάνεσθαι,
733 1950 780 1976 καὶ
805 1951 844 1981 εἰς
865 1949 922 1985 ὃνὴ

130 1995 268 2030 αἴσθησις.
285 1994 364 2022 Οὕτω
387 1995 434 2022 καὶ
456 1996 520 2031 παρ’
543 1996 625 2031 ἡμῖν,
648 1994 687 2030 τῷ
704 1995 786 2031 κοινῷ
804 1995 923 2031 Χριστοῦ

133 2041 251 2077 σώματι.

977 1637 1084 1657 rursum
1104 1630 1174 1656 idem
1197 1629 1318 1655 muniunt
1342 1634 1442 1654 munus
1467 1632 1525 1659 est,
1544 1625 1650 1652 tametsi
1670 1624 1768 1658 alioqui

976 1675 1009 1701 ad
1024 1674 1221 1702 benevolentia:
1236 1673 1445 1707 concordiaeque
1461 1672 1664 1703 necessitatem,
1682 1671 1768 1696 hono-

977 1721 1069 1756 risque
1083 1728 1176 1755 parem
1199 1720 1225 1747 in
1242 1719 1398 1754 disparibus
1413 1719 1545 1745 rationem
1556 1738 1563 1749 ,
1585 1717 1636 1743 alia
1651 1716 1767 1743 aliorum

976 1773 1058 1801 opera
1073 1774 1106 1793 ex
1129 1774 1207 1800 aquo
1225 1766 1384 1800 indigeant;
1410 1772 1499 1799 neque
1514 1764 1585 1791 enim
1600 1763 1696 1790 oculus
1715 1770 1758 1788 am

977 1812 1070 1843 bulat,
1086 1812 1133 1839 sed
1150 1812 1221 1838 viam
1241 1814 1437 1838 couunoustrat
1457 1819 1464 1836 :
1491 1817 1539 1836 nec
1554 1816 1600 1842 pes
1619 1807 1769 1842 prospicit,

977 1859 1023 1886 sed
1038 1859 1211 1893 progreditur
1225 1865 1256 1884 ac
1272 1858 1330 1884 loca
1345 1861 1482 1890 permutat
1495 1865 1502 1883 ε
1521 1863 1570 1882 nec
1585 1855 1672 1890 lingua
1691 1862 1771 1882 voces

977 1904 1092 1937 acaipit,
1112 1903 1136 1929 id
1154 1904 1225 1930 enim
1241 1904 1346 1930 aurium
1365 1908 1428 1930 est:
1452 1909 1500 1928 nec
1520 1909 1616 1928 rursus
1637 1901 1710 1927 auris
1727 1900 1766 1927 lo-

977 1950 1080 1984 quitur,
1095 1950 1166 1983 quod
1183 1950 1281 1984 lingtttc
1294 1950 1411 1977 ollicium
1428 1955 1468 1975 est
1483 1957 1489 1974 :
1510 1953 1537 1974 et
1555 1955 1636 1974 nasus
1654 1946 1765 1980 quidem

976 2001 1019 2023 est
1033 1996 1162 2022 odoratus
1177 2002 1326 2030 organum;
1341 1999 1431 2030 guttur
1449 2000 1546 2025 autem,
1566 1998 1595 2019 ut
1611 1992 1648 2018 ait
1662 1991 1712 2017 Job
1731 1991 1765 2020 ",

978 2043 1048 2069 cibos
1063 2043 1182 2076 degustat
1196 2050 1203 2068 :
1217 2049 1312 2068 tnatms
1336 2049 1417 2076 porro
1430 2041 1510 2068 dandi
1523 2045 1603 2073 atque
1615 2037 1766 2072 accipiendi

133 2089 343 2117 instrumentum
357 2093 398 2116 est
414 2098 420 2116 :
439 2097 513 2116 mens
531 2089 648 2123 denique
670 2089 796 2115 omnibus
821 2093 919 2122 prmest
940 2092 1020 2122 atque
1053 2089 1183 2123 imperat,
1203 2088 1283 2123 537
1302 2087 1431 2115 nimirum
1464 2096 1478 2113 a
1494 2095 1548 2121 qua
1565 2087 1604 2112 vis
1628 2083 1762 2111 sentiendi

133 2135 326 2170 proﬁciscitur,
343 2139 371 2161 et
385 2135 417 2161 ad
432 2142 513 2169 quam
548 2142 646 2161 sensus
679 2142 772 2161 omnes
790 2134 955 2162 referuntur.
976 2135 1017 2161 Ad
1033 2135 1157 2162 eumdem
1176 2142 1284 2169 quoque
1305 2134 1413 2161 modum
1435 2134 1505 2168 apud
1522 2140 1580 2163 nos,
1606 2132 1657 2159 ltoc
1672 2135 1723 2164 est,
1738 2131 1765 2157 in

133 2181 272 2209 communi
287 2180 388 2208 Christi
405 2188 535 2214 corpore.
551 2187 595 2207 res
613 2187 642 2206 se
658 2180 748 2206 habet.

169 2228 220 2254 lA’.
240 2227 272 2254 Οἱ
289 2226 342 2263 γὰρ
356 2226 455 2257 πάντες
468 2225 496 2252 ἓν
510 2225 590 2260 σῶμά
607 2226 690 2260 ἐσμεν
705 2226 733 2251 ἐν
750 2223 861 2260 Χριστῷ
875 2233 882 2240 ·
898 2225 922 2251 οἱ

1012 2223 1058 2250 Kl.
1079 2223 1179 2250 Omnes
1198 2223 1270 2249 enim
1285 2230 1384 2257 corpus
1397 2230 1477 2248 unmn
1496 2222 1522 2247 in
1541 2221 1650 2247 Christo
1666 2227 1768 2251 sumus,

133 2276 161 2302 δὲ
175 2274 236 2302 καθ’
251 2274 299 2300 ἕνα
314 2273 444 2309 Χριστοῦ,
459 2273 507 2299 καὶ
523 2272 644 2308 ἀλλήλων
662 2272 740 2307 μέλη.
756 2272 792 2298 Τὸ
810 2271 858 2306 μὲν
872 2270 925 2307 γὰρ

134 2322 214 2357 ἄρχει
226 2321 273 2347 καὶ
286 2319 495 2355 προκαθέζεται,
511 2317 542 2344 τὸ
558 2317 586 2343 δὲ
603 2317 698 2352 ἄγεται
711 2318 758 2344 καὶ
773 2317 926 2349 εὐθύνεται,

135 2369 182 2395 καὶ
196 2367 258 2394 οὔτε
273 2366 370 2393 ταυτὸν
383 2365 526 2401 ἀμφότερα
541 2365 659 2400 ἐνεργεῖ,
676 2364 754 2400 εἴπερ
772 2364 808 2400 μὴ
828 2365 926 2391 ταυτὸν

134 2413 290 2449 ἄρχεινκαὶ
311 2411 458 2448 ἄρχεσθαι·
482 2410 646 2445 καὶγίνεται
670 2410 814 2446 ἀμφότερα
836 2410 865 2436 ἓν
887 2411 926 2442 εἰς

136 2460 184 2486 ἕνα
197 2458 326 2494 Χριστὸν,
342 2458 394 2484 ὑπὸ
411 2456 458 2483 τοῦ
472 2456 555 2483 αὑτοῦ
572 2456 861 2491 συναρμολογούμενα,
879 2456 926 2482 καὶ

138 2504 316 2539 συντιθέμενα
329 2503 497 2538 Πνεῦματος.
515 2501 573 2528 Κᾶν
590 2503 647 2532 τοῖς
659 2501 819 2536 ἀρχομένοις
833 2500 925 2531 πάλιν,

138 2551 197 2578 ὅσον
212 2551 242 2577 τὸ
262 2550 344 2585 μέσον
361 2549 408 2575 καὶ
422 2547 576 2579 παιδεύσει,
592 2548 638 2574 καὶ
654 2548 785 2582 ἀσκήσει,
803 2548 850 2574 καὶ
869 2547 928 2582 ἠλι-

174 2597 196 2612 ³²
216 2597 296 2624 Prov.
312 2595 426 2627 vtu,50.
464 2595 486 2610 ³³
507 2594 572 2622 ibid.
587 2594 622 2620 Ξῖ
635 2601 696 2628 sqq.

143 2654 151 2669 ι
165 2643 241 2676 Quod
265 2643 408 2670 dissolutio
424 2642 466 2668 via
485 2641 521 2668 sit
543 2641 575 2667 ad
592 2640 829 2674 resurrectionem,
850 2645 877 2667 ct
893 2641 926 2667 ad

141 2679 236 2714 ipsam,
251 2686 315 2714 qua}
326 2685 357 2704 ex
375 2676 747 2714 illaiesl,immortalitatem.
772 2685 780 2700 ι

175 2714 231 2748 (60)
252 2710 408 2747 Evi’vriar.
424 2713 481 2739 Duo
491 2711 590 2748 Begg.,
603 2710 750 2748 συζυγίας.

175 2746 243 2783 (60⁸)
262 2746 422 2775 Τοῦζϋεεει
434 2748 465 2783 in
482 2746 686 2783 duobusdtegg.

173 2780 279 2818 (61)Ἐῑ
295 2791 338 2818 τε.
355 2783 400 2810 Sic
415 2781 627 2818 pleriquecodd.
645 2782 729 2818 Deest
741 2790 773 2816 γε
787 2780 814 2807 iu
828 2782 872 2818 ed.

172 2818 242 2852 (61⁸)
252 2816 354 2852 Πηγὰς
371 2818 424 2850 τὰς
439 2817 490 2844 ὑπ’
514 2816 656 2849 οὐρανόν.
672 2816 765 2843 Billius
779 2826 785 2843 :
802 2825 810 2840 ι
826 2816 927 2849 Super-

139 2855 266 2882 cotlestcs
281 2854 384 2886 fontes;
399 2863 408 2878 ι
423 2852 493 2887 quod
505 2856 579 2878 certe
590 2860 604 2878 a
615 2853 721 2884 Graeco,
737 2857 763 2879 et
776 2860 790 2879 a
804 2852 926 2887 Grogurii

142 2895 230 2917 tuente
245 2889 361 2916 alienum
378 2893 430 2915 est.
841 2900 846 2906 -

179 2923 235 2960 (6'2)
255 2925 357 2951 Ταυτό.
376 2923 440 2958 Reg.
455 2923 482 2955 l),
497 2922 602 2948 ταυτὺν.

734 2593 757 2609 ³³
777 2593 820 2620 Ps.
839 2593 952 2626 xxxuﬁ.

980 2270 1077 2303 singuli
1089 2274 1179 2296 autem
1191 2269 1305 2299 Christi,
1320 2274 1402 2302 atque
1413 2268 1457 2294 alii
1468 2267 1582 2293 aliorum
1599 2267 1719 2292 membra
1732 2266 1765 2293 ".

980 2317 1031 2343 Alii
1049 2316 1120 2342 ettitn
1147 2315 1322 2342 dominantur
1339 2319 1366 2341 et
1386 2318 1528 2348 pra-sunt:
1549 2313 1594 2340 alii
1621 2317 1716 2346 parcnt
1739 2320 1771 2339 ac

981 2366 1122 2396 reguntur.
1141 2360 1173 2387 Et
1199 2361 1324 2395 quamvis
1346 2368 1398 2387 non
1421 2361 1515 2387 eadem
1541 2359 1575 2385 sit
1592 2364 1769 2392 utrorumque

980 2409 1062 2440 actio,
1081 2407 1215 2441 siquidem
1233 2408 1378 2442 imperare,
1397 2412 1424 2433 et
1440 2405 1554 2440 imperio
1569 2405 1636 2439 regi.
1659 2412 1710 2431 non
1727 2409 1769 2431 est

980 2453 1071 2486 idem;
1096 2453 1164 2480 ﬁunt
1182 2457 1271 2479 tattten
1295 2457 1409 2485 utraque
1433 2459 1516 2477 unum
1545 2451 1570 2476 in
1591 2457 1674 2476 ttuttm
1690 2449 1772 2476 Chri-

979 2504 1062 2532 stum,
1076 2499 1109 2526 ab
1121 2499 1215 2526 eodem
1231 2498 1334 2532 Spiritu
1349 2502 1506 2525 constructa
1523 2501 1603 2530 atque
1617 2500 1768 2528 compacta.

979 2547 1018 2573 Ac
1035 2554 1128 2574 rursus
1140 2566 1148 2578 ,
1164 2545 1390 2581 quemadmodum
1408 2546 1479 2570 inter
1492 2552 1555 2576 «ξοδ,
1572 2542 1616 2577 qui
1632 2543 1766 2575 subsunt,

991 2594 1013 2609 ³⁵
1037 2593 1088 2620 Job
1103 2600 1196 2625 xxxtv,
1219 2592 1246 2619 5.
1284 2591 1307 2606 ³⁸
1328 2591 1406 2617 ltotn.
1424 2597 1474 2622 xu,

1016 2641 1083 2676 (62‘)
1104 2640 1138 2676 Τὸ
1154 2638 1283 2673 χρῄζειν.
1295 2637 1340 2665 Sic
1354 2636 1420 2671 Reg.
1436 2637 1490 2667 bm,
1504 2635 1585 2663 Coisl.
1602 2634 1613 2661 l
1632 2639 1658 2661 et
1675 2634 1703 2666 ‘2,
1716 2639 1768 2661 etc.

981 2676 1062 2703 Deest
1080 2675 1110 2701 τό
1125 2675 1150 2700 in
1164 2677 1206 2700 ed.

1016 2711 1072 2744 (ϋῦ)
1088 2709 1295 2740 Σιιννεύσεως.
1312 2706 1428 2744 (ὶοῘςΙηί
1456 2705 1542 2744 addit.
1564 2705 1610 2744 καὶ
1635 2705 1770 2744 ἰσοτιμίας

982 2741 1079 2777 ἐντοῖς
1095 2744 1210 2773 ἀνίσοις.
1230 2753 1239 2769 ι
1254 2751 1282 2771 et
1293 2750 1384 2776 parem
1399 2741 1509 2768 honttris
1522 2742 1548 2766 ιιι
1560 2741 1712 2777 dts'paribus
1726 2748 1768 2777 ra-

982 2775 1093 2808 tionem.
1108 2789 1117 2805 ι
1136 2779 1163 2806 ιιι
1181 2783 1232 2808 est.
1258 2788 1267 2804 ‹
1278 2775 1310 2804 ad
1321 2777 1503 2811 mqualitatem
1516 2776 1678 2803 scrvmtdam
1691 2775 1716 2802 in
1730 2775 1765 2802 iis

983 2817 1062 2843 rebus
1074 2823 1134 2849 qua:
1149 2814 1271 2847 dispares
1289 2817 1361 2849 sunt.
1375 2822 1384 2838 ι

1018 2846 1284 2885 (65“)ιῑ1ετηι⁴ῗ‹ιίνει.
1305 2848 1387 2874 Bill.:
1406 2846 1602 2885 tingreditur.)

1016 2882 1082 2923 (64)
1096 2885 1219 2913 Ὀδιιῶι·.
1235 2887 1297 2919 ltrg.
1317 2885 1344 2917 Ι),
1360 2889 1386 2911 et
1402 2883 1508 2915 Cotttb.,
1524 2882 1625 2917 ὀσμῶν.

1597 2931 1609 2945 \
