2029 3127
270 165 321 202 ίεη

869 174 897 201 S.
918 173 1086 202 GREGORII
1106 173 1278 202 THEOLOGI

1847 168 1896 196 188

268 239 446 268 permagnum
479 230 624 259 discrimen
647 231 792 266 reperitur,
816 236 847 258 ut
869 232 919 267 quia
963 237 990 260 et
1009 232 1054 259 dov

1112 232 1156 267 κίᾳ.
1178 231 1348 267 διεστηκόσι⁴
1371 238 1421 258 καν
1437 231 1493 261 τοῖς
1509 229 1605 263 ἄγουσι
1623 229 1654 255 τὸ
1673 228 1800 264 διάφορον
1819 228 1897 254 ὅσον·

266 277 358 305 clrina
371 297 379 309 ,
396 281 423 304 et
445 284 493 304 usu
512 281 593 310 alque
613 276 826 309 exercitatione,
846 281 872 304 et
885 281 965 305 aetate
985 278 1057 305 inter

268 331 299 350 sc
313 323 437 350 diﬂerant
451 331 459 350 :
475 323 569 350 eodem
587 323 667 350 modo
690 323 759 350 inter
780 322 924 357 praefectos
950 331 1057 359 quoque

268 376 322 396 non
337 377 418 404 parva
435 369 586 396 dill'erentia
602 373 661 402 est;
681 376 713 396 ac
728 369 840 403 spiritus
865 370 1056 405 prophetarum

269 414 408 449 prophetis
422 414 518 448 subjici
536 414 570 447 ³⁷,
587 421 648 441 cum
670 413 770 441 Paulus
787 415 847 449 ipse
862 414 986 448 allirntet,
1001 422 1055 442 non

269 463 312 486 est
327 466 374 486 cur
395 459 427 486 de
445 466 476 485 ea
494 467 523 486 re
536 459 652 486 dubites.
675 459 708 486 Et
724 459 852 494 quosdam
874 460 997 494 quidem,
1014 459 1056 486 in-

270 505 344 539 quit,
363 505 448 539 posuit
476 504 544 532 Deus
562 505 590 530 in
614 503 754 536 Ecclesia,
776 505 890 539 primum
905 505 1056 539 apostolos,

270 552 384 578 secundo
403 551 542 586 prophetas
555 570 563 582 ,
585 551 663 578 tertio
681 555 798 586 pastores
821 556 844 578 et
869 551 989 578 doctores
1012 551 1055 577 "2

271 598 388 632 primum
407 601 517 632 propter
538 596 680 629 veritatem
693 617 701 629 ,
723 596 839 622 alterum
865 600 975 631 propter
994 605 1056 624 utn-

272 642 360 674 bram,
373 647 537 677 postremum
550 646 660 676 propter
672 641 797 668 utilitatis
811 646 839 668 et
852 641 1057 669 illuminationis

272 688 370 715 divina:
383 695 548 715 mensuram.
560 687 594 714 Et
606 687 717 722 spiritus
731 687 840 722 quidem
856 695 925 714 unus
936 692 987 720 est,
1004 696 1057 715 non

273 739 362 761 autem
376 741 454 768 pares
466 734 560 768 gratia:
576 742 583 760 :
601 733 818 768 quandoquidem
840 741 889 761 nec
912 734 986 768 paria
1004 734 1059 768 spi-

272 780 342 807 ritus
362 779 562 814 conceptacula.
588 779 643 806 Alii
669 780 739 806 enim
763 788 810 814 per
833 778 961 814 Spiritum
979 779 1060 806 datur

272 833 357 852 sermo
373 826 509 859 sapientia:
525 830 549 852 et
565 825 750 860 speculationis
760 845 768 857 ,
784 825 831 852 alii
845 833 929 852 sermo
944 826 1060 852 scientite

272 873 296 894 et
312 868 487 900 reuelationis,
499 869 547 895 alii
559 869 625 903 ﬁde:
639 875 714 896 certa
730 870 896 905 minimeque
908 869 1000 903 dubia,
1015 870 1059 897 alii

1108 278 1155 304 καὶ
1180 277 1324 312 πνεύματα
1348 277 1497 312 προφητῶν
1524 276 1676 311 προφήταις
1699 274 1899 307 ὑποτάσσεται,

1109 324 1217 351 Παύλου
1246 324 1388 357 λέγοντος,
1419 322 1456 358 μὴ
1478 321 1642 357 ἀμφίϐαλλε.
1676 320 1732 346 Καὶ
1758 319 1812 352 οὓς
1841 319 1900 354 μὲν

1107 371 1200 402 ἔθετο,
1217 369 1300 404 φησὶν
1316 370 1395 404 (64'),
1411 370 1427 395 ό
1441 367 1513 400 Θεὸς
1525 366 1604 400 ὲντῇ
1627 366 1801 399 Ἐκκλησία,
1823 365 1900 399 πρῶ-

1108 424 1160 442 τον
1186 415 1396 447 ἀποστόλους,
1428 413 1568 447 δεύτερον
1594 411 1767 446 προφήτας,
1800 411 1923 451 τρίτον(

1108 460 1251 495 ποιμένας
1265 459 1320 495 (65)
1346 459 1395 486 καὶ
1411 457 1635 489 διδασκάλους·
1654 456 1761 492 πρῶτον
1785 455 1828 482 διὰ
1850 455 1900 490 τὴν
1921 457 1923 465 ⁴

1108 506 1248 543 ἀλήθειαν,
1274 505 1401 541 δεύτερον
1425 504 1469 531 διὰ
1495 504 1544 539 τὴν
1571 503 1660 534 σκιὰν,
1686 501 1778 537 τρίτον
1802 501 1846 527 διὰ
1868 501 1900 527 τὸ

1111 554 1210 590 μέτρον
1230 552 1281 587 τῆς
1299 551 1441 586 ὡφελείας,
1459 550 1507 577 καὶ
1530 550 1580 585 τῆς
1602 549 1771 583 ἐλλάμψεως.
1794 547 1849 574 Καὶ
1869 547 1900 573 τὺ
1923 548 1926 558 ‘

1111 598 1161 634 μὲν
1180 597 1291 632 πνεῦμα
1308 596 1349 628 ἓν,
1368 596 1402 622 τὰ
1417 595 1575 634 χαρίσματα
1593 593 1622 620 δὲ
1636 594 1686 620 οὑκ
1701 592 1757 625 ἶσα,
1771 593 1813 619 ὅτι
1831 592 1900 627 μηδὲ

1109 644 1143 670 τὰ
1158 643 1249 678 δοχεῖα
1265 642 1312 668 τοῦ
1328 641 1492 676 πνεύματος.
1517 637 1550 675 ᾮ
1565 638 1624 674 μὲν
1637 638 1691 673 (66)
1709 638 1764 672 riuo
1778 637 1827 665 διὰ
1845 637 1899 664 τοῦ

1110 689 1283 724 Πνεύματος
1293 687 1406 714 δίδοται
1417 686 1508 720 λόγος
1520 685 1630 718 σοφίας
1640 684 1688 710 καὶ
1700 683 1822 717 θεωρίας
1833 683 1898 717 (67),

1109 735 1193 767 ἄλλῳ
1200 734 1329 768 δὲλότος
1337 733 1473 768 γνώσεως
1484 731 1502 766 ἣ
1513 731 1742 764 ἀποκαλύψεως,
1755 729 1898 765 ἄλλ4ρ(68)

1110 782 1211 814 πίστις
1238 780 1334 816 βεϐαία
1356 780 1404 807 καὶ
1430 778 1615 809 ἀνενδοίαστος
1639 777 1710 811 ἄλλῳ
1733 776 1762 803 δὲ
1780 775 1900 810 ἐνεργή-

1108 835 1187 862 ματα
1202 827 1343 862 δυνάμεων
1373 826 1419 852 καὶ
1443 824 1590 860 θαυμάτων
1608 822 1779 858 ὑψηλοτέρων
1790 841 1798 854 ,
1818 821 1900 853 ἄλλῳ

1111 873 1145 900 δὲ
1163 873 1332 908 χαρίσματα
1348 871 1487 906 ἰαμάτων,
1511 869 1704 903 ἀντιλήψεις,
1724 870 1812 896 εῐτουν
1832 877 1900 903 προ-

272 914 402 941 virtutum
428 914 636 949 sublimiutnque
660 915 853 943 miraculorum
881 916 1055 950 aperationet,

1112 920 1218 946 ττασίαι
1230 939 1238 952 ,
1255 919 1464 954 κυϐερνήσεις,
1481 917 1570 944 είτουν
1588 914 1770 949 παιδαγωγίαι
1788 914 1898 949 σαρκὸς,

272 960 320 986 alii
339 961 433 994 gratim
450 962 615 988 curationum
625 982 633 994 ,
649 962 835 996 opitulatione:
848 982 855 993 ,
870 962 922 989 hoc
936 966 992 994 est,
1008 962 1057 989 de-

272 1006 409 1034 fensiones
432 1011 458 1034 ct
482 1008 651 1042 patrocinia;
678 1008 899 1042 gubentationes,
925 1008 976 1035 hoc
997 1013 1057 1040 est,

271 1052 363 1079 carnis
384 1053 574 1087 castigationes
584 1073 591 1084 .
605 1061 700 1087 genera
715 1053 880 1087 linguarum,
902 1054 1059 1087 interpreta-

1111 964 1182 1000 γένη
1212 965 1370 1000 γλωσσῶν,
1393 963 1543 999 ἑρμηνεῖαι
1569 960 1727 997 γλωσσῶν,
1753 960 1787 986 τὰ
1815 959 1901 994 μείζω

1112 1010 1280 1045 χαρίσματα,
1299 1011 1346 1037 καὶ
1360 1010 1393 1036 τὰ
1403 1009 1528 1044 δεύτερα,
1543 1007 1614 1034 κατὰ
1627 1007 1675 1042 τὴν
1697 1005 1841 1033 ἀναλογίαν
1852 1004 1901 1039 τῆς

1113 1055 1229 1088 πίστεως

271 1099 354 1125 tiones
377 1098 528 1134 linguarum
545 1099 578 1132 ³⁹,
608 1099 669 1126 aliis
693 1099 811 1134 denique
835 1100 1037 1135 praestantiores
1051 1119 1059 1133 ,
1076 1101 1138 1131 aliis
1155 1103 1300 1131 inferiores
1330 1103 1434 1138 gratim,
1468 1109 1517 1137 pro
1532 1101 1593 1128 ﬁdei
1612 1100 1737 1128 nimirum
1759 1099 1862 1126 ratione
1875 1103 1901 1126 et

271 1145 454 1179 proportione.
831 1172 833 1175 .

307 1190 366 1219 XII.
386 1190 464 1218 Ilunc
480 1191 603 1218 ordinem
618 1197 802 1224 revereamur,
819 1198 836 1218 o
853 1190 950 1219 fratres
961 1211 968 1222 .
987 1191 1059 1219 hunc

272 1240 400 1264 tueamur
419 1240 446 1263 et
459 1244 662 1264 couservemus.
679 1236 755 1264 Alius
770 1237 844 1264 auris
858 1237 909 1270 sit,
925 1237 994 1265 alius
1009 1238 1060 1265 Iin—

273 1289 336 1317 gua,
358 1282 427 1309 alius
444 1290 550 1315 manus,
564 1282 634 1310 alius
657 1282 730 1309 aliud
750 1282 890 1317 quiddam.
909 1283 986 1311 Alius
1009 1283 1058 1310 do-

273 1331 347 1359 ceat,
372 1327 441 1354 alius
464 1327 567 1360 discat;
589 1327 658 1354 alius
677 1328 795 1362 propriis
818 1327 944 1355 manibus
959 1328 1058 1355 bonum

273 1376 412 1406 operetur,
431 1376 460 1398 ut
473 1371 571 1398 habeat
585 1372 655 1406 quod
671 1371 812 1406 egentibus
831 1372 1002 1406 impertiatur
1016 1372 1038 1388 ⁸ο
1052 1382 1058 1399 :

273 1417 342 1445 alius
364 1418 455 1452 praesit
476 1425 508 1445 ac
527 1418 631 1453 plebem
653 1417 808 1445 moderetur
826 1427 833 1444 :
861 1418 929 1445 alius
948 1418 1060 1452 iustitiae

272 1463 380 1491 laudem
397 1471 445 1498 per
457 1464 637 1491 ministerium
655 1467 847 1498 consequatur.
861 1463 912 1496 Qui
926 1465 1016 1496 docet,
1032 1465 1058 1490 in

1150 1193 1198 1220 IB’.
1219 1192 1328 1228 Ταύτην
1342 1190 1484 1226 αἱδώμεθα
1497 1191 1547 1226 τὴν
1565 1189 1654 1222 τάξιν,
1667 1189 1787 1223 ἀδελφοὶ,
1801 1189 1902 1223 ταύτην

1114 1239 1302 1273 φυλάττωμεν.
1326 1237 1355 1263 ὐ
1370 1237 1418 1272 μὲν
1435 1236 1505 1262 ἔστω
1517 1244 1560 1267 τις
1576 1235 1655 1270 ἀκοὴ,
1668 1235 1682 1260 ὁ
1701 1234 1728 1260 δὲ
1751 1233 1869 1267 γλῶττα,
1887 1234 1902 1259 ὁ

1113 1284 1141 1310 δὲ
1158 1284 1228 1319 χεὶρ,
1240 1283 1254 1309 ὁ
1264 1282 1293 1308 δὲ
1306 1282 1370 1308 ἄλλο
1381 1291 1407 1308 τι
1419 1281 1521 1307 τούτων
1534 1280 1599 1314 (69).
1621 1280 1650 1305 ὐ
1671 1279 1721 1314 μὲν
1739 1278 1900 1308 διδασκέτω,

1111 1330 1125 1355 ὁ
1157 1329 1186 1355 δὲ
1212 1327 1390 1364 μανθανέτω·
1406 1328 1420 1353 ὁ
1443 1327 1471 1352 δὲ
1492 1325 1651 1361 ἑργαζέσθω
1672 1325 1704 1351 τὸ
1724 1325 1825 1359 ἀγαθὸν
1844 1326 1902 1356 ταῖς

1112 1375 1190 1406 ἰδίαις
1202 1375 1295 1410 χερσὶν
1319 1374 1360 1405 εἰς
1383 1372 1527 1408 μετάδοσιν
1552 1371 1600 1398 τοῦ
1613 1371 1742 1406 δεομένου
1765 1371 1812 1397 καὶ
1835 1369 1902 1405 χρῄ-

1116 1421 1219 1453 ζοντος.
1245 1421 1273 1446 ’0
1289 1420 1339 1456 μὲν
1359 1419 1469 1454 ἀρχέτω
1484 1418 1532 1445 καὶ
1550 1417 1759 1453 προϐεϐλήσθω·
1782 1418 1796 1443 ὁ
1823 1416 1850 1442 δὲ
1867 1416 1904 1442 δι-

1113 1467 1251 1495 καιούσοω
1283 1467 1328 1492 διὰ
1364 1466 1415 1501 τῆς
1443 1465 1613 1500 ὑπουργίας·
1645 1464 1693 1490 καὶ
1726 1464 1740 1489 ὁ
1773 1463 1903 1490 διδάσκων

273 1509 404 1536 modestia
428 1509 533 1537 doceat.
555 1509 697 1544 Propheta:
715 1510 787 1536 enim
808 1509 860 1536 duo
883 1513 930 1536 aut
943 1514 998 1536 tres
1021 1509 1057 1536 lo-

1112 1514 1263 1549 ὲγκόσμως.
1288 1512 1430 1548 Προφῆται
1445 1511 1500 1547 γὰρ
1524 1510 1600 1546 δύοῆ
1625 1511 1699 1546 τρεῖς
1724 1509 1902 1540 λαλείτωσαν,

273 1560 400 1588 quantur,
425 1554 504 1588 idque
519 1554 656 1586 Vicissim,
676 1559 758 1589 atque
770 1562 839 1581 unus
853 1553 1059 1589 interpretetur.

274 1599 350 1632 Quod
364 1599 386 1626 si
407 1599 453 1626 alii
472 1599 620 1627 revelatum
639 1599 736 1632 fuerit,
756 1600 860 1634 primus
873 1600 933 1627 loco
949 1601 998 1635 ipsi
1016 1608 1061 1628 ce-

274 1646 320 1672 dat
337 1646 369 1671 ".
386 1645 419 1672 Et
431 1645 476 1679 qui
493 1645 587 1676 discit.
604 1645 633 1672 in
650 1645 803 1673 obcdientia
820 1654 827 1672 :
845 1650 873 1673 et
891 1647 936 1680 qui
954 1647 1059 1679 tribuit,

274 1692 302 1718 in
320 1690 478 1718 hilaritate:
495 1695 523 1718 et
544 1691 590 1725 qui
604 1691 756 1724 ministrat,
774 1691 801 1719 in
815 1691 956 1719 alacritate
969 1692 1003 1719 υ.
1022 1692 1060 1720 Ne

273 1737 373 1772 lingua:
394 1745 523 1770 munere,
547 1737 621 1771 quod
637 1737 757 1764 omnium
781 1737 1013 1772 promptissimum
1035 1743 1062 1765 et

274 1784 478 1817 paratissimum
507 1788 567 1816 est,
589 1791 684 1814 omnes
707 1783 873 1818 fungamur;
902 1783 986 1819 588
1013 1792 1062 1812 nec

273 1837 370 1857 omnes
389 1829 500 1865 apostoli
519 1829 624 1863 simus,
650 1837 701 1857 nec
718 1837 812 1857 omnes
833 1831 972 1864 prophetae
989 1851 997 1862 .
1012 1838 1062 1858 nec

274 1882 370 1902 omnes
387 1875 549 1910 interpretes
560 1875 594 1902 ".
610 1875 735 1910 Amplum
751 1880 779 1903 et
802 1877 960 1910 praeclarum
975 1881 1017 1903 est
1030 1876 1064 1904 de

275 1920 331 1949 Deo
344 1921 427 1948 verba
450 1920 558 1948 facere?
582 1921 617 1948 At
632 1921 790 1956 prmelarius
808 1926 851 1949 est
874 1922 994 1956 seipsum
1010 1922 1063 1949 Deo

273 1973 408 2001 purgare;
423 1966 550 2001 quoniam
573 1966 600 1994 in
626 1967 785 1994 malevolam
809 1967 928 1995 animam
949 1975 1001 1994 non
1021 1967 1063 1994 in-

275 2011 368 2038 troibit
381 2011 513 2046 sapientia
524 2011 558 2038 “.
575 2012 662 2047 Atque
675 2012 708 2039 ad
720 2012 852 2046 justitiam
869 2012 1017 2046 seminare,
1034 2018 1062 2040 et

274 2059 336 2086 vita:
349 2057 464 2086 fructum
478 2063 579 2086 metere
589 2057 718 2092 iubemur
728 2059 763 2091 “,
777 2063 806 2086 ut
818 2059 939 2087 scientia:
963 2059 1065 2087 lumine

275 2103 482 2139 perfundamur.
494 2104 534 2132 Ac
548 2104 649 2132 Paulus
661 2105 718 2138 ipse
732 2112 780 2132 nos
795 2112 842 2140 per
864 2105 971 2133 Domini
988 2113 1063 2132 amo-

275 2157 332 2176 rem
347 2150 369 2165 “
393 2157 407 2176 a
429 2150 543 2178 Domino
568 2151 697 2186 cognosci
718 2151 794 2184 vult,
812 2159 861 2186 per
883 2151 1065 2186 cognitionem

275 2199 366 2223 autem
380 2196 470 2224 doceri
486 2206 492 2224 :
507 2201 587 2232 atque
598 2198 668 2225 hanc
679 2198 713 2224 ad
721 2198 901 2233 cognitionem
912 2198 995 2230 viam,
1008 2204 1064 2224 me-

275 2244 371 2273 liorem
383 2251 442 2272 esse
453 2251 553 2277 censet,
565 2253 646 2280 quam
661 2244 814 2280 opinionem
829 2253 900 2278 eam,
911 2254 970 2280 qua:
982 2246 1068 2274 inﬂat.

1111 1560 1156 1586 καὶ
1167 1559 1218 1585 ἀνὰ
1233 1558 1324 1594 μέρος,
1339 1558 1387 1584 καὶ
1399 1554 1440 1588 εἷς
1454 1554 1667 1591 διερμηνευέτω.
1686 1553 1781 1580 ’Λλλου
1797 1553 1826 1580 δὲ
1841 1562 1905 1588 τρα-

1111 1605 1258 1636 νωοέντος,
1274 1605 1288 1630 ὁ
1305 1603 1413 1639 πρῶτος
1433 1602 1621 1638 ὑποχωρείτω.
1643 1601 1698 1628 Καὶ
1717 1601 1730 1627 ὁ
1751 1599 1903 1634 μανθάνων.

1111 1652 1139 1677 ἐν
1157 1649 1315 1684 εὐπειθεία-
1336 1649 1383 1676 καὶ
1399 1649 1412 1676 ὁ
1427 1647 1563 1683 χορηγῶν,
1587 1647 1616 1673 ὲν
1640 1645 1795 1681 ἱλαρότητι·
1819 1644 1867 1671 καὶ
1890 1645 1905 1670 ὁ

1112 1695 1267 1732 ὑπουργῶν,
1283 1696 1311 1721 ὲν
1327 1694 1477 1730 προθυμίᾳ.
1502 1692 1548 1729 Μὴ
1565 1692 1666 1723 πάντες
1689 1689 1764 1726 ὦμεν
1784 1690 1904 1725 γλῶσσα,

1111 1743 1142 1769 τὸ
1164 1733 1354 1777 ἑτοιμότατον
1379 1741 1415 1776 μὴ
1441 1740 1541 1771 πάντες
1566 1738 1723 1769 ἀπόστολοι,
1745 1737 1783 1773 μὴ
1807 1737 1906 1767 πάντες

1113 1788 1263 1824 προφῆται,
1279 1788 1317 1824 μὴ
1334 1787 1434 1817 πάντες
1451 1785 1684 1821 διερμηνεύωμεν.
1699 1784 1778 1817 Μέγα
1792 1784 1822 1809 τὸ
1845 1783 1906 1818 περὶ

1112 1833 1180 1860 Θεοῦ
1205 1834 1316 1866 λαλείν;
1342 1831 1422 1859 Ἀλλὰ
1453 1831 1545 1867 μεῖξον
1581 1830 1612 1857 τὸ
1637 1829 1731 1856 ἑαυτὸν
1762 1828 1905 1863 καθαίρειν

1113 1880 1182 1915 Θεῷ·
1195 1879 1290 1916 ἐπειδὴ
1315 1880 1356 1910 είς
1378 1878 1540 1913 κακότεχνον
1567 1876 1624 1912 (70)
1648 1875 1737 1911 ψυχὴν
1752 1875 1835 1909 σοφία
1857 1874 1906 1900 οὐκ

1113 1923 1306 1951 εἰσελεύσεται.
1328 1923 1383 1950 Καὶ
1398 1923 1521 1958 σπείρειν
1539 1921 1741 1956 ἐκελεύσθημεν
1755 1921 1794 1951 εἰς
1806 1920 1907 1946 δικαιο-

1115 1971 1209 2006 σύνην,
1224 1971 1271 1997 καὶ
1286 1971 1389 2006 τρυγᾷν
1409 1969 1518 2004 καρπὸν
1533 1967 1618 2003 ζωῆς.
1631 1967 1675 1993 ἴνα
1687 1966 1742 2001 (71)
1758 1966 1806 1992 καὶ
1822 1973 1906 2000 φωτι-

1116 2017 1222 2052 σθῶμεν
1237 2017 1276 2052 τῷ
1290 2017 1360 2052 φωτὶ
1374 2016 1424 2051 τῆς
1446 2014 1585 2050 γνώσεως.
1601 2014 1657 2041 Καὶ
1671 2012 1787 2044 Παῦλος,
1802 2011 1846 2038 διὰ
1861 2010 1906 2038 τοῦ

1115 2064 1223 2099 ἀγαπᾷν
1245 2064 1319 2099 ἡμᾶς
1339 2063 1384 2089 τὸν
1402 2062 1516 2098 Κύριον,
1531 2058 1583 2087 ὑτὲὺ
1603 2059 1706 2096 Κυρίου
1726 2057 1907 2093 γινώσκεσθαι

1117 2109 1256 2144 βούλεται,
1280 2109 1324 2136 διὰ
1340 2109 1368 2136 δὲ
1381 2108 1428 2135 τοῦ
1441 2107 1654 2143 γιγνώσκεσθαι,
1676 2106 1707 2133 τὸ
1720 2105 1908 2137 διδάσκεσθαι,

1121 2155 1167 2181 καὶ
1184 2155 1287 2190 ταύτην
1309 2154 1367 2181 ὁδὸν
1385 2154 1509 2189 βελτίονα
1529 2151 1598 2180 οἶδεν
1613 2153 1653 2184 εἰς
1669 2152 1780 2186 γνῶσιν,
1794 2151 1845 2186 τῆς
1860 2159 1908 2186 φυ-

1119 2201 1230 2236 σιούσης
1246 2201 1370 2236 οἰήσεως.

311 2290 380 2318 XIII.
401 2290 527 2326 Magnum
547 2296 575 2318 et
596 2292 758 2326 praeclarum
771 2296 814 2319 est
828 2291 945 2318 docere?
959 2292 994 2318 At
1009 2292 1059 2318 dis-

1152 2291 1200 2317 II".
1217 2291 1296 2325 Μέγα
1310 2291 1340 2317 τὸ
1355 2290 1507 2324 διδάσκειν;
1529 2289 1609 2316 Ἀλλὰ
1630 2288 1661 2316 τὸ
1674 2288 1819 2324 μανθάνειν
1834 2287 1908 2314 ἀκίν-

275 2344 338 2364 cere
356 2337 476 2372 periculo
490 2341 578 2366 vacat.
597 2337 666 2371 Quid
686 2338 804 2373 pastoris
824 2345 922 2365 munus
952 2337 1001 2364 tibi
1018 2345 1064 2364 ar-

275 2389 366 2418 rogas,
385 2390 446 2410 cum
458 2383 517 2410 ovis
532 2383 591 2410 sis?
607 2383 676 2416 Quid
693 2387 774 2417 caput
791 2382 920 2414 efﬁceris,
935 2390 997 2409 cum
1013 2389 1062 2416 pes

275 2429 331 2456 sis?
345 2429 414 2463 Quid
434 2429 583 2456 exercitum
601 2429 701 2456 ducere
717 2428 883 2463 aggrederis,
896 2428 923 2454 in
944 2428 1060 2455 militum

276 2475 398 2502 ordinem
419 2475 571 2510 ascriptus?
588 2474 657 2508 Quid
685 2481 780 2508 magna
800 2473 909 2508 quidem
933 2473 996 2504 illa,
1015 2473 1062 2501 sed

276 2520 379 2548 incerta
397 2525 424 2548 ct
440 2520 591 2555 periculosa
609 2519 692 2546 maris
707 2519 781 2546 lucra
802 2518 977 2552 consectaris,
1000 2525 1061 2545 cum

312 2602 334 2618 ³⁷
352 2603 360 2629 Ι
385 2602 449 2630 Cor.
463 2610 521 2635 HV,
549 2602 593 2630 52.

276 2637 300 2654 δ’
309 2637 387 2665 Rom.
401 2646 452 2671 xu,
472 2640 498 2667 8.

646 2601 697 2628 ³³1
725 2601 786 2628 Cor.
816 2609 864 2633 xu,
892 2601 938 2628 28.

312 2719 381 2752 (64⁸)
395 2719 503 2753 Φησίν.
515 2719 595 2746 Deest
607 2720 632 2745 in
646 2718 750 2745 duobus
766 2718 849 2752 Ἆρες.

313 2754 370 2786 (65)
386 2755 543 2789 Ποιμένας.
561 2754 640 2780 Deest
655 2755 680 2780 in
696 2753 742 2780 0r.
763 2753 788 2779 1.

314 2789 370 2824 (66)
384 2787 422 2825 ᾮ
524 2790 580 2825 Sic
593 2797 670 2825 sacer
690 2794 798 2825 textus,
825 2787 906 2814 Coisl.
922 2788 945 2820 1,
966 2787 1013 2814 0r.
1037 2786 1061 2820 1,

278 2824 384 2857 Comb.,
405 2823 458 2852 etc.
475 2824 561 2852 Prave
575 2824 601 2851 in
617 2823 673 2855 ed.,
685 2823 710 2849 ὁ.

313 2858 369 2896 ((ξῖ)
382 2860 437 2887 Καὶ
452 2860 584 2896 θεωρίας.
597 2859 669 2896 Ileg.
681 2859 712 2896 rb.»
725 2858 742 2893 ἢ
755 2857 885 2896 ρεωρίας.

314 2893 372 2931 ((58)
389 2895 577 2931 Ἅλλῳᾼὶες.
596 2894 639 2920 bm
653 2894 736 2931 atldit,
753 2893 790 2931 δέ).

315 2927 372 2967 (691
393 2931 424 2958 '0
439 2927 476 2957 δὲ
489 2927 565 2958 ἄλ»ιό
584 2937 610 2956 τι
629 2929 749 2958 τούτων.
769 2929 813 2956 Sic
839 2928 903 2963 Reg.
926 2928 943 2956 b
969 2927 997 2954 In
1017 2927 1056 2957 ed.

549 2602 593 2630 52.
646 2601 697 2628 ³³1
725 2601 786 2628 Cor.
816 2609 864 2633 xu,
892 2601 938 2628 28.
987 2601 1009 2616 ³⁹
1033 2601 1058 2628 ib

537 2639 560 2654 ω
582 2639 589 2664 l
609 2638 667 2666 Cor.
701 2645 750 2666 xu.
769 2636 813 2663 29.
855 2637 878 2652 ⁸³
895 2638 958 2671 Sap.
985 2637 1043 2667 1,4.

1125 2601 1152 2629 8.
1201 2601 1225 2616 "
1246 2601 1343 2634 Ephes.
1366 2609 1404 2632 tv,
1429 2601 1475 2628 28.
1528 2601 1576 2625 λιι

1115 2636 1177 2664 Ose.
1192 2644 1218 2669 ι,
1234 2636 1278 2664 12.
1314 2636 1338 2652 ⁸⁸
1357 2636 1367 2662 I
1386 2636 1448 2663 Cor.
1477 2643 1535 2668 vm,
1551 2635 1577 2661 5.

1116 2337 1202 2365 δυνον.
1216 2337 1249 2364 Τί
1266 2337 1377 2364 σεαυτὸν
1400 2339 1487 2368 ποιεῖς
1503 2336 1620 2372 ποιμένα
1631 2356 1638 2367 ,
1655 2335 1791 2372 πρόὸατον
1806 2333 1844 2360 ὢν
1856 2342 1863 2365 ;
1876 2333 1908 2359 Τί

1119 2383 1182 2419 γίνῃ
1191 2383 1308 2419 κεφαλὴ.
1322 2384 1390 2414 ποὺς
1403 2383 1547 2418 τυγχάνων
1559 2391 1566 2415 ;
1581 2382 1613 2408 Τί
1627 2382 1791 2417 στρατηγεῖν
1806 2381 1907 2414 ἐπιχει-

1118 2431 1186 2465 ρεῖς,
1200 2430 1368 2465 τεταγμένος
1388 2430 1417 2456 ὲν
1433 2429 1633 2466 οτρατιὼταις;
1650 2429 1682 2454 Τί
1693 2428 1727 2454 τὰ
1743 2426 1848 2463 μεγάλα
1863 2426 1908 2452 καὶ

1115 2475 1165 2502 οὐκ
1189 2476 1296 2512 ἀσφαλῆ
1318 2476 1401 2512 κέρδη
1431 2476 1481 2511 τῆς
1505 2475 1643 2510 θαλάσσης
1668 2471 1906 2506 ὲπιδιώκειςΠὲ).

1116 2520 1175 2547 ἐνὸν
1186 2521 1336 2553 ἀκινδύνως
1356 2522 1490 2556 γεωργεῖν
1503 2521 1566 2555 γῆν,
1580 2521 1605 2546 εἰ
1621 2519 1669 2545 καὶ
1685 2517 1742 2553 (75)
1758 2516 1908 2554 κερδαίνοις

1125 2601 1152 2629 8.
1201 2600 1225 2616 ⁸⁸
1246 2600 1343 2634 Ephes.
1366 2609 1404 2632 tv,
1429 2600 1475 2628 28.
1528 2599 1550 2616 ⁸¹
1567 2599 1652 2627 lCor.
1666 2606 1721 2630 xw,
1743 2597 1777 2625 29
1800 2602 1827 2625 et
1846 2604 1904 2632 sqq.

1118 2716 1215 2751 legitur
1230 2722 1345 2749 tantum,
1359 2716 1423 2743 ἄλλο
1437 2724 1473 2742 τι.

1154 2753 1209 2787 (70)
1223 2753 1276 2786 Εἰς
1289 2747 1486 2785 κακότεχνον.
1504 2750 1550 2778 Sic
1572 2754 1689 2785 quatuor
1704 2748 1801 2784 Regg.,
1815 2754 1844 2776 et
1857 2747 1902 2776 0r.

1117 2787 1144 2814 1.
1159 2789 1185 2814 In
1201 2789 1278 2819 edit..
1293 2788 1330 2819 ὠς
1345 2787 1517 2821 κακότεχνον.

1163 2823 1208 2856 7|)
1226 2823 1301 2850 Ἵνα.
1325 2823 1391 2857 Reg.
1407 2819 1480 2857 bfét
1496 2821 1543 2848 0r.
1564 2820 1576 2847 1
1595 2820 1706 2857 addunt,
1721 2819 1779 2857 xei.

1163 2858 1207 2894 72)
1226 2855 1415 2894 Ἐπιδιώξιεις.
1430 2856 1496 2894 Reg.
1513 2857 1569 2888 bm,
1582 2861 1609 2882 el
1689 2855 1715 2886 1,
1733 2855 1852 2894 διώκεις.

1149 2890 1205 2930 (75)
1219 2895 1251 2921 Εἰ
1266 2894 1324 2920 καί.
1338 2893 1382 2920 0r.
1399 2893 1410 2919 I
1425 2893 1456 2920 ad
1474 2890 1572 2926 iuarg.,
1591 2891 1636 2917 καὶ
1653 2891 1676 2916 εἰ
1695 2890 1750 2918 καί.
