2029 3127
117 181 172 209 189

455 181 586 211 ORATIO
604 183 714 213 XXXII.
733 200 767 205 -—
787 185 831 212 DE
850 185 1101 216 MODERATIONE
1122 187 1155 215 IN
1174 187 1409 217 DlSl’UTANDO.

1698 180 1752 220 uo

116 235 271 269 ἐλάσσονας
288 235 343 262 Καὶ
362 236 387 262 εὶ
408 237 457 271 μὲν
482 238 552 274 ἀνὴρ
577 236 604 265 εἴ
625 239 697 265 κατὰ
716 240 845 274 Χριστὸν,
865 242 912 268 καὶ

968 247 1064 271 terram
1081 244 1140 271 sine
1154 244 1281 279 periculo
1298 244 1387 272 colere
1404 245 1501 278 liceat,
1522 246 1628 274 etiamsi
1648 248 1752 275 minore

116 280 310 316 γεγύμνασταὶ
325 289 366 307 σοι
380 281 416 308 τὰ
431 282 608 319 αἰσθητήρια,
623 285 669 311 καὶ
688 284 812 322 λαμπρόν
826 294 866 312 σοι
881 287 911 313 τὸ

117 326 179 360 φῶς
191 326 241 361 τῆς
260 326 398 360 γνώσεως,
421 327 496 355 λάλει
518 328 585 355 Θεοῦ
601 331 698 364 σοφίαν
711 331 761 366 τὴν
776 332 911 368 λαλουμέ‹

115 379 168 406 νην
193 372 222 397 ὲν
244 373 302 405 τοῖς
323 373 446 405 τελείοις,
469 374 516 401 καὶ
539 375 590 410 τὴν
608 376 860 415 ἀποκεκρυμμένην
883 379 912 406 έν

119 417 281 453 μυστηρίῳ·
297 418 344 444 καὶ
365 418 480 454 ταύτην,
497 420 560 447 ὅταν
580 422 675 457 καιρὸν
690 422 792 458 λάϐῃς,
808 424 853 450 καὶ
867 433 912 451 πι-

118 463 247 499 στευθῇς.
271 464 304 490 Τί
319 464 373 500 γὰρ
391 465 463 500 ἔχεις
482 467 558 502 παρὰ
571 468 684 495 σεαυτοῦ
694 490 701 502 ,
717 469 731 495 ὂ
747 469 784 505 μὴ
798 470 911 504 δέδοται,

119 508 190 544 μηδὲ
201 508 332 544 εἴληφας
348 510 379 536 Εἰ
393 510 421 536 δὲ
441 510 482 536 έτι
499 511 596 546 νήπιος
609 510 634 538 εἳ
654 512 723 547 (Η),
746 514 793 539 καὶ
807 522 911 549 χαμερ-

118 553 175 589 πὴς
187 553 236 589 τὴν
251 554 381 585 διάνοιαν,
405 556 452 582 καὶ
474 558 531 589 τοῖς
547 557 723 593 ὑψηλοτέροις
739 559 912 593 προσϐαίνειν

118 601 170 635 οὐχ
185 600 290 632 ἱκανὸς,
306 601 386 635 γενοῦ
405 602 547 638 Κορίνθιος
557 625 563 636 ,
579 604 694 638 γάλακτι
712 605 831 640 τράφηθι
843 606 911 640 (75).

119 647 154 673 Τί
179 646 291 682 χρῄζεις
304 648 489 684 στερεωτέρας
508 649 627 684 τροφῆς.
650 650 683 685 ῆν
707 651 756 677 οὐκ
776 651 914 678 ἀναλίσκει

119 694 155 720 τὰ
175 694 259 730 μέλη,
283 695 329 721 καὶ
346 696 420 721 ποιεῖ
439 695 542 730 τροφὴν
561 695 594 721 διδ
609 694 770 729 ἀσθένειανς
793 697 914 731 Φθέγγου

121 740 185 775 μὲν,
209 740 272 767 εἴτι
292 742 416 776 κρεῖττον
435 741 541 776 σιωπῆς
559 741 631 777 ἔχεις
644 742 711 778 (καὶ
723 742 778 779 γὰρ
790 743 820 770 τὺ
836 744 912 776 τάξιν

121 785 279 812 στείλασθαι
307 785 425 820 χείλεσιν
449 786 662 821 ἐπαινούμενον,
687 786 800 822 ἔγνως)·
818 789 914 823 ἀγάπα

119 830 150 857 δὲ
169 831 297 866 ἡσυχίαν.
313 831 378 858 ἔνθα
391 833 513 868 κρεῖττον
527 832 607 867 λόγου
628 833 658 859 τὸ
679 835 783 870 σιωπᾷν
793 843 799 849 ·
821 837 868 862 καὶ
882 837 915 864 τὰ

121 878 174 913 μὲν
196 879 293 910 εἰπεῖν,
308 878 342 904 τὰ
359 878 388 905 δὲ
403 878 534 905 ἀκοῦσαι·
557 879 605 905 καὶ
630 878 666 905 τὰ
689 880 737 915 μὲν
753 881 913 915 ἐπαινέσαι,

118 924 156 950 τὰ
169 924 198 950 δὲ
214 924 252 960 μὴ
267 925 373 960 πικρῶς
388 924 615 960 ἀποπέμψασθαι.

962 297 1023 317 cum
1047 290 1170 324 qumstu?
1196 290 1224 318 Si
1249 291 1290 317 vir
1315 291 1463 319 secundum
1490 292 1629 320 Christum
1653 301 1697 328 es,
1723 299 1752 321 et

963 342 1057 363 sensus
1070 336 1232 364 exercitatos
1258 337 1342 364 habes
1356 337 1387 368 ⁸⁷,
1412 345 1444 365 ac
1467 337 1608 372 splendido
1632 339 1753 367 scientiae

963 380 1062 408 lumine
1077 382 1205 415 praeditus
1226 389 1273 413 es,
1301 382 1347 409 Dei
1371 383 1532 417 sapientiam
1549 383 1674 418 loquere,
1694 392 1753 419 qua:

963 425 1033 459 apud
1050 425 1217 460 perfectos“
1235 426 1408 461 praedicatur,
1428 433 1455 455 ct
1485 436 1544 462 qua:
1571 429 1597 455 in
1625 430 1753 464 mysterio

963 473 1120 500 abscondita
1137 477 1192 506 est;
1218 473 1299 508 idque
1325 474 1360 501 ita
1386 475 1509 507 demum,
1533 476 1556 502 si
1581 476 1752 504 commodum

965 523 1069 554 tempus
1082 524 1177 546 nactus
1191 518 1285 552 fueris,
1303 527 1416 554 eamque
1435 520 1495 548 ﬁdei
1513 526 1563 548 tua:
1579 522 1753 550 commissam

966 564 1100 592 habueris.
1117 565 1186 598 Quid
1203 566 1274 592 enim
1299 573 1312 592 a
1330 566 1418 600 teipse
1433 566 1527 600 habes,
1549 567 1620 601 quod
1639 568 1686 596 tibi
1701 568 1752 594 da-

967 615 1021 637 tum
1033 618 1085 638 non
1097 610 1186 643 fuerit,
1203 615 1230 638 et
1242 612 1315 645 quod
1332 619 1384 639 non
1400 613 1538 647 acceperis
1546 613 1588 639 ul‘?
1602 612 1649 640 Sin
1662 618 1753 641 autem

965 661 1044 684 aetate
1066 657 1155 684 adhuc
1179 661 1271 684 tenera
1294 665 1333 691 es,
1363 662 1444 692 alque
1472 658 1569 686 humili
1598 664 1626 686 et
1652 659 1756 694 abjecto

966 702 1068 734 animo,
1082 702 1237 737 viribusque
1255 703 1465 736 inﬁrmioribus,
1480 712 1561 738 quam
1580 709 1608 731 ut
1622 705 1656 732 ad
1672 705 1756 732 subli-

966 749 1051 776 miora
1072 750 1195 784 progredi
1219 750 1322 783 possis,
1342 750 1499 777 Corinthius
1519 755 1595 784 esto,
1621 752 1687 778 satis
1706 752 1754 779 tibi

967 795 1001 822 sit
1015 795 1084 822 lacte
1099 796 1193 822 nutriri
1207 795 1239 822 '°.
1260 796 1328 829 Quid
1346 796 1502 824 solidiorem
1518 797 1607 823 cibum
1623 798 1727 831 expetis
1739 817 1747 830 ,

968 847 1046 874 quem
1063 843 1183 868 membra
1200 849 1254 876 prae
1269 841 1455 869 imbecillitate
1470 843 1614 875 conﬁcere,
1631 848 1712 877 atque
1728 843 1754 870 in

969 885 1124 912 alimentum
1138 891 1244 913 vertere
1260 887 1412 920 nequeant?
1427 886 1549 921 Loquere
1562 895 1635 918 sane,
1655 888 1677 914 si
1691 887 1754 922 quid

966 931 1072 958 silentio
1090 931 1186 958 melius
1206 935 1234 958 et
1255 931 1432 959 excellentius
1452 932 1536 959 habes
1557 931 1663 967 (neque
1680 933 1753 960 enim

120 976 148 997 te
173 970 241 1005 fugit
263 971 334 998 laudi
361 971 441 1004 duci,
461 971 483 998 si
504 972 565 1006 quis
588 973 710 1000 ordinem
746 972 824 1000 labiis
847 975 975 1003 adhibeat
990 976 1012 992 δι
1027 976 1047 1012 ),
1084 982 1112 1004 at
1137 977 1181 1004 ubi
1220 977 1301 1005 silere
1323 982 1433 1012 prmstat
1448 997 1455 1010 ,
1470 986 1550 1013 quam
1570 978 1658 1012 loqui,
1673 978 1756 1005 silen-

121 1017 193 1042 tium
208 1016 398 1051 complectere.
412 1017 499 1051 Atque
515 1017 567 1044 alia
581 1017 671 1045 dicere
682 1026 766 1049 ames,
787 1019 839 1046 alia
858 1021 965 1055 audire;
980 1022 1032 1049 alia
1048 1022 1172 1050 laudibus
1186 1022 1312 1055 evehere,
1342 1022 1406 1058 alia,
1438 1031 1491 1050 nou
1526 1028 1615 1051 tamen
1647 1024 1755 1060 acerbe,

121 1062 251 1096 ablegare
267 1070 299 1089 ac
315 1062 436 1097 rejicere.

164 1109 214 1135 IA’.
239 1109 296 1135 Οὐκ
316 1108 371 1135 ἴστε
394 1109 440 1136 τὸν
454 1109 548 1143 ἀγῶνα
562 1109 608 1135 τὸν
631 1110 778 1145 ἡμέτερον,
795 1111 915 1147 ἀδελφοὶ,

119 1153 178 1180 τῶν
202 1153 326 1189 σοῦαρῶς
345 1153 461 1181 ἐνταῦθα
483 1153 737 1190 προκαθεζομένων,
761 1157 807 1183 καὶ
830 1158 916 1184 ταῦτα

120 1199 339 1234 νομοθετούντων
354 1200 417 1234 ὑμῖν
427 1201 483 1231 τοῖς
494 1200 611 1232 πολλοῖς.
627 1201 707 1236 Τάχα
721 1201 749 1228 δὲ
764 1203 825 1229 οὐδὲ
838 1204 916 1239 ἡμῶν

121 1247 215 1274 αὐτῶν
245 1248 270 1273 οί
299 1247 408 1279 πλείους
430 1248 622 1284 γιγνώσκομεν
652 1249 683 1285 (ὃ
711 1251 758 1276 καὶ
785 1249 914 1285 δακρύειν

121 1294 230 1328 ἄξιον),
260 1295 335 1326 ὅπως
362 1291 436 1329 παρὰ
458 1295 518 1330 Θεῷ
546 1295 740 1322 ταλαντεύεται
766 1297 813 1323 καὶ
827 1297 916 1332 νόημα

121 1341 188 1371 πᾶν,
203 1340 349 1374 xui-1610;,
362 1341 409 1368 καὶ
423 1340 531 1377 πρᾶξις·
548 1343 594 1368 καὶ
610 1342 640 1368 οὐ
657 1342 733 1378 παρὰ
747 1342 808 1378 Θεῷ
822 1342 913 1378 μόνον,

122 1387 193 1414 ἀλλὰ
212 1387 258 1414 καὶ
275 1387 328 1413 τῶν
350 1386 502 1423 ἀνθρώπων
520 1389 577 1419 τοῖς
593 1387 745 1419 πλείστοις·
764 1388 787 1414 οἳ
809 1388 916 1423 βραδεῖς

125 1433 176 1469 μέν
191 1434 244 1459 εἰσι
262 1433 317 1459 τῶν
334 1433 406 1459 ἰδίων
420 1434 522 1470 κριταὶ.
537 1435 631 1468 ταχεῖς
645 1434 673 1461 δὲ
695 1433 749 1460 τῶν
765 1434 820 1468 (76)
837 1434 917 1460 ἁλλο-

122 1480 209 1514 τρίων
217 1478 370 1511 ἐξετασταὶ,
387 1479 435 1505 καὶ
447 1479 511 1513 ῥᾷον
523 1479 556 1505 ἂν
567 1479 656 1510 ἄλλοις
666 1478 698 1505 τὰ
713 1479 841 1513 μέγιστα,
855 1479 871 1514 ἢ
883 1479 916 1505 τὰ

123 1526 256 1561 ἐλάχιστα
277 1526 342 1561 ἡμῖν
364 1525 571 1561 συγχωρήσαιεν
587 1525 660 1560 (77)’
680 1525 732 1552 κᾶν
756 1523 821 1552 ὦσιν
843 1525 917 1560 ἁμα-

124 1571 267 1606 θέστεροι,
294 1571 390 1597 θᾶττον
405 1570 437 1596 ἂν
454 1569 534 1605 ἡμῶν
558 1570 686 1597 ἀσέϐειαν
709 1571 878 1603 καταγνοῖεν,
899 1570 915 1605 ἣ

125 1617 240 1653 μετρίαν
254 1616 358 1643 ἑαυτῶν
368 1616 488 1650 ἄγνοιαν.
516 1616 572 1643 Οὐκ
590 1615 657 1646 ἴστε,
672 1615 786 1650 πηλίκον
803 1616 835 1641 ἐκ
850 1615 917 1640 Θεοῦ

123 1664 211 1700 δῶρον
227 1666 244 1699 ἡ
262 1663 362 1699 σιωπὴ,
379 1663 426 1689 καὶ
440 1662 470 1689 τὸ
487 1662 524 1698 μὴ
542 1662 665 1697 ἀνάγκην
681 1662 736 1696 (78)
754 1662 827 1696 ἔχειν
838 1661 916 1695 λέγοι)

123 1711 237 1742 παντὸς,
252 1710 323 1736 ὥστε
344 1710 404 1736 κατ’
421 1709 556 1741 ἐξουσίαν,
574 1708 620 1734 τὸν
639 1708 687 1743 μὲν
710 1707 856 1743 αἱρεῖσθαι,
872 1708 918 1734 τὸν

123 1756 153 1783 δὲ
172 1755 229 1792 (79)
244 1755 463 1790 ἀποδιδράσκειν,
485 1755 531 1781 καὶ
544 1755 685 1789 ταμιεύειν
704 1753 793 1789 ἑαυτῷ
813 1754 859 1780 καὶ
875 1754 917 1780 M—
933 1751 953 1779 Ο

123 1810 174 1836 γον
196 1802 243 1828 καὶ
268 1802 383 1836 σιωπήν.
410 1801 491 1827 Φύσει
522 1801 571 1836 μὲν
590 1792 644 1836 γὰρ
664 1800 720 1836 (80)
749 1801 821 1832 ἄπας
839 1801 918 1835 λόγος

126 1846 226 1882 σαθρὸς
252 1847 299 1873 καὶ
327 1846 485 1882 εὐκίνητος,
506 1847 553 1873 καὶ
574 1846 618 1872 διὰ
638 1846 683 1873 τὸν
703 1846 919 1882 ἀντιμαχόμενον

124 1891 203 1926 λόγον
218 1892 375 1928 ἐλευθερίαν
389 1893 439 1919 οὐκ
452 1892 522 1927 ἔχων
533 1900 539 1907 ·
555 1893 569 1918 ὁ
581 1892 609 1918 δὲ
624 1893 689 1927 περὶ
703 1892 783 1925 Θεοῦ,
799 1892 919 1928 τοσούτῳ

127 1940 238 1975 μᾶλλον,
262 1940 316 1975 ὅσῳ
342 1940 435 1975 μεῖζον
461 1940 491 1966 τὸ
506 1940 696 1975 ὑποκείμενον,
726 1940 773 1966 καὶ
801 1942 816 1966 ὁ
840 1940 920 1976 ζῆλος

126 1986 238 2018 πλείων,
259 1987 305 2012 καὶ
324 1987 339 2012 ὁ
357 1986 479 2017 κίνδυνος
499 1985 698 2021 χαλεπώτερος.
716 1986 772 2012 Καὶ
792 1986 818 2012 τί
833 1987 918 2021 φοϐη-

126 2032 236 2064 Θέντες,
260 2031 286 2058 τί
304 2031 493 2068 θαῤῥήσομεν;
509 2031 581 2064 νοῦν,
601 2032 618 2068 ἦ
635 2031 725 2066 λόγον,
742 2032 759 2067 ἢ
776 2032 873 2068 ἀκοὴν,
889 2033 918 2058 ἐν

125 2078 200 2113 τρισὶ
225 2078 331 2110 τούτοις
356 2077 402 2105 τοῦ
435 2077 558 2104 κινδύνου
583 2077 762 2110 σαλεύοντος;
787 2077 842 2104 Καὶ
862 2077 916 2113 γὰρ

127 2125 223 2160 νοῆσαι
239 2125 295 2159 (81)
308 2125 436 2160 χαλεπὸν,
454 2125 500 2152 καὶ
515 2125 682 2160 ἑρμηνεῦσαι
700 2125 849 2160 ἀμήχανον,
868 2125 917 2151 καὶ

126 2171 212 2206 ἀκοῆς
234 2171 445 2207 κεκαθαρμένης
467 2172 605 2206 ἐπιτυχεῖν
627 2171 681 2205 (82)
707 2170 916 2206 ἐργωδέστερον.

1005 1112 1076 1140 XIV.
1091 1112 1217 1144 Nescitis,
1234 1112 1342 1144 fratres,
1357 1118 1408 1146 qua
1423 1111 1577 1139 difﬁcultate
1589 1119 1755 1146 premamur,

970 1165 1029 1192 nos,
1049 1159 1174 1193 inquam,
1191 1157 1287 1192 quihie
1301 1164 1361 1184 cum
1382 1163 1477 1190 pompa
1496 1162 1522 1183 et
1540 1157 1609 1183 fastu
1630 1157 1758 1191 prmside—

970 1211 1029 1231 mus
1049 1209 1130 1238 atque
1141 1204 1198 1230 haec
1212 1203 1287 1230 vobis
1298 1223 1304 1235 ,
1323 1202 1368 1237 qui
1385 1209 1400 1229 e
1420 1202 1497 1237 plebe
1512 1202 1578 1229 estis
1588 1221 1595 1233 ,
1609 1202 1685 1236 quasi
1703 1202 1756 1229 lata

969 1249 1026 1284 lege
1042 1249 1254 1284 promulgamus.
1279 1248 1318 1274 Ac
1335 1248 1451 1274 fortasse
1474 1255 1523 1274 nec
1539 1252 1661 1274 nostrum
1675 1247 1757 1282 pleri-

968 1303 1020 1330 que
1045 1295 1137 1330 (quod
1162 1295 1244 1322 etiam
1282 1293 1474 1328 deplorandum
1497 1294 1555 1328 est)
1586 1293 1755 1328 intelligunt,

968 1341 1101 1376 quomodo
1116 1340 1186 1375 apttd
1204 1341 1298 1371 Deum,
1314 1343 1342 1366 et
1358 1339 1486 1375 cogitatio
1501 1339 1600 1371 omnis,
1613 1343 1640 1366 et
1655 1346 1754 1370 sermo,

968 1392 994 1414 et
1013 1387 1084 1414 actio
1103 1386 1177 1413 velut
1200 1386 1232 1412 ad
1257 1386 1361 1413 lancem
1388 1385 1557 1419 expendatur
1581 1393 1588 1411 ε
1612 1392 1663 1412 nec.
1685 1384 1755 1419 apud

968 1433 1051 1460 Deum
1074 1432 1218 1466 duntaxat,
1238 1439 1332 1459 verum
1356 1436 1384 1458 et
1397 1432 1467 1466 apud
1482 1439 1578 1458 omnes
1602 1431 1687 1458 ferme
1706 1431 1756 1458 ho-

968 1479 1071 1511 mines;
1089 1478 1152 1513 qui,
1184 1485 1246 1505 cum
1264 1485 1354 1505 rerum
1371 1485 1480 1505 suarum
1503 1477 1572 1504 tardi
1596 1477 1650 1504 sint
1675 1476 1758 1511 589

966 1525 1090 1560 judices,
1115 1523 1262 1551 alienarum
1288 1528 1378 1551 autem
1405 1523 1520 1558 expediti
1543 1527 1606 1549 sunt
1629 1521 1756 1556 explora-

970 1576 1053 1604 tores,
1071 1571 1204 1604 citiusqtte
1213 1569 1275 1596 aliis
1291 1570 1451 1604 gravissima
1466 1573 1567 1601 errata,
1582 1575 1663 1602 quam
1680 1567 1757 1595 nobis

969 1619 1123 1648 levissima.
1142 1618 1342 1650 concesserint;
1370 1624 1401 1644 ac
1415 1637 1422 1649 ,
1443 1616 1465 1643 si
1487 1616 1668 1650 imperitiores
1686 1615 1757 1645 sint,

970 1665 1048 1692 nobis
1074 1665 1221 1699 impietatis
1243 1665 1346 1691 crimen
1374 1663 1463 1698 potius
1481 1662 1660 1696 impcgerint,
1677 1667 1757 1695 quam

974 1716 1004 1738 ιιι
1026 1711 1187 1738 mediocrem
1207 1718 1283 1738 suam
1309 1710 1443 1737 inscitiam
1470 1712 1607 1736 accusent.
1628 1707 1757 1739 Nescitis,

970 1761 1099 1786 quantum
1121 1757 1166 1783 Dei
1183 1757 1283 1783 denunt
1299 1755 1334 1783 sit
1348 1755 1486 1783 silentiutn
1498 1775 1505 1786 ,
1521 1762 1554 1781 ac
1569 1753 1695 1788 loquendi
1712 1761 1759 1780 nc-

970 1805 1094 1831 cessitate
1110 1804 1222 1831 minime
1238 1802 1413 1830 constrictum
1432 1808 1502 1833 esse,
1520 1801 1556 1827 ita
1577 1805 1605 1827 ut
1620 1808 1668 1834 pro
1688 1800 1761 1827 arbi—

972 1855 1042 1876 tratu
1057 1849 1171 1876 alterum
1189 1850 1289 1883 eligere
1301 1870 1307 1881 ,
1325 1848 1440 1875 alterum
1462 1848 1555 1882 fugere
1575 1847 1655 1874 liceat
1667 1867 1674 1878 ,
1690 1846 1758 1874 sibi-

971 1903 1024 1931 que
1035 1916 1043 1927 ,
1061 1900 1088 1922 et
1111 1896 1264 1929 sermonis,
1281 1899 1309 1922 et
1329 1893 1439 1927 silentii,
1455 1893 1529 1920 velut
1546 1893 1760 1928 dispensatorem

974 1949 1044 1968 esse.
1059 1941 1125 1968 Nam
1141 1948 1200 1968 cum
1213 1940 1302 1967 onmis
1317 1939 1405 1966 oratio
1420 1942 1515 1973 suapte
1529 1943 1625 1965 natura
1642 1938 1759 1965 imbellis

973 1987 1018 2018 sit,
1036 1986 1168 2021 facileque
1188 1985 1360 2020 percellatur,
1387 1992 1419 2012 ac
1439 1989 1549 2019 propter
1564 1989 1759 2018 repugnantem

972 2039 1123 2060 sermonem
1148 2031 1272 2058 libertate
1292 2035 1398 2062 careat;
1422 2034 1478 2056 tum
1499 2037 1563 2057 vero
1585 2037 1634 2062 ea,
1650 2037 1709 2064 qua
1726 2029 1760 2056 de

971 2079 1025 2106 Deo
1038 2078 1193 2112 suscipitur,
1208 2081 1282 2103 tanto
1295 2077 1354 2111 plus
1365 2076 1446 2103 habet
1459 2074 1638 2109 difﬁcultatis,
1653 2075 1756 2110 quanto

968 2125 1117 2159 subjectum
1134 2123 1221 2158 majus
1241 2127 1293 2155 est,
1312 2128 1339 2149 et
1360 2122 1434 2149 zelus
1457 2121 1580 2156 amplior,
1597 2126 1624 2148 et
1648 2121 1754 2156 pericu-

967 2169 1022 2196 lum
1038 2168 1155 2203 gravius.
1179 2168 1248 2201 Quid
1264 2172 1354 2194 autem
1370 2167 1541 2194 metuemus?
1555 2167 1609 2194 Aut
1622 2167 1685 2201 quid
1699 2167 1753 2194 erit

127 2225 162 2244 ex
176 2224 229 2251 quo
246 2217 369 2243 fiduciam
385 2215 588 2250 concipiemus?
615 2216 725 2242 lllensne
738 2236 744 2246 ,
757 2223 791 2241 an
806 2223 912 2248 sermo,
934 2223 966 2242 an
983 2213 1178 2246 auditusmcum
1194 2214 1220 2240 in
1236 2213 1323 2240 tribus
1339 2213 1380 2239 his
1415 2212 1497 2240 rebus
1529 2213 1676 2247 periculum
1693 2220 1754 2240 ver-

127 2262 223 2290 setur?
237 2262 308 2289 Nam
323 2267 350 2290 et
362 2270 405 2289 res
419 2262 523 2289 divinas
537 2267 627 2289 mente
651 2262 780 2296 consequi
813 2262 938 2295 arduum,
958 2266 986 2288 et
1020 2261 1113 2289 verbis
1127 2261 1263 2296 explicare
1288 2259 1463 2294 perdifﬁcile,
1483 2265 1511 2287 et
1535 2265 1663 2294 purgatas
1678 2266 1760 2286 aures

132 2307 255 2334 nancisci
270 2306 380 2341 majoris
393 2307 493 2334 laboris
507 2311 534 2334 et
548 2306 716 2334 difﬁcultatis
734 2311 786 2335 est.

165 2350 215 2378 lE’.
232 2351 291 2383 Φῶς
310 2352 360 2387 μὲν
373 2353 386 2379 ὁ
408 2352 483 2385 Θεὸς,
508 2352 556 2378 καὶ
579 2350 637 2386 φῶς
652 2351 682 2377 τὸ
703 2351 865 2387 ἀκρότατον,
887 2360 917 2378 ου

1005 2350 1064 2378 KV.
1082 2350 1152 2377 Deus
1166 2350 1274 2384 Quidam
1296 2349 1342 2375 lux
1365 2353 1416 2379 est.
1441 2353 1520 2383 atque
1542 2347 1609 2374 adeo
1638 2347 1682 2373 lux
1701 2354 1763 2374 om-

128 2399 244 2435 βραχεῖά
270 2407 312 2429 τις
340 2398 481 2434 ἀπορροὴ,
500 2397 549 2424 καὶ
568 2397 738 2432 ἀπαύγασμα
762 2398 837 2424 κάτω
861 2397 916 2433 (85)

162 2470 184 2486 ⁸⁷
205 2468 288 2496 llebr.
314 2477 340 2500 v,
368 2469 413 2497 Η.
449 2468 471 2484 ’⁸⁸³
499 2467 584 2495 lCor.
604 2476 633 2501 ιι,
657 2467 684 2495 6.
717 2467 739 2483 ⁸³
764 2467 774 2494 ι
801 2468 863 2494 Cur.
894 2474 931 2499 tv,
957 2465 984 2493 7,

163 2539 220 2574 (74)
235 2539 270 2565 El
282 2537 317 2564 δὲ
325 2538 374 2574 ,ἔτι
385 2537 493 2574 νήπέος
505 2537 541 2566 εἴ.
559 2537 606 2566 Sic
621 2538 698 2566 codd.
716 2538 802 2566 Prave
813 2538 841 2564 in
854 2537 907 2570 ed.,

127 2575 154 2602 ει
166 2571 200 2601 δὲ
212 2571 280 2601 ἔστι
292 2573 411 2606 νήπιος,
427 2571 464 2604 εἷ,
479 2578 530 2601 etc.

162 2609 219 2644 (75)
233 2609 366 2644 Γάλακτι
377 2608 513 2644 τρᾴφηθι.
529 2608 598 2636 «Lac
611 2609 700 2636 cibum
716 2609 822 2644 adhibe.

162 2644 218 2679 (76)
234 2643 337 2679 Ταχεῖς
352 2643 387 2670 δὲ
396 2643 466 2675 τῶν,
478 2649 529 2671 etc.
541 2644 600 2670 Bill.
616 2651 622 2669 :
641 2653 650 2669 ι
667 2645 693 2670 in
709 2643 804 2670 alienis
824 2648 913 2670 tamen

127 2681 277 2708 censoriam
287 2679 416 2714 virgulam
431 2679 571 2706 celerrime
581 2679 724 2713 arripiunt.
741 2686 750 2703 ι

165 2715 220 2750 (TI)
242 2713 487 2750 Συγχωρήσαιεν.
507 2714 553 2741 Sic
583 2719 637 2741 tres
665 2714 760 2749 Regg.,
778 2713 826 2741 0r.
847 2713 862 2740 1
889 2717 916 2740 et

128 2749 221 2792 0032!}:
241 2749 268 2792 [τι
284 2750 340 2792 et:
356 2749 588 2792 “97!”?‘555‘5V'.

163 2784 218 2821 (78)
240 2784 294 2811 Kal
304 2785 337 2821 τῤ
345 2784 388 2819 μὴ
404 2783 550 2819 ἀνάγκην,
565 2788 616 2821 etc.
632 2793 641 2810 ι
662 2783 717 2821 Nec
730 2783 846 2821 cujusvis
859 2790 918 2821 ser-

129 2819 217 2847 monis
229 2820 391 2847 necessitate
405 2820 565 2854 constringi,
581 2820 616 2846 ita
636 2824 666 2847 ut
684 2819 796 2846 liberam
821 2819 920 2846 habent

129 2856 295 2887 facultatem,
321 2862 412 2890 quem
432 2855 569 2888 maluerit,
591 2854 705 2890 eligendi
731 2859 777 2880 aut
796 2854 919 2886 cavendi,

130 2891 235 2925 sibique
253 2894 281 2917 et
295 2889 439 2925 sermonis,
455 2894 482 2916 et
499 2890 609 2922 silentii,
623 2889 918 2924 velutdispeusatorem

130 2924 198 2954 esse.
215 2935 226 2953 ι
244 2925 282 2952 De
299 2924 346 2952 illo
365 2933 481 2960 namque
499 2926 617 2960 loquitur
631 2925 787 2960 Grcgurius,
805 2925 848 2959 eui
867 2932 919 2951 non

967 2640 1062 2670 Coiub.
1082 2640 1110 2667 In
1128 2642 1182 2672 ed.,
1196 2641 1226 2667 τὺ

972 2398 1045 2424 nium
1060 2397 1267 2429 sublimissimo,
1280 2395 1357 2430 cujus
1372 2396 1535 2430 perexiguus
1550 2395 1658 2430 quidatn
1673 2394 1758 2426 rivus,

1025 2466 1047 2481 ⁸⁸
1077 2466 1087 2491 Ι
1105 2465 1168 2492 Cor.
1196 2472 1244 2496 tn,
1262 2464 1288 2491 2.
1328 2465 1350 2480 ⁵¹
1370 2464 1451 2493 Prov.
1467 2472 1494 2498 ιι,
1508 2464 1541 2491 19

964 2537 1041 2564 sedet
1058 2535 1083 2562 in
1099 2535 1221 2570 magistri
1238 2534 1367 2562 cathedra
1378 2555 1386 2567 ,
1408 2535 1450 2562 cui
1478 2534 1607 2561 incumbil
1631 2534 1664 2561 de
1680 2535 1762 2564 rebus

966 2572 1065 2598 divinis
1079 2578 1230 2598 sermonem
1254 2571 1364 2601 habere,
1379 2576 1405 2597 ct
1418 2571 1495 2596 fidem
1508 2570 1653 2604 explicare.

1002 2607 1058 2647 (τῷ)
1074 2606 1129 2647 ζ’ὸν
1139 2605 1231 2647 per?
1246 2605 1300 2647 τιδι’
1310 2604 1417 2647 δέ.“81‹ξ
1434 2612 1487 2632 tres
1509 2605 1606 2639 Regg.,
1624 2605 1671 2632 0r.
1701 2606 1713 2632 1
1734 2611 1762 2634 et

1008 2642 1062 2670 iub.
1082 2641 1110 2667 ln
1128 2642 1182 2672 ed.,
1196 2641 1226 2667 τὺ
1244 2641 1328 2675 μὲν...
1344 2641 1373 2666 τὸ
1389 2641 1427 2667 δέ.

1005 2677 1060 2711 (80)
1077 2676 1151 2710 Γάρ.
1165 2677 1283 2711 [teestiu
1300 2675 1364 2709 Reg.
1377 2677 1392 2702 b
1407 2675 1487 2711 etOr.
1505 2675 1530 2702 l.

1007 2709 1062 2747 (81)
1073 2712 1127 2738 Καὶ
1140 2710 1194 2745 γὰρ
1207 2709 1328 2744 νοῆσαι,
1342 2716 1394 2738 etc.
1409 2710 1485 2738 Plato
1505 2712 1529 2737 in
1545 2710 1654 2744 Ttnttco,
1670 2715 1696 2738 et
1715 2710 1762 2738 Ci-

972 2755 1034 2775 cero
1052 2747 1087 2774 De
1103 2747 1282 2778 universitate,
1297 2747 1419 2772 eamdem
1432 2747 1594 2773 sententiam
1613 2747 1724 2773 habent.

1007 2781 1063 2817 (82)
1099 2780 1278 2816 Ἐπιτυχεῖν.
1310 2780 1403 2808 Plures
1436 2781 1519 2816 llegg.
1553 2787 1581 2809 et.
1606 2782 1760 2814 Οι.1,τυ-

970 2819 1037 2853 χεῖν.

1008 2852 1071 2888 (83),
1091 2853 1281 2888 Ὰπαύγασμα
1314 2852 1400 2879 κάτω.
1419 2852 1463 2879 Sic
1483 2852 1548 2888 Reg.
1567 2853 1621 2888 btu,
1634 2854 1716 2882 Cois].
1743 2854 1757 2882 1

971 2893 997 2917 et
1014 2888 1039 2922 2,
1057 2887 1104 2916 0r.
1125 2889 1149 2922 ί,
1162 2887 1214 2917 ctc.
1228 2889 1393 2917 Decstxitw
1414 2889 1438 2915 iu
1454 2889 1496 2915 ed.
