2029 3127
277 157 326 186 191

883 158 913 187 S.
937 159 1101 187 GREGORII
1123 158 1294 186 TllEOLOGI

1859 159 1912 186 lii!

275 223 308 242 ac
324 215 416 242 radius
447 214 481 242 ad
510 215 638 242 inferiora
671 216 838 252 pertingens,
864 223 907 244 est
936 217 1026 245 lumen
1045 218 1071 245 id

1124 218 1235 252 φθάνον,
1249 217 1306 252 φῶς
1318 218 1402 251 ἅπαν,
1416 218 1468 245 κᾶν
1482 218 1678 255 ὑπέρλαμπρον
1695 219 1824 253 φαίνηται
1833 227 1840 233 ·
1854 213 1912 245 ἀλλ’

275 268 356 288 omne
373 261 444 295 quod
463 261 612 294 cernimus,
631 263 807 296 quantumvis
833 263 1002 298 splendidum
1028 265 1068 291 vi-

276 307 388 339 deatur;
417 306 474 339 sed,
506 311 535 334 ιιι
550 307 636 340 vides,
655 307 799 343 caliginem
825 314 946 336 nostram
972 309 1068 342 calcat,

276 360 308 379 ac
327 352 457 380 tenebras
477 353 619 380 latibulum
639 361 719 381 suum
736 354 825 388 posuit
839 355 874 387 ",
887 362 988 391 easque
1000 356 1070 382 inter

275 405 305 425 se
337 406 369 425 ac
390 406 449 431 nos,
479 400 707 433 quemadmodum
733 400 799 428 olint
828 401 934 437 Moyses
948 401 1069 429 velamen

275 446 348 471 inter
369 452 398 472 se
421 450 449 472 et
464 446 612 473 obduratos
642 446 791 479 lsraelitas,
817 447 954 482 interiecit
975 448 1010 480 ⁵³,
1037 456 1070 475 ne

276 491 424 526 sepositam
443 499 476 518 ac
491 493 660 519 reconditam
679 493 922 528 pulchritudinem,
936 501 988 528 qua
1004 502 1071 528 pau-

276 536 300 564 ci
316 536 387 571 digni
407 540 481 569 sunt,
496 536 642 572 caliginosa
661 543 759 565 natura
787 538 866 566 facile
887 539 987 572 videat,
1004 539 1070 566 faci-

275 583 355 618 leque
381 582 536 616 huiusmodi
563 589 690 618 aspectus
717 591 828 619 compos
863 584 970 617 eﬂ'ecta,
991 584 1070 612 facile

275 635 383 663 quoque
408 632 520 663 propter
547 628 715 664 adipiscendi
745 629 905 658 facilitatem
933 631 1039 658 amittat
1061 641 1069 659 :

274 681 368 701 verum
384 673 474 701 lumen
489 681 550 701 cum
572 674 685 707 lumine,
703 681 811 710 semper
827 675 853 702 in
879 676 994 703 sublime
1023 684 1072 710 per

275 719 466 754 appetitionem
482 719 616 753 trahente,
635 725 768 751 versetur.
789 727 821 747 ac
841 727 927 754 mens,
943 721 1069 748 vitiorum

275 765 389 792 maculis
401 770 556 800 repurgata,
575 766 728 800 purissima:
748 767 831 794 menti
844 767 985 802 jungatur,
1006 775 1070 802 par-

277 811 380 845 timque
398 818 470 837 nunc
488 811 568 838 nobis
584 811 685 846 aliquid
700 816 841 846 appareat,
866 813 963 846 partim
980 818 1070 839 autem

276 862 381 892 postea,
416 858 467 884 hoc
492 857 600 885 scilicet
629 858 749 888 virtutis.
777 858 1017 893 propensiorisque
1044 859 1070 886 in

277 905 362 932 Deum
380 905 478 938 animi,
492 913 539 932 seu
550 912 686 939 expressae
704 905 777 932 illius
792 906 978 933 similitudinis
1001 913 1067 940 ιιι-ω·
1086 894 1108 923 Β

275 951 360 978 ιιιίιιιιι
374 950 475 978 ferens.
491 949 614 978 Videmus
629 951 698 978 enim
714 959 792 982 nunc,
806 952 904 985 inquit,
919 960 965 986 per
975 960 1069 986 specu-

275 995 329 1022 lum
349 1001 372 1022 et
388 997 416 1022 in
431 996 588 1031 aenigmate:
605 1000 666 1023 tunc
675 1001 761 1023 autem
779 995 860 1031 590
886 997 954 1031 [acie
983 998 1017 1024 ad
1028 997 1070 1031 fa-

275 1041 350 1068 ciem.
364 1040 441 1067 Nunc
448 1049 574 1075 cognosco
583 1049 615 1068 επ
628 1045 703 1075 parte
715 1049 724 1068 ξ
739 1047 800 1068 tunc
815 1047 901 1068 autem
915 1050 1070 1077 cognoscam

274 1088 341 1114 sicut
366 1093 390 1114 et
407 1088 527 1122 cognitus
548 1095 606 1114 tum
621 1087 655 1115 ⁸⁸.
681 1087 787 1120 Quanta
803 1092 845 1114 est
867 1088 957 1114 vilitas
977 1093 1069 1115 nostra

274 1138 302 1161 et
316 1133 450 1167 abjectiu!
472 1133 578 1166 Quanta
608 1141 702 1161 rursus
715 1133 890 1168 pollicitatio!
909 1134 990 1161 Deum
1008 1141 1070 1168 per-

275 1179 337 1206 inde
343 1186 515 1214 cognoscere,
526 1179 660 1214 utcogniti
669 1186 773 1206 smnus.
782 1179 841 1206 llaec
848 1179 947 1207 Paulus
957 1187 1070 1215 magnus

276 1226 321 1253 ille
338 1226 461 1253 veritatis
485 1234 586 1260 przecn,
607 1227 728 1260 gentium
760 1227 785 1254 in
815 1227 867 1254 fide
894 1227 1022 1261 magister
1037 1227 1069 1259 ",

276 1272 321 1307 qui
338 1272 533 1307 amplissimum
552 1274 644 1300 orbem
670 1274 815 1310 Evangelio
830 1274 951 1308 implevit
965 1274 998 1306 ";
1025 1275 1070 1308 qui

277 1319 345 1346 tium
360 1318 457 1346 caelum
482 1320 633 1353 penetravit
655 1320 691 1353 ⁵⁷,
717 1321 764 1355 qui
787 1321 907 1355 paradisi
933 1325 1070 1355 spectator

277 1365 412 1392 desiderio
428 1363 559 1400 ﬂagrabat
575 1365 609 1393 δ’.

313 1411 384 1440 XVI.
401 1414 441 1441 Ac
455 1413 560 1449 Moyses
579 1414 688 1448 quidem
706 1415 753 1441 Dei
778 1414 928 1449 posteriora
956 1422 1004 1450 per
1023 1422 1070 1450 pe-

279 1465 348 1487 tram
363 1460 407 1487 vix
426 1461 570 1495 conspexit
580 1461 603 1477 “
624 1461 635 1495 (
651 1468 821 1496 quaecunque
850 1462 958 1489 tandem
981 1466 1072 1496 poste-

278 1507 350 1532 riora
371 1505 416 1534 ille
440 1511 529 1538 erant.
545 1511 574 1533 ct.
593 1514 762 1541 quaecunque
780 1506 879 1542 petra),
902 1507 981 1542 idque
1009 1514 1070 1534 cum

279 1552 394 1579 multum
419 1557 546 1587 precatus
560 1557 643 1585 esset,
655 1559 686 1579 ac
699 1553 825 1587 promissi
839 1560 948 1588 compos
963 1553 1049 1580 factus
1062 1561 1069 1579 :

280 1597 333 1624 nisi
348 1599 420 1632 qttod
438 1605 490 1624 non
517 1601 632 1630 tantum,
657 1603 786 1632 quantum
815 1599 970 1633 exoptabat,
993 1599 1070 1633 vidit,

280 1643 393 1677 plusque
405 1643 467 1670 illud
483 1643 543 1676 fuit,
556 1644 626 1678 quod
641 1652 702 1671 eum
716 1644 793 1680 fugit,
807 1652 887 1679 quant
900 1645 971 1680 quod
988 1645 1071 1680 ipsius

280 1688 365 1715 oculis
380 1696 439 1716 sese
455 1689 567 1722 obiecit;
582 1689 696 1725 Moyses,
715 1691 835 1725 inquam,
864 1691 909 1725 qui
923 1691 1072 1718 Pharaonis

281 1735 354 1762 Deus
367 1741 436 1768 erat,
454 1737 499 1771 qui
518 1741 621 1763 tantam
640 1737 778 1764 hominum
803 1737 1000 1765 multitudinem
1024 1738 1072 1764 du-

283 1781 385 1815 ctabat,
405 1783 450 1817 qui
468 1787 570 1810 tantam
583 1783 774 1810 miraculorum
789 1783 843 1810 vim
863 1784 1071 1811 demonstrarat.

281 1826 322 1854 Tu
337 1834 412 1860 vero,
423 1835 556 1862 quosnam
570 1835 684 1862 usquam
711 1828 818 1855 cnelitus
846 1828 956 1855 aluisti?
987 1828 1071 1861 Quam

283 1880 380 1907 aquam
404 1881 419 1900 e
438 1878 512 1908 petra
542 1873 669 1901 exludisli
686 1873 727 1900 “‘2
745 1873 820 1906 Quod
835 1881 909 1900 mare
927 1874 1000 1907 virga
1031 1873 1072 1899 di-

283 1918 437 1953 rupisti“?
468 1918 551 1951 Quem
585 1919 711 1953 populum
745 1926 793 1953 per
817 1926 919 1953 aquas,
946 1923 1072 1953 tanquam

284 1972 331 1999 per
353 1964 468 1996 aridam,
501 1965 696 1992 transmisisti?
725 1965 797 1998 Quos
822 1965 913 1992 hostes
948 1964 1073 1992 ﬂuetibus

283 2011 413 2038 obruisti?
438 2011 511 2044 Quos
542 2019 590 2046 pcr
611 2011 680 2046 ignis
693 2015 724 2038 et
745 2010 823 2038 nubis
851 2011 1002 2038 columnam
1029 2011 1074 2037 de-

283 2056 383 2084 duxisti
401 2057 443 2083 δεῖ)
463 2056 535 2089 Quos
548 2057 712 2084 Amalecitas
726 2064 773 2091 per
791 2057 953 2088 orationem,
971 2062 996 2083 et
1017 2064 1073 2083 ma-

284 2111 366 2129 nuum
388 2103 576 2130 extensionem
589 2104 622 2135 ⁸⁸,
633 2111 665 2130 ac
680 2111 787 2130 crucem
801 2108 876 2130 tanto
888 2109 950 2130 ante
961 2104 1074 2138 mystice

283 2148 484 2180 adumbratam,
505 2149 599 2176 fudisti
619 2154 646 2176 et
670 2149 827 2184 proﬂigasti,
854 2155 882 2176 ut
911 2149 1009 2176 misere
1034 2154 1074 2175 te—

1120 265 1205 300 όρᾷς,
1225 264 1324 298 γνόφον
1349 265 1431 291 πατεῖ
1454 263 1510 299 (84)
1533 264 1579 291 τὸν
1599 264 1742 300 ἡμέτερον,
1763 265 1810 291 καὶ
1837 264 1913 291 ἔθετο

1122 309 1218 341 σκότος
1234 309 1398 345 ἀποκουφὴν
1415 309 1496 335 αὐτοῦ
1507 329 1514 341 ,
1534 309 1616 344 μέσον
1638 309 1720 336 αὑτοῦ
1741 309 1797 345 (85)
1817 318 1848 336 τε
1865 310 1912 336 καὶ

1121 355 1200 391 ἡμῶν
1217 355 1291 388 θεὶς,
1306 355 1401 391 ὥσπερ
1425 356 1472 382 καὶ
1495 355 1615 390 Μωῡσῆς
1634 355 1718 382 πάλαι
1733 355 1763 381 τὸ
1779 355 1911 390 κάλυμμα

1122 401 1219 428 ἑαυτοῦ
1234 411 1263 429 τε
1277 402 1388 437 καὶτῆς
1402 400 1558 437 πωρώσεως
1574 401 1690 437 Ἰσραὴλ,
1702 401 1744 427 ἵνα
1758 401 1795 436 μὴ
1812 402 1911 436 ῥᾳδίως

1123 448 1165 485 ἴδῃ
1181 448 1306 484 σκοτεινὴ
1321 447 1401 483 φύσις
1420 447 1450 474 τὸ
1465 447 1595 474 ἀπόθετον
1617 447 1714 479 κάλλος
1726 467 1734 479 ,
1749 448 1796 474 καὶ
1815 447 1912 482 ὀλίγων

1121 495 1207 527 ἄξιον,
1228 494 1295 530 μηδὲ
1314 494 1412 530 ῥᾳδίως
1432 494 1560 529 ὲπιτυχὸν
1580 494 1647 529 (86),
1663 493 1761 529 ῥᾳδίως
1778 494 1825 520 καὶ
1843 494 1910 520 ἀπο-

1122 540 1192 577 ϐάλῃ
1213 540 1258 567 διὰ
1274 540 1323 576 τὴν
1345 539 1469 566 εὐκολίαν
1486 540 1536 575 τῆς
1555 540 1695 576 κτήσεως’
1721 539 1779 574 φῶς
1804 539 1860 574 (87)
1883 539 1911 566 at

1121 587 1240 623 ὁμιλήσῃ
1252 587 1332 621 φωτὶ,
1349 587 1393 614 ἀεὶ
1405 587 1473 623 πρὸς
1489 587 1520 613 τὺ
1532 586 1599 622 ὕψος
1609 587 1715 613 ἕλκοντι
1729 585 1772 612 διὰ
1785 586 1834 621 τῆς
1851 586 1912 620 ἐφέ-

1123 642 1203 665 σεως,
1223 634 1270 660 καὶ
1284 633 1346 665 νοῦς
1359 633 1499 669 πλησιάσῃ
1511 633 1551 668 τῷ
1569 633 1759 668 καθαρωτάτῳ
1773 631 1908 667 κεκαθαρ-

1124 679 1213 714 μένος,
1230 678 1278 705 καὶ
1292 678 1323 704 τὸ
1340 678 1390 713 μὲν
1407 678 1469 714 ἄρτι
1489 679 1575 713 φανῇ,
1598 677 1627 704 τὸ
1641 677 1669 703 δὲ
1688 676 1811 711 ὕστερον,
1832 674 1911 703 ἆθλον

1122 725 1222 760 ἀρετῆς
1240 724 1287 750 καὶ
1300 724 1350 759 τῆς
1363 723 1487 750 ἐντεῦθεν
1498 723 1566 758 πρὸς
1577 723 1642 749 αὐτὸ
1653 722 1709 758 (88)
1726 723 1856 755 νεύσεως,
1871 723 1910 748 εί-

1122 779 1184 797 τουν
1209 769 1406 805 ὲξομοιὼσεως.
1423 769 1580 804 Βλέπομεν
1598 770 1654 804 γὰρ
1673 769 1748 803 ἂρτι,
1772 769 1849 804 φησὶ,
1873 768 1910 795 δι’

1121 817 1272 850 ἐσόπτρου
1297 817 1345 843 καὶ
1367 817 1402 842 ὲν
1417 816 1583 851 αἰνίγματι,
1604 815 1670 842 τότε
1693 815 1727 841 δὲ
1751 816 1910 849 πρόσωπον
1937 829 1939 847 ε

1125 862 1200 898 πρὸς
1214 863 1394 896 πρόσωπον·
1415 861 1481 896 ἄρτι
1499 861 1633 896 γινώσκω
1652 862 1685 888 ἐκ
1705 861 1826 896 μέρους,
1846 862 1911 887 τότε
1936 856 1938 867 ’

1122 909 1156 936 δὲ
1176 908 1379 944 ἐπιγνώσομαι
1400 908 1497 940 καθὼς
1523 907 1572 935 καὶ
1594 908 1798 942 ἐπεγνώσθην.
1816 907 1866 934 Καὶ
1881 907 1910 933 τὸ
1927 915 1931 938 1

1121 955 1248 982 ταπεινὸν
1262 954 1339 990 ἡμῶν
1354 955 1432 980 δσονί
1449 954 1496 981 καὶ
1513 955 1528 990 ή
1543 953 1691 988 ἐπαγγελία
1708 953 1824 988 πηλίκηί
1841 953 1909 987 γνῶ-

1122 1009 1166 1027 ναι
1181 1000 1248 1027 Θεὸν
1261 999 1399 1032 τοσοῦτον,
1415 1000 1477 1026 ὅσον
1493 998 1663 1034 ἐγνώσμεθα.
1677 998 1769 1026 Ταῦτα
1781 997 1885 1030 Παῦλος
1897 1000 1910 1025 ὁ

1125 1045 1209 1081 μέγας
1224 1045 1311 1080 κῆρυξ
1331 1045 1381 1080 τῆς
1397 1045 1541 1080 ἀληθείας,
1561 1046 1575 1071 6
1598 1045 1654 1071 τῶν
1671 1044 1755 1071 ἐθνῶν
1775 1045 1804 1071 ὲν
1824 1044 1910 1071 πίστει

1124 1091 1296 1123 διδάσκαλος.
1310 1092 1325 1118 6
1338 1091 1384 1118 τὸν
1398 1091 1481 1118 πολὺν
1492 1091 1592 1118 κύκλον
1603 1090 1649 1117 τοῦ
1663 1090 1828 1124 Εὐαγγελίου
1844 1091 1910 1125 τιλη-

1125 1135 1226 1172 ρώσας,
1241 1138 1256 1163 6
1275 1136 1313 1172 μὴ
1328 1136 1400 1172 ἄλλῳ
1419 1137 1472 1163 τινὶ
1492 1137 1557 1169 ζῶν,
1576 1137 1592 1172 ἢ
1608 1136 1728 1172 Χριστῷ,
1740 1137 1755 1162 6
1773 1136 1852 1171 μέχρι
1866 1136 1910 1163 οὺ-

1126 1182 1205 1218 ρανοῦ
1231 1182 1322 1218 τρίτου
1339 1183 1461 1217 φθάσας,
1486 1184 1500 1210 6
1519 1183 1566 1209 τοῦ
1589 1182 1753 1218 παραδείσου
1768 1181 1908 1218 θεατὴς.ἰ

1124 1227 1215 1254 ποθῶν
1229 1228 1275 1255 διὰ
1288 1228 1336 1264 τὴν
1348 1228 1507 1264 τελειότητα
1526 1228 1574 1264 τὴν
1592 1228 1731 1257 ἀνάλυσιν,

1091 1275 1155 1302 nulli
1177 1276 1233 1308 alii,
1247 1284 1327 1311 quam
1341 1276 1462 1309 Christo,
1481 1276 1548 1303 vixit
1563 1277 1609 1307 W,
1629 1277 1674 1310 qui
1695 1283 1780 1310 usque
1809 1277 1841 1302 ad
1857 1279 1911 1302 ter-

1091 1321 1141 1348 fuit
1155 1322 1189 1354 ⁸³,
1203 1323 1248 1356 qui
1279 1323 1396 1357 denique
1430 1322 1605 1357 perfectionis
1632 1329 1714 1349 causa
1730 1322 1876 1349 dissolutio:
1890 1322 1910 1348 is

1160 1416 1219 1449 ις’.
1238 1415 1294 1442 Καὶ
1320 1415 1441 1450 Μωῠσῆς
1466 1415 1515 1450 μὲν
1538 1414 1594 1449 (89)
1617 1414 1693 1449 μόλις
1711 1410 1764 1440 εἶδε
1789 1413 1856 1439 Θεοῦ
1879 1412 1912 1438 τὰ

1125 1461 1237 1489 ὀπίσθια
1251 1461 1295 1488 διὰ
1306 1462 1355 1497 τῆς
1371 1462 1472 1496 πέτρας
1485 1461 1580 1495 (ἅτινα
1596 1460 1682 1487 ταῦτά
1703 1461 1770 1491 ἐστι,
1788 1460 1836 1486 καὶ
1853 1459 1912 1494 ἦτις

1085 1524 1107 1552 c
1125 1509 1142 1544 ὴ
1161 1508 1287 1543 πέτρα),
1318 1507 1365 1534 καὶ
1385 1507 1472 1534 ταῦτα.
1498 1506 1583 1533 πολλὰ
1609 1506 1731 1541 δεηθεὶς,
1758 1506 1806 1532 καὶ
1825 1504 1910 1552 τνχὼν
1932 1516 1933 1519 η

1125 1553 1316 1588 ὑποσχέσεως·
1343 1552 1411 1587 πλὴν
1432 1553 1472 1578 ὅτι
1497 1552 1552 1587 μὴ,
1580 1551 1641 1577 ὅσον
1669 1551 1812 1586 ἐπόθησεν.
1834 1548 1910 1579 εἶδεν,

1123 1599 1192 1626 ἀλλὰ
1213 1599 1294 1625 πλέον
1316 1598 1372 1633 (90)
1389 1597 1437 1624 τοῦ
1461 1597 1662 1632 φαντασθέντος
1679 1594 1712 1632 ἦν
1733 1597 1748 1622 ὃ
1770 1596 1908 1629 διέφυγεν·

1123 1645 1254 1680 Μωῡσῆς,
1271 1645 1286 1671 6
1302 1644 1348 1670 τοῦ
1365 1643 1466 1679 Φαραὼ
1481 1643 1557 1675 Θεὸς,
1571 1644 1586 1669 ὁ
1604 1643 1729 1670 τοσοῦτον
1748 1643 1823 1676 ἄγων
1838 1642 1909 1673 λαὸν,

1124 1692 1138 1718 ὁ
1153 1690 1319 1726 τηλικαύτην
1333 1690 1454 1726 σημείων
1471 1689 1673 1724 ἐπιδειξάμενος
1685 1689 1807 1723 δύναμιν.
1823 1689 1858 1714 Σὺ
1873 1687 1910 1717 δὲ,

1124 1735 1200 1767 τίνας
1219 1735 1336 1770 ἔθρεψας
1357 1735 1387 1767 ἐξ
1413 1734 1545 1770 οὐρανοῦ;
1565 1735 1642 1760 Ποῖον
1662 1733 1733 1769 ὕδωρ
1756 1734 1787 1760 ἑκ
1811 1733 1911 1768 πέτρας

1124 1781 1244 1813 δέδωκας
1258 1781 1332 1815 (91);
1348 1781 1432 1806 Ποίαν
1447 1780 1563 1815 ἕῤῥηξας
1575 1779 1710 1806 θάλασσαν
1722 1779 1812 1815 ρἁδῳ
1825 1787 1832 1811 ς
1847 1779 1911 1805 Τίνα

1123 1826 1188 1853 λαὸν
1209 1826 1340 1861 διήγαγες
1358 1826 1396 1857 ὡς
1415 1825 1459 1852 διὰ
1477 1825 1562 1861 ξηρᾶς
1580 1825 1629 1860 τῆς
1650 1825 1752 1860 ὑγρᾶς;
1767 1824 1849 1856 Τίνας
1871 1825 1911 1859 ἐχ-

1125 1871 1206 1907 θροὺς
1233 1871 1447 1903 κατεπόντισας;
1461 1871 1544 1901 Τίνας
1556 1870 1642 1905 στόλῳ
1658 1871 1742 1905 πυρὸς
1764 1871 1809 1897 καὶ
1833 1870 1909 1905 νεφέ-

1124 1918 1172 1952 λης
1183 1918 1327 1953 ὡδήγησας
1339 1927 1346 1950 ;
1360 1917 1426 1944 Τίνα
1446 1917 1674 1952 κατεπολέμησας
1693 1917 1816 1952 Ἀμαλὴκ
1834 1917 1909 1952 εὐχῇ.

1125 1963 1172 1989 καὶ
1187 1963 1287 1998 χειρῶν
1305 1963 1433 1994 ἐκτάσει,
1451 1962 1498 1988 καὶ
1518 1961 1556 1996 τῷ
1574 1961 1682 1997 σταυρῷ
1698 1962 1910 1997 προτυπουμένῳ

1126 2009 1267 2044 πόρρωθεν
1283 2008 1438 2043 μυστικῶς,
1463 2008 1495 2034 ἵν’
1562 2017 1602 2034 σοι
1619 2007 1745 2042 συμφορὰ
1765 2007 1795 2033 τὸ
1816 2008 1852 2042 μὴ
1870 2015 1910 2032 τε·

1124 2055 1205 2086 λείως
1221 2054 1384 2081 καταλαϐεῖν
1409 2053 1464 2088 (9‘2)
1487 2054 1569 2086 Θεὸν,
1591 2055 1637 2081 καὶ
1661 2053 1705 2080 διὰ
1725 2053 1805 2079 τοῦτο
1825 2053 1910 2080 πάντα

1125 2101 1233 2135 δονῆται
1246 2122 1252 2131 ,
1279 2101 1326 2127 καὶ
1344 2100 1399 2127 ἅνω
1416 2100 1463 2126 καὶ
1480 2101 1555 2127 κάτω
1570 2094 1686 2135 φέρηται
1699 2098 1772 2135 (95);
1794 2100 1870 2125 Ἐπεὶ
1883 2099 1910 2125 δὲ

1126 2146 1264 2177 Μωῡσέως
1283 2145 1422 2180 ἐμνήσθην
1433 2165 1440 2176 ,
1456 2145 1505 2172 οὑκ
1521 2145 1621 2180 ἔμαθες
1636 2144 1758 2171 ἐντεῦθεν
1777 2145 1911 2180 χαρίσμα-

283 2201 344 2221 cum
359 2199 385 2221 et
401 2195 558 2222 calamitose
573 2196 615 2230 agi
645 2200 734 2230 putes,
754 2195 825 2228 quod
844 2194 922 2228 plene
938 2201 969 2220 ac
985 2193 1071 2227 perfe-

1125 2200 1170 2222 τος
1183 2191 1344 2218 ἀκολουθίαν
1355 2192 1402 2218 καὶ
1416 2191 1496 2226 νόμον
1506 2191 1623 2223 τάξεως;
1637 2192 1668 2218 Εἰ
1683 2191 1730 2226 μὲν
1743 2189 1767 2217 εἷ
1781 2191 1848 2217 Mori
1854 2191 1908 2226 τῆς,

284 2245 326 2266 cte
341 2240 424 2267 Deum
449 2248 501 2268 non
518 2240 744 2275 comprehendas.
758 2246 838 2274 atque
855 2240 956 2267 idcirco
979 2238 1070 2265 omnia

285 2286 330 2312 tibi
350 2287 462 2319 moveri,
479 2294 510 2313 ac
524 2294 629 2314 sursum
646 2287 827 2319 deorsumque
843 2286 938 2318 iactari
957 2285 1070 2311 videan-

273 2341 275 2343 ’
318 2345 340 2360 ⁵⁵
354 2344 426 2371 Psal.
444 2352 508 2371 ιιιίι.
527 2344 569 2370 l2.
607 2345 630 2360 ⁸³
642 2344 727 2371 Exod.
747 2343 897 2375 xxxtv,55.
937 2343 959 2358 '“
975 2342 982 2369 l
998 2342 1123 2373 Conxtu,
1141 2340 1183 2367 12.
1223 2339 1277 2365 ⁵⁵11
1291 2339 1360 2366 Tim.
1380 2347 1398 2371 t,
1417 2340 1458 2366 ll.

284 2388 314 2404 ιι.
334 2380 379 2404 90.
433 2380 455 2395 ⁸⁷
474 2380 496 2404 ΙΙ
510 2378 575 2404 Cor.
592 2388 640 2404 xtt.
653 2380 679 2404 ΕΞ.
735 2379 834 2404 "ibid.
848 2378 875 2404 4.
932 2378 956 2394 Η
983 2378 1079 2404 l’liiltt).
1102 2385 1120 2404 I.
1144 2377 1189 2403 25.
1242 2375 1264 2390 ⁶⁰
1281 2374 1364 2401 Exod.
1384 2382 1458 2401 xxxu

1014 2383 1079 2403 ιιΙιι).
1102 2385 1120 2403 Ι.
1144 2383 1189 2403 20.

983 2386 1079 2410 rtnnp.
1102 2386 1120 2407 ι,
1144 2386 1189 2403 zo.
1243 2386 1264 2390 -ν
1281 2386 1290 2401 ι

962 2412 984 2428 ⁸⁸
1004 2413 1088 2439 Exod.
1105 2419 1170 2443 xvn,
1186 2410 1217 2436 l0
1231 2417 1290 2443 seq.

284 2388 314 2408 ιι.
334 2380 379 2406 ‘20.
433 2380 455 2395 ⁸⁷
473 2380 496 2406 ll
510 2378 575 2406 Cor.
592 2388 640 2411 xu,
653 2380 679 2405 2.
735 2379 758 2395 ⁸⁵
770 2379 834 2406 ibid.
848 2378 875 2404 4.

284 2416 305 2431 θ’
321 2415 407 2442 Exod.
425 2422 480 2447 xiv,
497 2416 530 2442 16
548 2422 608 2449 sqq.
648 2415 670 2430 ⁵³
687 2414 771 2441 Exod.
787 2422 846 2445 xui.
863 2414 909 2440 ~21.

319 2460 375 2493 (8i)
396 2459 494 2494 Ὁρᾷς.
515 2461 628 2494 γνόφων·
646 2460 742 2486 πατεῖ.
757 2459 801 2486 Sic
813 2459 880 2494 Reg.
897 2459 941 2485 lun
953 2463 980 2485 et
988 2458 1069 2485 Coisl.

283 2496 310 2523 ‘2.
324 2495 352 2522 In
375 2494 422 2522 Or.
441 2497 465 2527 Ι,
488 2496 548 2530 ὅρα,
570 2505 578 2520 ι
595 2496 694 2529 aspice.
713 2505 722 2520 )
751 2494 779 2520 lu
802 2495 873 2526 aliis,
898 2495 981 2529 ὁρᾷς;
1007 2494 1071 2530 ι-νίη

283 2530 383 2557 dasne?
401 2540 410 2556 ι
434 2529 459 2556 In
475 2528 732 2566 eduépijgpyvéwv
753 2531 857 2566 πατεῖν.
880 2528 969 2566 Schol.
986 2538 992 2554 :
1009 2528 1073 2554 Γνό-

284 2574 344 2599 ερον,
357 2565 489 2597 τουτέστι,
499 2566 549 2601 τὴν
560 2565 700 2601 ἡμετέραν
711 2565 859 2592 ἀσθένειαν·
884 2574 892 2589 ‹
913 2565 1070 2599 υίιιίειιιοιιι,

285 2601 311 2627 id
326 2605 376 2631 est,
393 2601 574 2628 infirmitatem
586 2608 714 2627 nostram.
730 2610 739 2625 ι

321 2636 377 2670 (8ξ))
393 2635 500 2662 Αὐτοῦ.
517 2637 572 2663 [)ιιο
588 2636 683 2670 liegg.,
701 2634 807 2661 ἑαυτοῦ,

320 2668 377 2710 (8(ξὶ
404 2670 574 2706 Ἐπιτυχόν.
604 2668 670 2706 lii-gn
683 2672 729 2703 hu,
742 2670 824 2698 Cuisl.
846 2670 857 2696 l
881 2673 908 2696 et
926 2668 979 2696 Bas
994 2689 1001 2701 ,
1015 2669 1073 2694 ἐπι-

284 2713 411 2732 τυγουσα.

319 2715 466 2774 (ἔξῗῗίιῶς.
491 2741 583 2768 Schol.
609 2740 772 2772 τΤουτέστι,
796 2739 858 2770 νοῦς
877 2738 996 2774 καθαρὸς
1024 2738 1075 2774 ,καὶ

286 2773 416 2812 ᾃγιοςντῷ
432 2776 551 2812 ἀληθινῷ
560 2776 630 2810 φωτὶ
639 2775 787 2812 πλησιάσῃ.
802 2774 943 2812 Σκοτεινὴν
952 2773 982 2812 δὲ
995 2773 1075 2812 φύσιν

286 2809 427 2847 λέγει-τήν
441 2809 824 2847 ἁμαρτητικῂννκατάστασινν.
849 2809 991 2847 Σκοτεινὴν
1021 2809 1075 2847 κίᾲρ

288 2843 433 2880 ἀνθρώπου
447 2843 528 2881 (ῥύσὶν
541 2843 585 2872 τὸν
599 2843 666 2872 Θεὸν
685 2846 794 2881 ποιῆσαι
809 2845 957 2881 ἀμήχανον·
975 2843 1076 2877 ἀγαθὸς

290 2879 345 2916 γὰρ
361 2881 410 2915 ὢν,
425 2879 496 2909 κάλὰ
511 2881 569 2909 λίαν
585 2881 673 2908 πάντα
692 2880 828 2914 ἐποίησεν·
849 2889 856 2903 ι
881 2879 907 2906 id
933 2883 983 2910 est,
1001 2886 1076 2905 tncns

1124 2238 1171 2264 καὶ
1200 2237 1249 2272 τῆς
1267 2237 1380 2272 νεφέλης
1408 2238 1471 2264 εἵσω
1503 2237 1639 2272 χώρησον,
1666 2238 1714 2264 καὶ
1732 2237 1807 2264 λάλει
1839 2238 1908 2272 Θεῷ,

1125 2285 1171 2310 καὶ
1203 2283 1293 2318 φωνῆς
1323 2283 1416 2316 ἄκουε,
1445 2283 1492 2310 καὶ
1508 2283 1582 2316 δέξαι
1611 2284 1709 2319 νόμον,
1736 2285 1783 2310 καὶ
1799 2284 1910 2319 νομοθέ-

1499 2339 1520 2355 ¹⁶
1537 2339 1614 2366 Rom.
1633 2340 1733 2367 Χν.19.
1775 2340 1808 2355 5“
1823 2340 1909 2367 Galat.

1242 2375 1264 2390 ⁶⁰
1281 2374 1364 2401 Exod.
1384 2382 1480 2405 xultt,
1497 2374 1532 2401 9.9.
1546 2382 1605 2409 sqq.
1657 2375 1679 2390 εί
1693 2375 1775 2402 Exod.
1796 2383 1866 2405 xm,
1885 2378 1909 2403 ti.

1125 2464 1191 2490 pura
1205 2460 1232 2482 et
1245 2459 1337 2482 sancta
1358 2461 1424 2492 vero
1440 2455 1534 2482 lumini
1557 2457 1762 2490 appropinquet.
1777 2457 1911 2492 Caligino-

1126 2499 1183 2518 sam
1202 2490 1418 2527 aute1n_ap_pellat
1431 2495 1565 2527 naturam,
1581 2492 1787 2527 propensionem
1804 2490 1911 2527 ad'pec-

1125 2531 1227 2553 catum.
1254 2524 1434 2559 Caliginosam
1458 2525 1530 2552 enim
1557 2524 1692 2553 conditam
1717 2526 1799 2552 fuisse
1822 2524 1912 2554 a'Deo

1127 2561 1390 2597 ltominisnaturam.
1417 2559 1564 2597 dicerefas
1584 2568 1635 2587 non
1662 2567 1716 2593 :st;
1741 2561 1838 2596 quippe
1867 2563 1910 2597 qui

1126 2596 1212 2623 bonus
1222 2603 1282 2622 cum
1302 2595 1347 2626 sit,
1359 2595 1447 2621 omnia
1462 2595 1538 2622 valde
1552 2596 1620 2622 bona
1633 2596 1743 2623 ereavit.
1760 2605 1769 2621 ι

1162 2630 1218 2665 (88)
1235 2630 1321 2656 Αὐτὸ.
1336 2630 1401 2664 Reg.
1412 2630 1456 2656 hut
1467 2635 1493 2656 et
1504 2629 1577 2662 Sam,
1594 2631 1683 2657 αὐτόν.

1163 2666 1218 2699 (89)
1241 2665 1314 2692 Μέγ.
1332 2665 1410 2700 Deest
1422 2666 1448 2691 in
1460 2665 1563 2692 duobus
1579 2666 1661 2700 Ἆρες.
1676 2671 1703 2693 et
1720 2664 1766 2692 Or.
1780 2665 1806 2692 l.

1165 2700 1222 2735 (90)
1235 2699 1344 2726 Πλέον.
1361 2699 1408 2726 0r.
1420 2701 1430 2726 l
1440 2721 1446 2730 ,
1461 2700 1561 2726 πλεῖον.

1165 2735 1219 2768 (91)
1233 2735 1376 2767 Δέδωκίις.
1390 2735 1446 2762 Duo
1460 2735 1542 2769 liegg.
1552 2739 1579 2762 ct
1591 2734 1637 2762 0r.
1656 2735 1681 2766 l.
1696 2735 1808 2767 ἔδωκας.

1165 2743 1219 2768 (ut)
1233 2743 1376 2767 Δεοωκίις.
1391 2743 1446 2762 uno
1461 2743 1513 2769 ιιεὲ
1536 2754 1542 2761 .
1552 2743 1579 2762 et
1591 2743 1637 2762 ur.
1656 2743 1681 2766 ι,
1696 2743 1808 2767 εοωκας.

1128 2770 1229 2831 “(23).
1240 2770 1433 2797 Κατιιλαϐεῖν.
1449 2771 1504 2797 Duo
1516 2743 1607 2806 iiegg.
1617 2776 1645 2797 et.
1661 2771 1707 2798 0r.
1727 2771 1752 2802 1,
1773 2771 1910 2805 καταλαμ-

1146 2813 1191 2833 ανε
1195 2814 1229 2831 ιν.

1169 2840 1226 2875 (95)
1238 2839 1395 2873 Δονῆται...
1411 2840 1621 2875 φέρηταιιὶρκ.
1637 2840 1691 2872 bnt,
1707 2844 1734 2868 et
1748 2839 1856 2874 Comb.,
1873 2840 1907 2867 δα

1130 2877 1250 2904 νεῖται.-.
1266 2875 1386 2910 φέρεται.
