2029 3127
118 166 170 192 195

449 162 587 190 'ORATIO
608 161 714 188 XXXII.
736 176 770 182 —-
790 162 833 189 DE
853 161 1099 189 MODERATIONE
1117 161 1148 189 IN
1175 161 1402 190 DISPLTANDO.

1699 163 1750 190 l9l-

116 233 211 260 τησον.
237 224 268 250 Εἰ
295 224 322 249 δὲ
352 223 478 259 ’Λαρὼν,
504 222 671 257 σννανάϐηϐι
690 223 755 256 μὲν,
773 221 841 248 ἀλλὰ
865 223 914 257 τῆς

968 223 1028 249 tur?
1047 224 1081 249 At
1108 223 1234 258 quoniam
1260 222 1360 258 Moysm
1388 223 1552 250 mentionem
1574 222 1635 256 feci,
1661 231 1751 251 nonne

116 271 234 305 νεφέλης
258 269 310 302 ἔξω
338 270 417 302 στῆθι
440 269 562 303 πλησίον.
586 269 617 294 Εἰ
632 269 660 295 δὲ
689 269 802 304 Ἰοάμαρ
822 277 874 300 τις,
895 269 911 303 ἢ

124 317 268 351 Ἐλεάζαρ,
281 315 328 342 καὶ
343 315 434 350 τρίτος
447 315 499 341 ἀπὸ
518 315 666 346 Μωῦσὲως,
678 315 694 350 ἦ
707 315 757 350 τῆς
767 315 912 350 γερουσίας

117 371 160 393 τις
180 362 228 388 καὶ
244 361 299 388 τῶν
318 361 531 396 Ἑϐδομήκοντα,
543 360 582 387 ἔτι
599 360 738 396 πόρρωθεν
750 360 837 395 στῆθι,
862 360 912 386 κᾶν

117 409 151 443 τῇ
173 409 266 435 στάσει
287 408 342 441 (91)
359 408 389 433 τδ
412 408 502 442 τρίτον
522 407 601 442 ἔχων.
617 407 648 432 Et
668 406 695 432 δὲ
713 407 759 433 τοῦ
775 406 839 432 λαοῦ
865 407 912 433 καὶ

118 454 173 480 τῶν
190 453 295 479 πολλῶν
311 450 350 484 εἷς
361 473 368 483 ,
395 453 425 479 οὐ
443 453 586 488 προσίεταί
604 461 633 478 σε
659 453 689 479 τὸ
709 453 787 488 ὅρος,
814 451 844 480 οὖ
861 452 911 479 κᾶν

119 499 214 534 θηρίον
239 499 317 534 Θίγῃ,
343 498 594 533 λιθοϐοληοὴσεται.
624 498 708 524 Κάτω
733 500 838 532 μεῖνον,
865 498 912 524 καὶ

121 546 205 580 μόνης
226 545 307 571 ἄκουε
327 545 375 578 τῆς
396 544 498 578 φωνῆς,
516 544 563 570 καὶ
575 543 687 578 ταύτης,
704 544 816 578 ἁγνίσας
830 552 910 570 σεαυ-

120 591 164 617 τὸν
185 591 233 617 καὶ
251 591 373 625 καθάρας
395 590 462 625 (95),
480 590 518 622 ὡς
533 590 698 622 ὃιατέταξαι.

967 268 1029 294 hinc
1044 269 1136 302 gratiae
1150 268 1246 294 divina:
1265 267 1376 298 seriem,
1397 266 1554 300 ordinisque
1571 265 1656 300 legem
1679 266 1751 293 didi-

967 314 1043 340 cisti?
1058 314 1086 341 Si
1099 313 1205 348 Moyses
1215 321 1255 346 es,
1272 315 1368 340 nubem
1379 320 1488 347 quoque
1499 313 1585 346 ipsam
1601 312 1750 346 ingredere,

966 365 993 385 et
1011 359 1093 385 Deum
1110 359 1257 394 adloquere,
1273 362 1301 385 et
1316 365 1409 385 vocem
1432 357 1505 390 audi,
1527 362 1554 384 et
1574 357 1658 392 legem
1683 358 1754 384 acci-

966 413 1009 440 pe,
1026 412 1058 432 ac
1076 406 1147 440 leges
1170 410 1260 432 statue
1274 404 1308 432 θ’.
1323 404 1351 431 Si
1372 410 1461 431 autem
1480 404 1580 435 Aaron,
1602 403 1680 431 simul
1693 403 1754 437 qui—

965 453 1024 479 dem
1044 452 1159 478 ascende
1179 460 1184 477 :
1209 459 1302 478 verum
1331 454 1408 478 extra
1439 451 1537 476 nubent
1556 450 1583 476 iu
1603 450 1754 484 propinquo

964 498 1084 525 consiste
1097 498 1129 524 ⁸⁸.
1153 497 1180 524 Si
1205 505 1269 524 vero
1298 496 1414 523 Ithamar
1439 496 1584 530 quispiam.
1603 499 1649 521 aut
1675 495 1754 522 Elea-

965 551 1011 569 zar
1027 542 1059 572 ⁵⁷,
1084 548 1164 576 atque
1180 550 1195 568 a
1211 542 1302 576 Moyse
1319 542 1431 574 tertius,
1445 541 1603 575 ordinisque
1623 540 1754 567 senatorii

964 593 992 615 et
1005 597 1037 615 ex
1052 588 1227 623 Septuaginta
1243 595 1323 620 unus,
1335 587 1440 622 longius
1455 587 1541 613 adhuc
1556 586 1670 621 gradum
1690 584 1752 620 ﬁge,

120 637 246 671 quamvis
275 638 370 664 ordine
397 637 505 664 tertius.
538 637 614 670 Quod
638 638 659 664 si
691 637 810 672 plebeius
837 637 982 671 quispiam,
1017 635 1154 668 inﬁmique
1182 635 1294 666 ordinis,
1326 642 1405 661 mons
1438 633 1548 660 minime
1566 637 1592 660 te
1617 633 1751 660 admittit;

121 685 220 719 quippe
239 693 319 719 quem
336 679 417 711 etiam
431 685 453 712 si
469 685 552 712 bestia
569 685 700 720 tetigerit,
717 685 850 720 lapidibus
877 684 1054 719 orprimetnr.
1082 682 1153 709 Infra
1187 689 1308 714 remane,
1341 689 1487 716 vocemque
1507 680 1591 708 solam
1618 681 1691 712 audi,
1711 680 1753 708 id-

121 740 174 767 que
188 733 270 759 etiam
286 736 427 766 postquam
445 733 574 767 teipsum.
591 737 619 759 ut
632 731 725 767 jussus
739 740 779 764 es,
791 733 943 764 cxpiawris
959 738 989 756 ac
1010 731 1227 764 perpurgaveris.

157 781 206 807 lZ'.
221 780 276 806 Καὶ
293 780 337 806 ἴνα
355 789 383 806 σε
408 780 545 807 παιδεύσω
567 779 610 806 διὰ
636 780 776 811 πλειόνων,
796 780 837 811 τίς
860 779 913 805 τῶν

122 827 217 862 ἱερέων
232 827 349 853 ἑτελείου
366 827 415 858 τὰς
437 828 549 862 χεῖρας;
570 828 699 863 Μωϋπῆς.
722 827 769 859 Τίς
793 827 846 854 τῶν
870 835 914 853 τε-

1006 777 1086 804 XVII.
1105 778 1192 811 Atque
1209 782 1237 803 ut
1258 777 1367 803 uberius
1385 781 1410 804 te
1427 777 1568 808 iuslt'uatn,
1586 777 1646 810 quis
1662 783 1755 803 saet-r-

968 824 1061 851 dotum
1081 830 1177 850 manus
1198 823 1389 850 consecrabat?
1412 822 1528 858 Moyses.
1555 824 1619 856 Quis
1645 830 1754 855 eorum,

122 872 287 906 ἠξιωμένων
299 873 313 898 ὁ
328 873 452 908 πρῶτος
472 873 588 909 Ἀαρών.
605 873 660 900 Καὶ
672 873 712 899 ἐτι
729 873 783 909 πρὸ
798 873 912 905 τούτων,

967 870 1013 904 qui
1028 870 1270 901 consecrabantur,
1293 869 1397 903 primus
1413 871 1490 897 erat‘!
1512 872 1611 896 Aaron.
1631 869 1695 902 Quis
1712 877 1756 895 au-

120 918 162 949 τίς
178 918 213 944 τὰ
228 918 296 953 πρὸς
317 917 382 944 Θεὸν
399 916 448 953 ἦν;
461 919 516 944 Καὶ
530 919 572 949 τίς
590 918 648 944 ἀντὶ
667 918 759 953 φωνῆς
778 918 817 953 τῷ
838 919 912 953 λαῷ;

121 963 169 994 Ei;
189 962 217 988 δὲ
232 962 266 988 τὰ
284 963 366 996 ’Ἅγια
387 962 442 988 τῶν
462 962 548 996 ἁγίων
570 963 656 998 εἰσῄει
679 962 730 994 τίς,
753 962 822 998 πλὴν
839 963 912 995 ἑνός

128 1009 184 1035 Ἀεὶ
202 1008 230 1034 δὲ
253 1006 348 1040 οὗτος
366 1008 516 1043 Οιδαμῶς·
541 1008 598 1034 ἀλλ’
616 1008 688 1041 απαξ
707 1009 755 1035 τοῦ
779 1009 913 1041 ἐνιαυτοῦ,

121 1054 169 1081 καὶ
184 1052 219 1088 ἦν
234 1054 289 1080 ὅτε.
307 1054 425 1088 Ἔφερον
443 1053 472 1080 δὲ
488 1053 538 1089 τὴν
557 1053 658 1088 σκηνὴν
677 1053 758 1085 τίνες,
775 1053 845 1089 πλὴν
861 1054 915 1080 τῶν

121 1100 260 1133 Λευῑτῶν;
278 1100 332 1126 Καὶ
351 1098 440 1131 οὗτοι,
466 1099 557 1131 καθὼς
579 1099 749 1131 διετέτακτο,
765 1100 788 1126 οἱ
815 1099 863 1135 μὲν
882 1099 916 1126 τὰ

123 1146 274 1182 τιμιώτερα
289 1145 405 1182 ταύτης,
426 1147 452 1172 οἱ
470 1146 499 1172 δὲ
514 1145 549 1172 τὰ
571 1145 687 1182 δεύτερα
700 1166 707 1178 ,
721 1145 812 1177 καθὼς
829 1147 846 1181 ἡ
861 1145 916 1172 τῶν

122 1193 259 1228 φερόντων
271 1192 334 1225 ἀξία
345 1201 352 1224 ;
371 1193 447 1218 Ἐπεὶ
455 1192 482 1218 δὲ
494 1193 540 1219 καὶ
547 1192 732 1226 φυλάσσεσθαι
741 1192 842 1226 ταύτην
852 1192 914 1224 ἔδει,

121 1236 276 1270 ἐφύλασσον
287 1235 368 1268 τίνες,
380 1236 427 1262 καὶ
439 1236 512 1267 πῶς;
525 1236 556 1262 Οἱ
569 1236 618 1271 μὲν
632 1236 692 1262 τάδε
705 1237 736 1262 τὸ
748 1236 839 1268 κλίτος
848 1236 915 1272 (96),

122 1283 145 1308 εἰ
157 1282 185 1308 δὲ
197 1282 253 1308 τόδε
262 1290 269 1296 ·
287 1282 333 1308 καὶ
345 1281 405 1308 οὐδὲ
419 1281 474 1316 (97)
486 1281 628 1317 ἀόριστον,
644 1282 704 1308 οὐδὲ
717 1282 844 1315 ἄτακτον,
857 1283 917 1309 οὐδὲ

121 1327 177 1354 τῶν
189 1327 351 1362 ἐλαχίστων.
375 1328 471 1362 Ἡμεῖς
482 1327 511 1354 δὲ
526 1327 559 1354 ἂν
577 1327 675 1362 μικροῦ
689 1327 814 1363 δοξαρίου
830 1327 917 1362 τύχω-

125 1383 185 1409 μεν,
209 1374 225 1409 ἢ
250 1373 310 1400 οὐδὲ
329 1373 424 1400 τούτου
445 1373 592 1405 πολλάκις,
619 1373 676 1400 ἀλλ’
698 1373 735 1405 ὡς
765 1372 871 1408 ἔτυχεν,
900 1373 916 1408 ἢ

123 1420 170 1446 δύο
193 1420 262 1455 (98),
278 1419 295 1455 ἢ
313 1420 378 1455 τρία
397 1421 508 1455 ῥήματα
529 1420 579 1455 τῆς
598 1419 709 1455 Γραφῆς
728 1420 918 1455 ἐκμελετήσω-

126 1474 186 1500 μεν,
203 1466 250 1492 καὶ
265 1466 353 1493 ταῦτα
368 1466 613 1501 περικεκομμέναις
629 1466 676 1493 καὶ
694 1466 815 1501 ἀνοήτως
830 1466 918 1501 (τοῦτο

124 1512 224 1543 ἐκεῖνο,
239 1513 256 1547 ἡ
277 1512 449 1548 αὺθημερινὴ
473 1513 572 1547 σοφία,
589 1512 636 1539 καὶ
654 1512 668 1538 ὁ
690 1512 719 1538 ὲν
735 1512 847 1548 Χαλάνῃ
861 1512 917 1546 (99)

968 921 1034 948 tetu,
1054 916 1123 950 quod
1140 921 1203 943 ante
1214 923 1228 943 a
1243 916 1320 942 nobis
1335 915 1436 942 dictum
1449 916 1578 950 oportuit,
1594 923 1636 948 ea,
1649 923 1708 949 qua:
1723 919 1756 942 ad

968 962 1050 989 Deum
1066 961 1143 996 591
1159 961 1328 996 spectabant,
1349 961 1478 988 curabat?
1498 961 1564 994 Quis
1589 969 1682 988 rursus
1709 970 1757 996 po-

966 1008 1030 1042 pulo
1044 1009 1120 1034 vocis
1135 1007 1220 1034 instar
1235 1007 1313 1033 erat?
1337 1006 1406 1038 Jam,
1428 1007 1453 1033 in
1477 1005 1574 1033 Sancta
1601 1012 1756 1034 sanctorum

967 1053 1022 1086 cui,
1041 1057 1222 1088 praeterquam
1240 1052 1296 1084 uui,
1310 1053 1400 1080 aditus
1423 1053 1587 1086 patebat“?
1609 1053 1756 1088 Semperne

967 1103 1056 1125 autem
1088 1098 1126 1125 illi
1156 1098 1282 1133 patebat?
1309 1098 1498 1132 Nequaquam;
1526 1099 1572 1126 sed
1602 1099 1685 1126 scutel
1708 1107 1757 1134 per

967 1153 1078 1177 annum,
1097 1150 1125 1172 et
1136 1148 1237 1172 statuto
1261 1150 1390 1178 tempore.
1415 1145 1530 1177 Quinam
1560 1153 1640 1179 porro
1665 1153 1756 1172 arcam

967 1191 1119 1226 gestabant,
1136 1191 1185 1218 nisi
1204 1190 1328 1218 Levita}?
1354 1190 1386 1218 Et
1405 1198 1438 1217 ex
1454 1191 1496 1223 iis,
1524 1195 1553 1217 ut
1581 1191 1757 1218 constitutum

969 1242 1040 1271 erat,
1072 1237 1116 1264 alii
1144 1238 1252 1272 quidem
1275 1238 1480 1272 prazstantiores
1506 1238 1563 1273 ejus
1586 1245 1687 1273 partes.
1711 1238 1756 1266 alii

969 1288 1057 1309 autem
1075 1282 1216 1309 inferiores
1237 1282 1404 1316 minorisquc
1429 1282 1518 1317 pretii,
1531 1286 1610 1316 prottt
1628 1283 1758 1316 cujusque

968 1329 1084 1364 dignitas
1101 1329 1223 1356 terebat?
1241 1329 1273 1356 Et
1287 1329 1414 1363 quoniam
1427 1336 1487 1355 eam
1503 1335 1610 1363 quoque
1623 1329 1756 1355 custodiri

968 1376 1121 1410 oportebat,
1150 1375 1260 1409 quinam
1289 1382 1360 1407 eam,
1388 1379 1415 1402 et
1436 1381 1490 1409 quo
1519 1379 1597 1408 pacto
1623 1374 1757 1402 custodie-

969 1422 1053 1449 bant?
1078 1422 1129 1449 Alii
1147 1422 1273 1449 videlicet
1300 1422 1372 1449 aliud
1401 1422 1481 1454 latus,
1512 1421 1556 1448 alii
1587 1422 1684 1448 aliud:
1708 1429 1758 1448 nec

969 1468 1116 1502 quidquam
1137 1475 1189 1495 non
1213 1468 1368 1495 distinctum
1398 1472 1425 1495 et
1447 1468 1602 1495 ordinatum
1627 1473 1696 1499 erat,
1724 1475 1758 1494 ne

970 1513 1141 1540 minimarum
1167 1513 1274 1548 quidem
1302 1521 1404 1540 rerum.
1441 1513 1475 1539 At
1502 1521 1552 1540 nos
1579 1513 1601 1540 si
1631 1513 1757 1548 exiguam

124 1557 241 1592 πύργος,
261 1557 290 1589 ὃς
305 1557 395 1590 καλῶς
409 1557 459 1590 τὰς
473 1557 599 1592 γλώσσας
613 1557 740 1592 ἐμέρισεν
750 1557 772 1593 )'
794 1559 840 1585 καὶ
853 1559 914 1585 ἀπο

971 1559 1112 1593 quamdam
1132 1559 1274 1594 gloriolam
1290 1559 1406 1587 assecuti
1423 1559 1565 1592 fuerimus.
1584 1567 1616 1587 ac
1635 1568 1668 1586 ne
1689 1560 1757 1587 hanc

125 1603 255 1638 νοηθῆναι
276 1603 316 1630 δεῖ
339 1604 410 1630 κατὰ
433 1604 584 1636 Μωῡσέως,
607 1603 654 1629 καὶ
680 1603 806 1638 γενέσθαι
827 1603 916 1631 Δαθὰν

126 1648 173 1675 καὶ
194 1648 325 1684 ’Λῦειρὼν
342 1649 405 1680 τοὺς
427 1649 557 1684 ὑῦριστὰς
575 1649 622 1675 καὶ
639 1648 745 1680 ἀθέους.
765 1645 814 1675 Ὧν
829 1649 917 1684 φύγω-

128 1703 178 1729 μεν
193 1683 416 1729 τὴναὺθάδειαν,
429 1683 476 1721 καὶ
493 1694 561 1729 μηδὲ
576 1694 626 1729 τὴν
645 1694 775 1721 ἀπόνοιαν
790 1683 917 1731 μιμησώ-

129 1739 211 1773 μεθα,
228 1739 295 1774 μηδὲ
305 1739 336 1765 τὸ
349 1738 424 1770 τέλος
435 1738 586 1773 δεξώμεθα.

970 1605 1078 1638 quidem
1094 1612 1224 1640 persaepe,
1241 1613 1334 1632 verum
1353 1610 1456 1632 temere
1480 1605 1534 1633 duo
1548 1609 1594 1632 aut
1609 1605 1659 1632 tria
1686 1605 1756 1633 Scri-

970 1654 1056 1684 pturte
1073 1651 1165 1684 verba,
1184 1658 1271 1685 eaque
1291 1651 1414 1686 imperite
1429 1657 1458 1678 et
1479 1652 1590 1680 concise
1605 1652 1754 1686 perdidice-

972 1695 1056 1724 rimus
1088 1695 1143 1731 (illa
1162 1696 1288 1724 videlicet
1308 1697 1437 1732 Sapientia
1464 1701 1505 1725 est
1527 1705 1580 1725 uno
1595 1697 1639 1725 die
1669 1702 1756 1732 parta,

970 1746 998 1769 et
1023 1741 1150 1769 Chalanae
1177 1743 1270 1776 turris,
1294 1751 1346 1778 qua
1382 1743 1480 1778 lingua
1507 1744 1635 1778 prtetrlare
1667 1745 1756 1771 divisa‘

129 1785 220 1821 sunt),
245 1788 300 1821 jam
315 1791 342 1813 et
356 1787 551 1814 contumaciter
573 1793 654 1822 atque
679 1788 772 1814 insane
787 1787 917 1815 adversus
937 1789 1053 1825 Moysem
1086 1790 1276 1826 insurgendum
1293 1797 1346 1824 est,
1380 1798 1408 1819 et
1439 1791 1552 1819 Dathaui
1579 1797 1607 1818 et.
1631 1791 1758 1819 Abirouis

127 1834 291 1860 contumelia
306 1838 333 1860 et
348 1834 470 1869 impietas
486 1834 627 1861 imitanda.
645 1835 765 1868 Quorum
780 1836 964 1870 arrogantiam
981 1842 1008 1864 et
1023 1839 1180 1872 amentiam,
1212 1846 1315 1873 quaso,
1331 1838 1474 1874 fugiamus,
1505 1846 1539 1865 ne
1570 1838 1664 1866 iisdem
1700 1846 1758 1873 pm-

130 1881 172 1908 nis
187 1881 382 1916 opprimamur.

165 1927 219 1953 IH'.
242 1926 334 1953 Βούλει
358 1927 387 1953 δὲ
402 1927 449 1954 καὶ
466 1926 549 1962 ἄλλην
576 1936 617 1954 σοι
643 1929 812 1964 παραστήσω
827 1928 914 1962 τάξιν,

129 1973 176 1999 καὶ
191 1972 295 2009 ταύτην
309 1974 469 2009 ἐπαινετὴν,
487 1973 534 2000 καὶ
556 1974 657 2009 ταύτην
672 1974 750 2006 ἀξίαν
766 1976 816 2010 τῆς
833 1976 872 2006 εἰς
886 1975 917 2001 τὺ

127 2019 215 2053 παρὸν
238 2020 365 2054 μνήμης,
380 2020 428 2046 καὶ
450 2019 606 2052 νουθεσίας;
628 2020 709 2056 Ὁρᾷς
728 2020 782 2047 τῶν
799 2020 915 2056 Χριστοῦ

129 2064 259 2099 μαθητῶν
270 2085 277 2097 ,
293 2065 401 2091 πάντων
416 2065 500 2092 ὄντων
517 2066 626 2101 ὑψηλῶν
637 2086 643 2097 ,
667 2067 714 2093 καὶ
735 2067 785 2102 τῆς
800 2066 915 2101 ἐκλογῆς

127 2108 222 2140 ἀξίων,
234 2110 248 2135 ὁ
259 2109 309 2145 μὲν
321 2110 413 2145 Πέτρα
428 2110 561 2140 καλεῖται,
577 2111 624 2137 καὶ
639 2112 702 2143 τοὺς
713 2111 854 2146 θεμελίους
865 2111 915 2146 τῆς

134 2155 297 2190 Ἐκκλησίας
318 2156 494 2187 πιστεύεται,
509 2157 523 2183 ὁ
547 2156 575 2182 δὲ
591 2157 731 2190 ἀγαπᾶται
754 2157 834 2184 πλέον
845 2175 853 2189 ,
867 2157 915 2184 καὶ

127 2201 174 2227 ἐπὶ
192 2201 223 2228 τὺ
241 2201 338 2236 στῆθος
352 2201 400 2228 τοῦ
422 2202 460 2238 (1)
481 2202 569 2238 Ἰησοῦ
586 2202 772 2234 ἀναπαύεται,
793 2203 841 2229 κα).
865 2203 913 2237 φὲ-

128 2255 220 2282 ρουσιν
231 2247 256 2273 οἱ
269 2247 356 2274 λοιποὶ
370 2247 420 2283 τὴν
431 2248 605 2288 προτίμησιν.
628 2248 773 2284 Ἀναϐἧναι
787 2249 815 2276 δὲ
827 2249 868 2281 εῑς
881 2249 912 2276 τὺ

1004 1928 1096 1956 XVIII.
1118 1929 1165 1956 Vis
1194 1929 1266 1956 aliud
1296 1936 1403 1964 quoque
1434 1929 1538 1956 ordinis
1561 1933 1589 1956 et
1611 1928 1758 1963 diseiplina:

969 1976 1121 2010 exemplum
1140 1975 1167 2002 in
1184 1975 1300 2002 medium
1323 1975 1470 2009 proferam,
1499 1974 1580 2008 idque
1596 1973 1756 2008 praeclarum

969 2027 995 2049 et
1024 2020 1172 2053 laudabile,
1189 2027 1221 2047 ac
1244 2020 1369 2053 prazsenti
1389 2018 1646 2046 commemoratione
1674 2022 1756 2052 atque

969 2067 1157 2094 admonitione
1184 2065 1318 2100 imprimis
1334 2064 1464 2099 dignum?
1481 2065 1560 2092 Vides
1579 2065 1755 2099 quemadmo-

967 2115 1030 2141 dum
1050 2121 1083 2140 ex
1104 2112 1207 2140 Christi
1222 2110 1373 2145 discipulis,
1391 2112 1496 2145 magnis
1522 2110 1616 2145 utique
1629 2110 1755 2137 omnibus

966 2163 994 2186 et
1007 2158 1134 2189 excelsis,
1149 2161 1232 2191 atque
1247 2156 1380 2183 electione
1401 2155 1501 2190 dignis,
1518 2155 1561 2182 hic
1579 2155 1658 2182 Petra
1675 2162 1755 2183 voce-

967 2205 1139 2238 tur°',atque
1149 2203 1276 2231 Ecclesiae
1286 2203 1459 2230 fundamenta
1469 2203 1495 2229 in
1509 2202 1588 2229 [idem
1601 2210 1675 2229 suam
1683 2202 1755 2229 acci-

966 2251 1033 2286 piat,
1054 2251 1099 2278 ille
1120 2250 1268 2285 impensius
1284 2253 1399 2282 ametur,
1427 2254 1454 2276 et
1471 2256 1551 2284 supra
1574 2254 1669 2282 pectus
1688 2248 1753 2275 Jesu

126 2291 190 2327 ὅρος
205 2292 315 2327 δεῆσαν,
333 2293 375 2320 ἵνα
387 2295 420 2329 τῇ
439 2295 529 2330 μορφῇ
545 2294 638 2330 λάμψῃ
649 2314 656 2326 ,
671 2295 717 2321 καὶ
730 2295 780 2330 τὴν
799 2295 914 2331 θεότητα

970 2297 1122 2332 requiescat
1139 2296 1172 2328 ⁷⁸,
1191 2303 1223 2322 ac
1246 2295 1342 2330 reliqui
1359 2294 1480 2329 discipuli
1494 2302 1541 2322 eos
1565 2293 1616 2321 sibi
1632 2293 1753 2328 praeferri

126 2338 288 2374 παραδείξῃ,
306 2339 353 2365 καὶ
373 2339 503 2376 γυμνώσῃ
529 2340 574 2366 τὺν
590 2341 619 2366 ὲν
635 2342 668 2376 τῇ
690 2341 770 2376 σαρκὶ
795 2341 913 2376 κρυπτό-

127 2391 219 2418 μενον,
231 2384 303 2416 τίνες
323 2385 563 2413 συναναϐαίνουσιν
580 2386 589 2422 (
598 2387 629 2413 οὐ
644 2386 698 2421 γὰρ
716 2387 816 2419 πάντες
830 2387 914 2414 ἐπόπ-

125 2437 171 2456 ται
196 2430 245 2457 τοῦ
269 2430 445 2467 οαύματος);
472 2432 590 2468 Πέτρος,
618 2433 665 2459 καὶ
692 2433 835 2465 Ἰάκωϐος,
867 2434 914 2460 καὶ

131 2475 269 2512 Ἰωάννης,
285 2478 309 2503 οἱ
324 2477 377 2513 πρὸ
398 2477 453 2504 τῶν
465 2478 553 2505 ἄλλων
570 2477 617 2504 καὶ
630 2477 705 2509 ὅντες
718 2478 766 2504 καὶ
780 2478 914 2514 ἀριθμούο

127 2529 211 2555 μενοι.
226 2522 357 2558 Παρείναι
372 2523 401 2549 δὲ
417 2523 580 2558 ἀγωνιῶντι,
601 2523 647 2550 καὶ
667 2523 850 2559 ἀναχωροῦντι
866 2533 912 2559 μι-

171 2600 194 2616 ⁸⁵
208 2600 294 2628 Exod.
311 2609 366 2631 xix.
384 2601 401 2628 5
419 2608 487 2635 sqq.,
531 2601 554 2617 ⁸⁸
567 2601 651 2628 Exod.
666 2609 740 2631 xxw.
757 2602 768 2628 1
789 2609 849 2636 sqq.

125 2635 147 2651 "
165 2636 260 2662 Matth.
274 2643 328 2667 XVI,
344 2637 388 2663 18.
424 2637 448 2652 ’θ
463 2636 537 2664 Joan.
553 2645 611 2668 χιιι,
624 2636 669 2664 25.

159 2695 213 2736 (91)
229 2696 292 2723 Κᾶν
307 2695 344 2730 τῇ
356 2695 472 2727 στάσει,
485 2701 538 2724 etc.
563 2696 621 2723 Bill.

123 2735 276 2764 acquiesce.
295 2741 305 2756 ι

123 2766 214 2834 ﬁpg?)
243 2765 388 2800 Καθάρας.
421 2766 479 2793 Duo
511 2766 594 2802 Regg.
628 2771 657 2793 et
692 2766 739 2794 0r.
776 2767 803 2800 1,
842 2767 908 2794 καο-

156 2835 211 2874 (99)
230 2836 265 2863 Τὸ
279 2836 391 2868 uiroc.
412 2836 524 2864 Schol.:
547 2837 584 2863 Τὸ
603 2837 694 2872 μέρος.
715 2847 724 2863 ι
747 2837 798 2864 Alii
824 2838 905 2870 hanc,

122 2869 165 2896 alii
176 2871 249 2898 illam
263 2876 377 2906 partem.
394 2880 402 2896 ι

644 2705 652 2723 :
671 2705 679 2722 t
699 2697 814 2732 sedeque
830 2698 906 2724 tertia

904 2602 926 2618 ⁸⁷
943 2602 1026 2630 Exod.
1043 2610 1141 2634 xxvut.
1160 2602 1171 2629 1
1196 2609 1256 2637 sqq.

709 2637 729 2652 ⁷¹
742 2636 836 2664 Matth.
849 2645 913 2669 xvu,
930 2638 939 2664 l
963 2646 1011 2673 sqq

966 2350 1043 2377 aequo
1069 2342 1161 2369 animo
1175 2342 1275 2369 ferant.
1291 2341 1361 2374 Jam,
1382 2349 1442 2369 cum
1464 2340 1491 2367 in
1517 2345 1634 2367 montem
1659 2347 1754 2367 ascen-

967 2389 1082 2416 dendttm
1100 2388 1206 2420 fuisset,
1223 2393 1252 2416 ut
1270 2387 1395 2415 Christus
1410 2394 1538 2422 corporea
1559 2386 1644 2413 forma
1664 2386 1753 2420 splen-

967 2435 1042 2462 deret
1058 2435 1092 2466 “,
1111 2439 1139 2461 et
1158 2434 1328 2461 divinitatem
1344 2441 1419 2461 suam
1438 2433 1610 2468 patefaceret.
1625 2440 1751 2467 cumque,

966 2479 1011 2514 qui
1037 2486 1121 2506 carne
1135 2479 1287 2513 tegebatur,
1305 2478 1419 2505 nudaret
1442 2483 1523 2512 atque
1539 2477 1667 2512 aperiret,
1691 2478 1752 2512 qui-

966 2532 1029 2552 nam
1048 2525 1128 2552 simul
1153 2525 1302 2552 ascenduttt
1323 2529 1383 2558 (nec
1400 2523 1473 2551 enim
1491 2530 1585 2550 omnes
1611 2523 1644 2550 ad
1671 2523 1751 2557 huius

1308 2601 1331 2617 ⁸⁸
1347 2600 1431 2629 Levii.
1449 2608 1504 2634 xvt,
1520 2599 1552 2633 2;
1571 2599 1652 2628 llebr.
1667 2607 1706 2632 ιιι,
1722 2600 1748 2626 7.

993 2699 1047 2733 {97)
1061 2698 1145 2725 Οὺδέ.
1154 2699 1219 2732 Reg.
1233 2699 1288 2730 btu,
1304 2705 1331 2725 et
1342 2698 1415 2730 Bas,
1431 2698 1517 2725 οὐδέν.

993 2734 1049 2768 (98)
1066 2733 1103 2759 “Il
1119 2733 1184 2760 δύο.
1199 2735 1245 2760 Sic
1267 2734 1344 2760 codd.
1362 2734 1436 2760 deest
1455 2734 1472 2768 ἦ
1485 2736 1509 2759 iu
1526 2733 1570 2760 etl.

994 2769 1049 2803 (99)
1081 2768 1215 2802 Χαλάνῃ.
1247 2769 1301 2794 Duo
1334 2768 1416 2801 Regg.
1453 2767 1479 2795 et
1506 2768 1552 2795 0r.
1585 2768 1610 2801 1,
1637 2767 1746 2795 Χαλὰν-

959 2812 1000 2838 vn.
1025 2813 1033 2828 ι
1053 2803 1176 2830 Chalana:
1192 2805 1282 2833 turris.
1300 2813 1309 2828 ι
1328 2804 1416 2834 idest,
1431 2813 1440 2828 ι
1459 2805 1540 2830 turris
1554 2803 1644 2831 Babel.
1663 2813 1673 2829 ι

995 2839 1032 2875 (Ι)
1050 2839 1114 2865 Τοῦ.
1134 2838 1208 2866 Deest
1223 2841 1248 2866 in
1263 2840 1347 2866 tribus
1363 2838 1444 2874 ltegg.
1461 2845 1488 2866 et
1500 2839 1546 2866 0r.
1562 2839 1587 2865 1.
