2029 3127
273 129 328 161 ἦθὸ

878 128 907 155 S.
927 127 1095 157 GREGORll
1112 127 1288 157 TllEOLOGI

1855 123 1905 152 196

273 187 399 216 miraculi
420 187 601 222 spectaculum
625 186 836 221 admittuntur)?
859 186 964 218 Petrus,
981 185 1063 213 Joan-

1118 186 1177 222 κρὸν
1191 187 1245 222 πρὸ
1259 186 1306 212 τοῦ
1321 185 1434 218 πάθους,
1448 185 1495 212 xui
1506 184 1646 219 εὐχομένω
1657 204 1663 216 ,
1677 183 1766 215 τίνες,
1782 182 1814 208 Οἱ
1830 182 1904 208 αὐτοὶ

276 242 324 261 nes
349 239 375 260 et
391 233 517 265 Iacobus,
544 232 589 267 qui
608 237 671 260 ante
694 233 772 264 alios,
792 237 818 258 et
846 236 935 264 erant,
962 236 989 258 et
1015 239 1067 258 nu-

276 280 459 315 merabantur.
470 279 574 306 Rursus
585 286 644 306 cum
663 279 688 305 in
700 285 826 313 supremo
838 285 923 312 agone
937 278 1066 309 versanti,

276 331 303 352 et
322 325 401 359 paulo
418 330 481 352 ante
510 325 663 360 passionem
682 323 817 351 secedenli
836 323 870 356 ",
896 330 928 350 ac
943 322 1067 358 precibus

275 378 386 405 operam
411 370 487 397 danti
506 369 636 404 quosdam
663 369 758 396 adesse
781 372 929 402 oporteret,
955 367 1067 402 quinam

277 417 383 442 adeam
410 423 466 442 rem
493 414 569 441 asciti
596 414 678 441 sunt?
706 413 790 440 lidetn
816 413 865 440 illi.
895 413 982 446 Atque
1011 411 1068 438 hinc

277 460 378 488 Christi
407 459 528 494 praelatio
554 463 581 486 et
605 459 702 486 electio
732 458 782 484 luit
822 457 973 492 Caeteroqui
1000 464 1066 484 vero

277 510 377 540 quanta
392 506 576 535 concinnitas,
592 511 617 531 et
638 504 800 539 disciplina?
814 504 892 531 Aliud
907 503 1003 530 Petrus
1024 503 1066 529 in-

279 556 397 586 terrogat.
416 550 450 582 ⁷³,
471 551 542 577 aliud
565 550 704 584 Philippus
719 550 753 582 ",
763 550 835 576 aliud
848 549 931 576 ludas
942 549 976 581 ⁷⁵,
995 549 1066 575 aliud

277 596 397 624 ’l‘ltoutas
412 596 446 627 ⁷⁸,
467 597 538 622 aliud
556 596 625 622 alius
642 596 786 629 quispiam,
813 603 900 629 neque
926 600 972 621 attt
997 595 1066 622 idem

279 650 386 672 omnes,
402 647 449 668 aut
463 642 553 668 ontttia
573 649 654 673 unus,
678 641 724 667 sed
740 640 861 667 vicissim
889 640 1013 674 quisque,
1036 646 1068 666 ac

276 687 424 722 sigillatim.
450 687 565 714 Dicesue
589 687 633 713 hic
652 686 778 718 fortasse,
795 686 846 712 hoc
861 685 980 719 singulos
993 692 1066 720 quaa-

276 733 383 764 sivissc.
398 733 467 767 quod
485 733 582 767 cuique
606 739 675 766 opus
687 731 765 758 erat?
780 731 860 766 592
875 730 947 757 lstud
961 734 1064 761 autem,

276 779 356 814 quale
369 779 415 806 tibi
431 778 557 806 videtur?
586 778 725 812 Philippus
749 778 878 812 quiddam
906 777 997 804 dicere
1021 784 1068 811 ge-

277 826 332 858 stit,
356 833 406 852 ttec
420 825 492 852 solus
507 825 598 856 audet,
613 831 708 852 verum
734 823 871 850 Andream
890 830 997 857 quoque
1021 823 1068 850 ad-

1118 232 1209 258 πάλιν.
1236 231 1309 267 Αὕτη
1336 231 1385 266 μὲν
1409 232 1426 266 ἡ
1447 230 1495 257 τοῦ
1523 229 1640 265 Χριστοῦ
1671 228 1848 263 προτίμησις.
1874 227 1905 253 Ἡ
1926 260 1928 268 γ

1117 277 1197 313 λοιπὴ
1216 277 1244 304 δὲ
1266 277 1398 312 εὐκοσμία
1421 277 1468 303 καὶ
1485 275 1572 308 τάξις,
1592 275 1658 310 ὃση;
1676 275 1712 301 Τὸ
1735 274 1784 309 μὲν
1801 273 1905 308 Πέτρος

1119 324 1220 359 ἐρωτᾷ,
1239 323 1269 350 τὸ
1285 323 1313 350 δὲ
1327 324 1467 354 Φίλιππος,
1486 322 1516 349 τδ
1530 322 1558 348 δὲ
1577 321 1688 352 Ἰούδας,
1703 319 1734 346 τὸ
1750 319 1779 345 δὲ
1793 319 1904 354 Θωμᾶς,
1929 354 1931 359 Ἰ

1117 369 1148 394 τὸ
1160 369 1189 395 δὲ
1213 369 1291 401 ἄλλος
1307 378 1359 400 τις,
1375 369 1422 396 καὶ
1438 368 1498 395 οὐδὲ
1513 367 1545 394 τὸ
1559 366 1625 393 αὐτὸ
1643 366 1760 397 πάντες,
1785 364 1848 391 οὐδὲ
1872 363 1906 390 τὰ.

1119 413 1207 440 πάντα
1223 411 1275 446 εἷς,
1295 413 1352 440 ἀλλ’
1368 414 1482 444 ἕκαστος
1499 414 1527 439 ἐν
1543 412 1630 448 μέρει,
1648 411 1695 438 xui
1713 410 1774 437 καθ’
1794 410 1834 436 ἓν.
1849 406 1906 435 Οἶδ-

1119 461 1220 496 5159(2)
1235 460 1350 491 ἕκαστος
1365 459 1490 495 ἔχρῃζεν,
1505 458 1592 490 εἴποις
1605 458 1637 485 ἄν
1650 466 1657 490 ;
1676 457 1745 483 Ἀλλ’
1761 455 1848 482 ἐκεῖνό
1863 463 1903 488 γε,

1117 506 1144 532 τί
1167 515 1208 532 σοι
1229 505 1372 540 φαίνεται;
1393 504 1522 531 Βούλεταί
1542 513 1569 530 τι
1589 503 1720 534 Φίλιππος
1740 503 1839 531 εἰπεῖν,
1859 501 1906 527 καὶ

1118 552 1148 578 οὐ
1165 551 1260 588 θαρρεῖ
1278 551 1374 587 μόνος,
1391 551 1458 578 ἀλλὰ
1474 551 1521 577 xui
1545 549 1672 586 Ἀνδρέαν
1689 547 1902 583 προσλαμϐάνει.

1117 596 1220 632 Χρῄζει
1233 596 1365 623 πυθέσθαι
1375 605 1402 622 τι
1417 597 1531 631 Πέτρος,
1548 595 1595 622 xui
1618 594 1744 628 Ἰωάννην
1759 591 1904 628 προϐάλλε-

1117 650 1162 668 ται
1179 641 1222 667 διὰ
1237 640 1379 676 νεύματος.
1407 640 1461 668 Ποῦ
1482 641 1512 668 τὸ
1534 640 1670 676 αὐστηρὸν
1687 638 1822 670 ὲνταῦθα;
1851 636 1903 664 Ποῦ

1118 686 1145 712 δὲ
1158 686 1189 712 τὸ
1203 685 1348 721 φίλαρχον;
1366 686 1428 718 Πῶς
1444 686 1476 713 ἂν
1494 685 1594 721 μᾶλλον
1609 685 1711 718 ἔδειξαν
1726 684 1802 715 ὄντες
1817 683 1904 718 μαθη-

1117 733 1163 758 ταὶ
1178 731 1296 767 Χριστοῦ
1307 752 1314 765 ,
1334 731 1382 758 τοῦ
1397 732 1485 768 πράου
1506 732 1553 758 καὶ
1569 730 1697 757 ταπεινοῦ
1715 730 1763 765 τὴν
1780 729 1902 764 καρδίαν,

1118 779 1165 805 καὶ
1181 779 1274 805 δούλου
1295 778 1328 805 δι’
1340 779 1414 814 ἡμᾶς
1434 778 1497 810 τοὺς
1512 777 1595 804 αὐτοῦ
1609 777 1730 808 δούλους,
1754 777 1801 803 xui.
1815 777 1903 802 πᾶσαν

1118 824 1156 859 τῷ
1171 824 1259 859 Πατρὶ
1273 825 1321 860 τὴν
1334 824 1412 857 δόξαν
1425 826 1453 850 ὲν
1466 825 1548 850 πᾶσιν
1559 823 1775 858 ἀναπέμποντος,
1791 822 1824 848 ἶν’
1840 823 1903 856 ἡμῖν

277 871 351 899 hibet
365 871 398 898 ⁷⁷.
418 871 513 898 Petrus
530 871 630 907 aliquid
644 870 815 905 percunctari
831 869 913 904 cupit,
926 873 954 896 et
968 868 1064 896 Joanni

1118 869 1155 904 δῷ
1175 869 1260 896 τύπον
1275 869 1400 902 εὐταξίας
1422 870 1471 910 καὶ
1495 869 1686 905 μετριότητοςς
1711 869 1763 894 Ἦν
1778 867 1904 894 τοσοῦτον

278 925 334 944 rem
355 917 450 950 capitis
474 923 540 943 mttu
555 917 681 951 proponit
695 915 729 942 ".
754 915 805 943 Ubi
832 916 877 943 hic
901 915 1066 942 morositas?

277 961 328 991 Ubi
343 962 499 990 dominandi
518 961 620 989 libido?
646 961 756 996 Ecquod
776 961 908 988 illustrius
922 968 1066 996 argumen-

278 1014 333 1035 tum
354 1009 435 1035 edere
462 1007 621 1043 potuissent,
645 1014 675 1034 se
701 1006 802 1034 Christi
822 1006 967 1040 discipulus
994 1013 1064 1038 esse,

1118 916 1200 950 τιμᾷν
1214 915 1362 950 ἀπέχομεν,
1385 915 1454 941 ὥστε
1469 915 1602 950 ἀγαπῴην
1621 915 1663 948 ἂν,
1679 915 1704 940 εἰ
1725 914 1761 949 μὴ
1780 914 1827 940 xui
1838 913 1902 949 Θρα-

1120 961 1227 996 σύτεροι
1239 961 1347 987 πάντων
1360 961 1466 996 εἴημεν,
1480 961 1506 987 οἴ
1518 969 1549 995 γε
1564 962 1627 996 περὶ
1643 960 1777 996 μεγίστων
1789 959 1840 986 κᾶν
1850 959 1904 990 τοις

1120 1007 1258 1041 μεγίστοις
1273 1007 1375 1043 ταύτην
1390 1007 1610 1043 ἐπιδεικνύμεθα.

276 1056 359 1088 utilis,
375 1056 493 1091 inquam,
514 1056 585 1083 illius
603 1060 630 1082 et
648 1055 757 1082 humilis
781 1054 864 1082 corde
879 1055 911 1087 ⁷⁸,
937 1058 965 1081 et
990 1054 1061 1081 servi
1081 1060 1191 1089 propter
1205 1062 1264 1087 nos,
1282 1055 1365 1090 ipsius
1394 1062 1498 1088 servos,
1525 1061 1606 1090 atque
1637 1062 1745 1082 ontttem
1769 1054 1795 1081 in
1820 1054 1905 1081 omni-

276 1105 326 1132 bus
345 1105 425 1131 rebus
451 1104 563 1139 gloriam
587 1103 620 1130 ad
649 1103 758 1130 Patrem
785 1103 1004 1134 transmittentis,
1036 1107 1066 1129 ut
1085 1103 1163 1130 nobis
1196 1103 1390 1131 moderationis
1422 1103 1576 1138 exemplum
1601 1106 1628 1130 et
1639 1102 1787 1137 disciplinae.
1805 1102 1906 1136 prebe-

277 1153 337 1180 ret?
351 1152 437 1186 Quam
460 1158 548 1179 tatnen
563 1156 665 1179 tantuut
699 1152 788 1184 abest,
805 1156 834 1177 ut
865 1151 986 1178 colamus
1019 1156 1048 1178 et
1064 1151 1270 1186 amplectamur,
1301 1158 1332 1180 ut
1349 1152 1418 1180 bene
1445 1153 1583 1179 nobiscum
1601 1157 1691 1179 aetum
1717 1151 1750 1178 iri
1772 1155 1904 1185 putemus,

276 1201 299 1228 si
319 1209 370 1228 non
391 1208 485 1228 outnes
509 1200 631 1228 homines
652 1199 764 1227 audacia
791 1204 818 1226 et
841 1199 995 1234 arrogantia
1024 1191 1199 1233 superemus,
1224 1205 1316 1234 utpote
1327 1200 1372 1235 qui
1395 1202 1465 1228 hanc
1487 1200 1521 1227 de
1549 1200 1674 1227 maximis
1693 1204 1721 1227 et
1736 1199 1764 1226 itt
1781 1199 1905 1226 maximis

277 1247 358 1274 rebus
378 1248 555 1272 oswntemus.

312 1290 385 1319 XIX.
399 1291 440 1317 An
457 1296 482 1317 te
500 1290 578 1325 fugit,
599 1289 793 1321 humilitatem,
810 1297 863 1316 non
880 1294 933 1316 tam
960 1289 987 1315 itt
1003 1295 1067 1323 par-

276 1337 318 1364 vis
338 1337 418 1364 rebus
433 1337 553 1371 levisqne
572 1336 701 1363 momenti
721 1336 791 1370 (tieri
819 1336 890 1362 euittt
919 1336 1015 1370 possit,
1040 1340 1069 1362 ut

278 1391 338 1410 eam
354 1383 510 1415 ostentatio,
527 1381 643 1416 ﬁctaque
657 1386 683 1408 et
707 1382 866 1408 adumbrata
885 1381 993 1407 virtutis
1008 1388 1070 1415 spe-

278 1431 335 1457 cies
363 1429 485 1464 pariat),
515 1436 595 1462 quam
621 1428 646 1454 in
677 1427 823 1461 majoribus
845 1432 873 1454 et
899 1427 1069 1459 gravioribus

277 1475 432 1510 explorari?
457 1474 511 1508 Ego
527 1478 601 1501 certe
616 1472 778 1499 humilitatis
795 1479 826 1499 ac
855 1473 994 1499 modestia:
1010 1471 1068 1497 lau-

277 1522 338 1548 dem
353 1521 414 1548 huic
428 1520 535 1547 demum
549 1518 704 1550 tribuerim,
718 1526 772 1544 non
786 1517 830 1552 qui
845 1518 878 1544 de
893 1517 985 1551 seipso
1001 1524 1068 1552 pau-

277 1575 308 1595 ca
331 1568 423 1603 (idque
438 1566 506 1600 apud
533 1572 642 1599 paucos,
658 1569 685 1591 et
701 1572 762 1591 raro
787 1568 1004 1598 commemorat),
1021 1571 1070 1590 nec

277 1613 324 1648 qtti
351 1611 506 1639 inferiorem
527 1611 666 1637 ltumilitcr
683 1609 791 1642 atl‘atur,
809 1611 856 1636 sed
878 1609 924 1643 qui
942 1616 1022 1643 parce
1038 1615 1070 1635 ae

280 1658 419 1686 tuoderate
439 1658 472 1684 de
500 1656 555 1683 Deo
579 1655 716 1689 loquitur;
738 1663 769 1682 ac
791 1655 912 1688 qnzedam
933 1654 1069 1689 proloqui,

277 1704 400 1739 quaedam
419 1709 542 1736 premere
556 1706 583 1728 et
596 1701 723 1732 retinere,
736 1701 914 1734 quorntudam
929 1700 1011 1726 etiam
1027 1700 1069 1726 in-

278 1750 386 1777 scitiam
412 1748 493 1775 fateri
512 1748 596 1778 novit,
615 1751 695 1781 atque
716 1746 740 1773 ei
767 1753 891 1773 sermone
920 1746 1002 1779 cedit,
1025 1746 1069 1772 eui

278 1794 406 1830 loquendi
425 1801 524 1820 munus
540 1793 713 1820 commissum
729 1797 780 1823 est,
803 1800 834 1819 ac
851 1792 995 1819 nonnullos
1010 1793 1070 1818 ube-

277 1841 343 1868 riori
363 1841 480 1875 Spiritus
507 1839 594 1874 gratia
623 1838 759 1873 prmditos,
785 1844 813 1865 et
841 1838 1070 1871 contemplatione

277 1887 358 1915 altius
373 1891 515 1921 provectos
541 1893 602 1913 esse
631 1892 709 1919 aequo
727 1885 819 1912 animo
838 1885 950 1919 patitur.
980 1884 1069 1920 Turpe

278 1933 349 1960 enim
365 1937 406 1959 est
425 1931 558 1967 profecto,
577 1931 603 1957 in
620 1935 694 1957 veste
711 1938 743 1956 ac
765 1930 852 1957 rictus
878 1930 991 1962 ratione,
1015 1937 1068 1957 nou

277 1977 476 2010 sublimiorem,
491 1977 539 2004 sed
555 1976 675 2003 viliorem
689 1975 800 2010 eligere,
816 1983 848 2002 ac
862 1983 978 2010 genuum
989 1975 1068 2006 callo,

278 2024 461 2059 lacrymarum
481 2023 612 2053 fontibus.
626 2022 747 2056 jejuniis,
763 2022 874 2056 vigiliis,
890 2021 1068 2053 chameuuiis,

279 2069 381 2102 labore,
395 2074 478 2103 atque
497 2069 570 2096 omni
585 2067 707 2101 corporis
726 2068 908 2094 maceratione
931 2067 1068 2094 humilita-

278 2119 331 2141 tem
346 2121 401 2148 pra:
413 2121 443 2140 se
457 2114 540 2146 terre,
553 2120 585 2140 ac
603 2112 740 2148 propriam
758 2112 972 2139 imbecillitatem
989 2120 1070 2146 agno-

1152 1289 1204 1318 lG’.
1216 1289 1272 1316 Οὐκ
1287 1286 1375 1322 οἶσθα,
1393 1289 1434 1316 ὅτι
1457 1297 1487 1316 το
1505 1289 1649 1322 ταπεινὸν,
1671 1290 1722 1316 οὐκ
1739 1290 1768 1315 ὲν
1789 1290 1847 1320 τοῖς
1863 1297 1906 1324 μι-

1117 1337 1194 1371 κροῖς
1208 1335 1330 1370 κρίνεται
1343 1335 1470 1362 τοσοῦτον
1487 1336 1496 1371 (
1509 1335 1614 1370 γένοιτο
1626 1335 1680 1370 γὰρ
1696 1335 1728 1362 ἂν
1750 1335 1797 1362 καὶ
1813 1335 1848 1362 δι’
1867 1335 1906 1361 ἒν-

1116 1381 1200 1414 δειξιν
1221 1381 1268 1408 xui.
1288 1381 1373 1416 ψευδῆ
1399 1382 1545 1417 μόρφωσιν
1559 1382 1660 1417 ἀρετῆς
1678 1384 1699 1416 ),
1717 1382 1778 1408 ὅσον
1800 1383 1828 1408 ὲν
1852 1383 1906 1413 τοῖς

1119 1426 1225 1462 μείζοσι
1248 1427 1446 1463 δοκιμάζεται,
1468 1429 1523 1455 Καὶ
1550 1428 1738 1464 ταπεινὸφρων
1762 1428 1842 1464 ἐμοὶ,
1860 1429 1907 1463 οὐχ

1118 1473 1192 1504 ὅστις
1205 1474 1268 1510 περὶ
1282 1473 1379 1500 ἑαυτοῦ
1397 1473 1482 1509 μικρὰ
1496 1473 1662 1508 διαλέγεται,
1676 1475 1724 1501 καὶ
1737 1473 1817 1501 τοῦτο
1840 1475 1908 1510 πρὸς

1120 1519 1236 1553 ὀλίγους,
1251 1520 1298 1546 καὶ
1309 1519 1442 1554 ὀλιγάκις,
1459 1519 1513 1546 οὐδ’
1530 1521 1604 1551 ὅστις
1624 1520 1759 1552 ταπεινῶς
1774 1529 1908 1557 προσαγο-

1123 1565 1194 1600 ρεύει
1207 1566 1252 1592 τὸν
1270 1565 1442 1601 ἀτιμότερον,
1463 1565 1519 1592 ἀλλ’
1537 1566 1611 1597 ὅστις
1627 1566 1744 1601 μετρίως
1760 1567 1823 1601 περὶ
1842 1566 1908 1593 Θεοῦ

1121 1610 1281 1646 φθέγγεται·
1300 1612 1348 1637 xui
1366 1611 1402 1637 τὰ
1416 1612 1464 1646 μὲν
1482 1612 1568 1638 εἰπεῖν
1590 1610 1654 1644 οἶδε,
1672 1611 1706 1638 τὰ
1722 1612 1750 1638 δὲ
1773 1612 1907 1646 κατέχειν,

1121 1657 1175 1684 τῶν
1186 1657 1214 1683 δὲ
1227 1657 1369 1692 ὁμολογεῖν
1384 1658 1422 1693 (5)
1441 1657 1490 1693 τὴν
1503 1658 1624 1692 ἄγνοιαν,
1638 1658 1685 1684 xui
1700 1651 1861 1694 παραέωρεί
1870 1659 1907 1693 (4)

1120 1703 1167 1730 τοῦ
1181 1703 1261 1737 λόγου
1279 1703 1318 1738 τῷ
1333 1703 1517 1737 πιστευθέντι,
1532 1704 1580 1730 xui
1597 1702 1666 1731 εἶναί
1682 1713 1743 1730 ¹τινα
1760 1713 1909 1739 πνευματις

1121 1750 1241 1785 κὼτερον
1253 1750 1371 1785 δέχεται,
1387 1751 1433 1777 xui
1446 1751 1627 1786 διαϐεϐηκότα
1644 1751 1742 1786 μᾶλλον
1755 1753 1784 1778 ὲν
1797 1751 1907 1787 θεωρίᾳ.

1119 1795 1237 1831 Aiaxpr
1260 1796 1314 1832 γὰρ
1330 1796 1367 1832 (5)
1385 1796 1497 1832 ἐσθῆτος
1519 1797 1569 1832 μὲν
1595 1797 1642 1824 καὶ
1661 1797 1776 1833 διαίτης,
1801 1798 1838 1833 μὴ
1859 1798 1908 1832 τὴν

1121 1841 1290 1878 ὑψηλοτέραν
1309 1842 1463 1878 αἱρεῖσθαι,
1484 1842 1553 1869 ἀλλὰ
1572 1843 1621 1878 τὴν
1636 1842 1845 1879 εὐτελεστέραν,
1863 1844 1909 1871 καὶ

1119 1888 1209 1920 τύλοις
1230 1889 1368 1922 γονάτων,
1397 1889 1444 1915 xui
1463 1889 1589 1925 δακρύων
1612 1890 1732 1924 πηγαῖς,
1754 1890 1794 1916 ἔτι
1816 1890 1845 1917 δὲ
1866 1899 1908 1925 νἠ-

1121 1933 1233 1966 στείαις,
1249 1935 1296 1961 xui
1316 1935 1490 1970 ἀγρυπνίαις.
1508 1935 1555 1962 καὶ
1569 1936 1745 1970 χαμευνίαις,
1767 1936 1844 1971 κόπῳ
1862 1937 1907 1963 καὶ

1119 1980 1201 2005 πᾶσιν
1213 1979 1404 2015 ὐπωπιασμοῖς
1415 1980 1453 2015 (6)
1464 1981 1494 2007 τὸ
1507 1981 1634 2009 ταπεινὸν
1645 1982 1846 2009 ἐπιδείκνυσθαι
1858 1983 1906 2018 (7),

1120 2026 1166 2051 καὶ
1188 2025 1237 2061 τὴν
1255 2026 1304 2061 τῆς
1322 2026 1390 2058 ἰδίας
1405 2027 1547 2059 ἀσθενείας
1570 2028 1759 2062 συναίσθησιν·
1779 2028 1908 2064 αὐτοκρά-

1119 2079 1186 2106 τορα
1200 2071 1228 2098 δὲ
1243 2069 1312 2099 εἶναι
1331 2073 1378 2099 xui
1391 2073 1521 2108 τύραννον
1535 2075 1565 2100 ὲν
1579 2075 1635 2106 τοῖς
1653 2074 1716 2109 περὶ
1730 2074 1797 2101 Θεοῦ
1809 2074 1906 2109 λόγοις,

1120 2118 1167 2143 xui.
1181 2118 1276 2152 μηδενὶ
1292 2119 1323 2145 τὸ
1342 2119 1473 2154 παράπαν
1489 2119 1625 2154 ὑφίεσθαι,
1645 2120 1692 2147 xui
1707 2120 1756 2156 τὴν
1770 2121 1856 2156 ὀφρὺν
1870 2121 1908 2147 αἵ-

278 2167 371 2193 scere;
396 2160 423 2186 in
436 2159 535 2186 divinis
561 2162 652 2186 autem
679 2158 906 2192 disputationibus
934 2158 1067 2192 principa—

1121 2171 1177 2198 ρειν
1193 2164 1263 2200 ὑπὲρ
1279 2164 1367 2192 πάντα
1383 2166 1608 2201 νομοδιδάσκαλον
1621 2175 1628 2182 ·
1652 2167 1716 2193 ἔνθα
1730 2167 1761 2194 τὸ
1781 2168 1907 2194 ταπεινὸν

280 2211 336 2233 tum
349 2209 377 2232 et
388 2205 559 2241 tyrannidem
573 2205 624 2231 sibi
636 2205 784 2235 vindicare,
806 2211 854 2230 nec
873 2203 996 2237 cttiquatn
1012 2212 1068 2230 out-

1122 2209 1192 2242 μετὰ
1211 2210 1260 2245 τῆς
1275 2211 1395 2244 εὐδοξίας
1410 2211 1465 2254 ἔχει
1481 2213 1528 2239 xui
1541 2212 1590 2248 τὴν
1604 2213 1766 2248 ἀσφάλειαν.

278 2252 343 2279 nino
369 2252 478 2283 cedere,
496 2259 590 2277 verum
618 2257 698 2283 supra
729 2257 824 2276 omnes
847 2248 913 2283 legis
945 2248 1070 2278 doctores
1090 2255 1264 2288 supercilium
1295 2256 1410 2290 mene;
1432 2251 1492 2286 eum
1517 2258 1552 2285 ibi
1583 2259 1731 2292 humilitas,
1751 2265 1804 2286 non
1821 2260 1906 2287 solum

280 2298 404 2332 gloriam,
419 2297 465 2324 sed
480 2297 563 2323 etiam
581 2298 755 2324 sccnritatetn
772 2297 880 2325 habeat.

312 2345 371 2373 XX.
388 2345 458 2378 Quid
483 2345 565 2379 igitur
594 2344 790 2380 (iuterpcllnbit
813 2346 947 2381 quispiam
970 2356 1001 2374 ex
1025 2349 1068 2380 iis,

276 2394 323 2429 qtti
337 2392 512 2420 ferventioris
527 2392 612 2419 animi
630 2392 715 2426 sunt),
732 2401 765 2418 au
781 2392 813 2419 de
837 2392 892 2419 Deo
907 2393 1068 2424 taeebimus,

277 2440 357 2474 idque
375 2439 453 2466 nobis
467 2438 582 2465 indicis?
610 2437 643 2464 Et
657 2438 689 2465 de
704 2446 755 2472 qua
781 2438 889 2464 tandem
911 2446 940 2466 re
970 2439 1068 2474 potius,

276 2493 358 2520 quam
372 2484 405 2511 de
422 2484 482 2518 ipso
494 2483 655 2518 loquemur?
676 2485 729 2510 Aut
750 2483 881 2518 quo-loco
900 2483 964 2510 illud
989 2491 1070 2517 p0ne-

276 2537 336 2557 mus
352 2538 358 2556 :
381 2529 490 2564 Semper
505 2528 563 2555 laus
577 2528 634 2563 ejus
653 2529 681 2555 in
701 2537 746 2555 ore
766 2537 821 2556 meo
840 2529 881 2561 ";
906 2534 944 2562 et,
958 2529 1070 2556 Benedi—

310 2598 333 2613 τί
348 2597 442 2623 Μιιιιιι.
469 2605 543 2629 XXVI,
564 2598 609 2624 37.

276 2632 298 2649 ⁷³
311 2632 389 2659 .Iuan.
409 2640 468 2663 χιιι,
488 2632 533 2659 24.

663 2597 684 2616 ⁷⁸
700 2596 776 2624 Joan.
811 2604 859 2623 xttt
872 2615 879 2625 .
902 2596 928 2624 6.

573 2633 595 2647 ⁷³
611 2633 705 2658 Matth.
719 2640 758 2664 xt,
771 2632 816 2659 :29.

311 2699 354 2741 (εἰ).
373 2697 487 2741 Ιοῆπερ.
520 2700 596 2741 Edili
628 2699 738 2741 habent,
763 2701 816 2740 καὶ
848 2709 947 2735 ουπερ,
984 2702 1056 2734 qttod

276 2735 323 2760 καί
340 2735 484 2761 delevittnts
495 2735 653 2762 auctoritate
668 2735 784 2762 melioris
794 2741 862 2762 nota.-
872 2741 1002 2762 codicum.

312 2770 350 2805 (5)
370 2769 551 2805 Ὀμολογεῐν.
572 2770 629 2798 Duo
658 2771 740 2805 ltegg.
763 2775 789 2797 et
813 2769 860 2798 0r.
885 2771 909 2804 l,
928 2771 1058 2807 ὁμολόγηα

276 2811 350 2874 οαξλ)
366 2841 545 2875 Παραχωρεῑ.
564 2840 646 2868 Cois].
661 2841 686 2874 l,
701 2842 883 2877 παραχωρεῖν.

977 2597 1000 2612 ⁷⁸
1015 2597 1092 2626 Joan.
1114 2607 1169 2631 xw,
1188 2601 1215 2628 8,

856 2632 880 2647 5°
894 2632 965 2659 l’sal.
979 2641 1078 2666 χχχιιι,
1092 2633 1110 2660 2

1153 2350 1195 2378 K’.
1220 2350 1253 2376 Τί
1274 2347 1336 2383 οὖνς
1359 2351 1553 2386 σιωπησὸμεθα
1576 2352 1640 2387 περὶ
1663 2351 1740 2384 Θεοῦ,
1762 2353 1809 2379 xui.
1830 2351 1907 2378 τοῦτο

1118 2395 1239 2426 κελεύεις
1258 2396 1413 2432 (ὑπέκρουέ
1436 2396 1475 2432 [8]
1491 2405 1534 2428 τις
1552 2397 1606 2424 τῶν
1623 2398 1837 2433 θερμοτέρων,);
1854 2398 1907 2425 Καὶ

1119 2441 1182 2476 περὶ
1199 2441 1271 2473 τίνος
1293 2441 1403 2477 μᾶλλον,
1421 2442 1438 2477 ἢ
1456 2441 1551 2469 τούτου
1574 2442 1763 2478 φθεγξόμεθας
1779 2443 1833 2470 Καὶ
1857 2443 1906 2469 ποῦ

1119 2486 1237 2521 Οήσομεν
1254 2487 1300 2520 τὸ,
1317 2489 1368 2514 Διά
1389 2489 1501 2522 παντὸς
1522 2489 1541 2522 ἠ
1567 2490 1684 2522 trireme
1700 2489 1793 2517 αὑτοῦ
1813 2490 1849 2516 ἐν
1867 2489 1907 2522 τῷ

1119 2532 1245 2566 στόματι
1254 2542 1313 2567 μου
1323 2541 1329 2548 ·
1344 2533 1402 2565 xui,
1413 2533 1577 2568 Εὑλογήσω
1590 2534 1644 2561 τὸν
1652 2535 1762 2569 Κύριον
1771 2535 1804 2562 ἐν
1818 2535 1906 2562 παντὶ

1267 2601 1289 2616 ⁷⁵
1305 2601 1369 2628 ibid.
1383 2601 1428 2628 22.
1467 2603 1490 2618 ⁷⁸
1511 2603 1574 2630 ibid.
1592 2603 1619 2630 5.
1666 2603 1689 2619 "
1702 2603 1780 2631 Joan.
1796 2612 1845 2636 xtl,
1862 2604 1905 2630 22.

1148 2702 1185 2736 (5)
1203 2702 1334 2735 Αῑσχρὺν
1349 2703 1411 2738 γάρΣ
1428 2701 1474 2738 εἰς
1489 2702 1554 2736 Reg.
1567 2703 1623 2729 bm.
1654 2703 1732 2730 Deest
1746 2703 1800 2738 γάρ
1817 2703 1844 2731 in
1864 2704 1905 2730 ed.

1149 2738 1188 2772 (6)
1207 2737 1441 2773 ’Υπωςτιασμοὶᾳ
1456 2737 1563 2773 Cotttl)..
1576 2739 1775 2773 ὑπωπιεσμοῖς.

1152 2773 1190 2806 (7)
1217 2772 1466 2799 Ἐπιδείκνυσυαι.
1484 2772 1529 2799 0r.
1549 2775 1574 2804 1,
1592 2773 1809 2800 ὑποδείκνυσθαι.

1152 2809 1191 2841 (8)
1209 2807 1380 2844 ’Υῆέκρουῷ
1398 2807 1454 2844 Duo
1470 2807 1565 2844 ἣξεις..
1583 2809 1664 2837 Cois].
1683 2809 1694 2836 1
1716 2814 1742 2837 et
1756 2809 1803 2837 0r.
1821 2809 1907 2842 Lua.-

1117 2842 1241 2877 ἐκρουσε.
1251 2842 1350 2871 Gloss..
1364 2842 1504 2870 ἁντέπεσε.
