2029 3127
123 142 174 170 197

120 209 160 227 xu
168 200 214 234 ριῖ)
226 209 234 217 '
270 203 316 229 καὶ
325 223 332 235 ,

117 255 179 282 μου
194 247 233 283 (9)
244 255 252 262 ⁸
265 248 323 280 καὶ,
344 249 430 282 Ἰδοὺ,
447 250 482 277 τὰ
498 252 584 285 χείλη
597 261 656 286 μου
672 253 708 280 οὐ
720 253 763 288 μὴ
779 255 916 281 κωλύσω·

120 293 168 319 καὶ
180 293 293 320 τοιαῦτα
314 295 374 331 ὲρεῖ
396 297 617 332 μεμελετημένα,
639 298 686 325 καὶ
709 299 850 335 ὡρισμένα
871 301 919 336 ρή-

122 348 212 375 ματα;
229 340 302 376 Πρὸς
315 341 344 368 ὃν
359 341 400 368 δεῖ
417 342 513 378 πράως
526 343 574 370 καὶ
591 343 628 378 μὴ
648 343 774 378 χαλεπῶς
794 345 917 380 ἀπαντῆ-

121 394 166 413 σαι
181 388 236 418 τοῖς
257 387 356 422 λόγοις,
369 389 494 415 ἐντεῦθεν
517 389 692 422 διδάσκοντας
707 390 763 424 (10)
780 391 917 424 εὐταξίαν.

120 432 158 458 Οὐ
179 434 285 468 σιωπᾷν
303 434 507 470 διακελεύομαι,
522 432 545 462 ὦ
562 436 713 470 σοφώτατε,
730 436 799 463 ἀλλὰ
817 438 854 473 μὴ
872 446 917 472 φι-

119 479 249 510 λονείκως
262 480 388 507 ἵστασθαι
400 489 406 496 ·
425 482 456 508 οὐ
472 481 605 516 κρύπτειν
621 481 669 518 τὴν
683 482 830 516 ἀλήθειαν.
848 483 917 510 ἀλλὰ

121 526 160 560 μὴ
174 525 310 553 διδάσκειν
325 527 402 562 παρὰ
415 527 461 553 τὸν
476 528 559 563 νόμον
571 527 640 563 (11).
658 527 729 562 Ἐγὼ
740 528 846 564 πρῶτος
860 528 916 556 τῶν

119 571 304 599 ἐπαινούντων
318 573 377 607 είμὶ
391 573 497 607 σοφίαν,
508 574 560 600 κάν
570 575 626 606 τοῖς
638 574 721 606 θείοις
733 574 822 609 λόγοις,
835 575 917 610 ἀσχο-

118 617 277 652 λουμένων,
295 618 312 653 ἢ
330 618 503 653 ἀσχολεῖσθαί
529 628 561 653 γε
585 619 773 655 βουλομένων·
804 619 851 646 καὶ
879 620 915 655 μή

119 672 185 690 ποτε
207 663 259 700 πρὸ
273 663 375 699 ταύτης
390 673 416 691 τι
430 664 506 700 θείην
518 665 568 700 τῆς
584 665 722 701 ἀσχολίας,
739 665 806 701 μηδὲ
822 664 918 692 ταλαί-

117 717 213 745 πωρος
228 710 273 736 ὑπ’
292 710 378 745 αὐτῆς
393 710 542 745 ἀκούσαιμι
562 710 612 745 τῆς
629 711 738 745 Σοφίας,
761 711 798 743 ὡς
821 710 916 745 σοφίαν

117 755 167 782 καὶ
183 756 308 783 παιδείαν
322 756 479 789 ὲξουθενῶν.
497 756 594 791 Φεύγω
608 757 630 784 δ’
644 758 719 793 ὅμως
736 757 766 784 τὸ
785 757 914 793 ἄμετρον,

116 802 166 828 καὶ
185 801 293 834 κολάζω
316 802 372 838 (12)
394 803 444 838 τὴν
472 803 643 839 ἀπληστίαν·
669 804 716 830 καὶ
739 803 823 839 ἀργὸς
845 802 915 830 εἶναι

118 849 221 884 μᾶλλον
240 849 288 876 τοῦ
310 849 433 881 δέοντος,
460 849 476 885 ἢ
503 849 649 886 περίεργος
673 849 803 885 δέχομαι,
821 849 854 875 ἂν
877 849 913 884 μὴ

461 145 592 174 ORATIO
612 147 722 176 XXXII.
741 163 776 168 —
796 147 840 175 DE
861 149 1112 178 MODERATIONE
1132 150 1168 178 IN
1191 150 1423 180 DlSPleANDO.

374 203 528 237 Ἀλήθειαν
557 206 721 241 μελετήσει
754 209 770 234 ὁ
801 207 912 242 λάρυγξ

970 217 1026 235 cum
1061 209 1200 236 Dominum
1222 210 1249 236 in
1278 211 1349 237 omni
1367 215 1480 244 tempore
1497 210 1536 243 ⁸¹;
1562 215 1600 243 et,
1621 211 1764 240 Veritatem

1715 156 1767 185 198

972 254 1144 281 meditabitur
1161 259 1253 289 guttur
1279 263 1366 282 nicum
1383 256 1423 289 3’;
1450 260 1486 288 et,
1516 255 1584 283 Ecce
1612 256 1682 284 labia
1706 266 1764 286 mea

970 307 1022 326 non
1037 299 1178 334 prohibebo
1196 300 1237 333 ⁸²;
1261 305 1290 327 et
1312 301 1365 328 alia
1387 308 1447 336 quae
1468 302 1494 328 in
1517 303 1639 330 eamdem
1654 308 1763 331 senten-

970 343 1034 370 tiam
1050 345 1177 372 meditata
1192 353 1223 372 ac
1237 345 1346 372 delinita
1359 345 1438 381 593
1452 347 1605 374 testimonia
1614 349 1764 381 producet?

969 390 1016 417 Cui
1033 390 1129 418 leniter
1144 395 1171 418 et
1184 391 1243 418 sine
1259 392 1420 425 acerbitate,
1434 397 1462 419 ut
1476 393 1540 420 hinc
1556 401 1663 428 quoque
1677 395 1760 422 animi

972 435 1187 463 moderationem
1203 437 1358 470 doceamus,
1373 439 1570 466 occurrendum
1584 444 1634 466 est.
1656 439 1714 467 Non
1733 447 1759 466 te

971 487 1062 510 tacere
1084 482 1179 517 jubeo,
1203 483 1245 510 vir
1276 484 1496 518 sapientissime,
1522 485 1569 512 sed
1587 493 1602 512 a
1629 486 1760 520 pertinaci

969 529 1143 556 contentione
1168 529 1306 556 abstinere
1335 539 1341 556 :
1371 537 1424 557 non
1450 531 1592 557 veritatem
1613 531 1762 563 occultare,

969 572 1016 599 sed
1034 578 1132 606 praeter
1147 573 1232 608 legem
1253 582 1305 601 non
1321 574 1429 602 docere.
1447 574 1512 601 Nam
1528 580 1555 602 et
1568 575 1624 610 ipse
1643 577 1683 603 vel
1707 577 1763 611 prl-

970 625 1031 645 mus
1052 618 1123 645 inter
1138 625 1185 646 eos
1203 627 1300 646 nomen
1326 620 1466 653 proﬁteor,
1494 620 1539 655 qui
1558 621 1715 655 sapientiam
1734 626 1763 650 et

969 665 1121 692 doctrinam
1139 665 1264 694 laudibus
1284 665 1408 700 eil'erunt,
1428 672 1509 701 atque
1532 668 1558 695 in
1581 669 1679 696 divinis
1702 677 1761 697 ser-

969 712 1095 740 monibus
1117 712 1258 747 sacrisque
1287 713 1384 741 studiis
1411 718 1516 748 tempus
1540 720 1622 749 atque
1648 722 1761 749 «peram

968 762 1084 792 ponunt,
1101 763 1149 785 aut
1163 763 1236 786 certe
1263 766 1364 793 ponere
1378 760 1490 794 cupiunt
1507 768 1514 786 :
1535 767 1568 787 ac
1582 760 1652 788 Deus
1681 760 1758 793 faxit,

968 811 1002 830 ne
1021 804 1086 839 quid
1107 811 1225 838 unquam
1262 805 1326 832 huic
1348 805 1519 840 occupationi
1545 807 1759 839 praevertendum

967 850 1075 882 ducatu,
1090 857 1124 878 ne
1141 850 1240 884 alioqui
1259 852 1294 879 ab
1308 851 1364 884 ipsa
1393 851 1532 885 Sapientia
1558 852 1642 880 miser
1668 853 1760 887 appel-

115 895 262 931 ἀμφότερα
290 895 448 930 διαφεύγειν
474 895 542 931 ἐξῇ,
569 895 614 922 καὶ
640 895 687 922 τοῦ
717 895 826 930 μετρίου
855 894 911 928 (15)

964 895 1014 929 ler,
1033 900 1063 923 ut
1091 896 1252 931 sapientiam
1275 901 1302 924 et
1318 897 1497 925 eruditionem
1527 906 1658 933 spernens
1673 899 1706 931 ⁸⁸,
1727 906 1760 926 ac

114 941 277 976 τυγχάνειν·
304 942 352 968 καὶ
375 941 524 978 δειλότερος
551 942 651 977 μᾶλλον
675 941 722 967 τοῦ
750 941 866 972 δέοντος,
895 940 912 976 ἦ

115 987 294 1023 θρασύτερος.
313 988 348 1015 Σὺ
366 988 394 1015 δὲ
409 990 495 1020 ποιεῖς
510 987 701 1023 παραπλήσιον
713 1007 720 1018 ,
736 987 830 1022 ὥσπερ
842 986 875 1012 ἂν
889 987 913 1012 εί

114 1033 256 1061 κωλύοντά
273 1043 307 1069 με
326 1035 430 1069 τροφῆς
451 1035 595 1070 ἀμετρίαν,
612 1035 658 1061 καὶ
673 1034 787 1061 καθόλου
809 1033 912 1069 τροφὴν

114 1080 232 1106 κωλύειν
254 1081 392 1116 κατῃτιῶ·
417 1081 433 1116 ἢ
456 1081 503 1107 καὶ
525 1081 682 1116 τυφλότητα
703 1081 836 1111 ἐπαινεῖν,
860 1087 913 1105 σω-

113 1126 223 1162 φρόνως
234 1127 301 1162 ὀρᾷν
311 1127 519 1162 είσηγούμενον.

965 948 1014 975 pro
1033 941 1118 968 nihilo
1143 942 1255 969 ducens.
1283 943 1395 970 Interim
1422 948 1511 971 tamen
1536 951 1677 972 excessum
1692 945 1757 978 vito,

966 992 993 1016 et
1019 987 1209 1023 inexplebilem
1239 988 1414 1022 cupiditatem
1441 997 1571 1023 coerceo;
1600 990 1755 1024 malimque,

964 1034 987 1061 si
1003 1033 1068 1060 mihi
1081 1038 1228 1068 utrumque
1243 1034 1346 1070 fugere,
1365 1042 1397 1062 ac
1419 1035 1633 1063 mediocritatem
1650 1036 1756 1070 assequi

965 1087 1018 1106 non
1037 1079 1128 1112 liceat,
1141 1080 1224 1107 nimis
1248 1080 1361 1114 ignavus
1376 1087 1447 1113 esse,
1459 1089 1540 1116 quam
1562 1082 1642 1109 nimis
1668 1083 1759 1109 curio-

965 1131 1027 1156 sus;
1052 1131 1083 1151 ac
1109 1124 1191 1151 nimis
1211 1124 1331 1156 timidus,
1354 1132 1435 1159 quam
1453 1125 1533 1152 nimis
1558 1126 1644 1153 audax
1671 1131 1698 1154 et
1718 1133 1758 1154 te-

113 1173 261 1200 merarius.
276 1173 309 1199 At
325 1177 353 1199 tu
371 1172 443 1199 idem
460 1172 571 1200 omnino
587 1173 651 1199 mihi
677 1172 767 1200 facere
790 1171 903 1202 videris,
943 1178 975 1197 ac
1008 1169 1032 1196 si
1062 1177 1115 1202 me,
1145 1170 1290 1198 immodico
1318 1171 1379 1198 cibo
1411 1171 1458 1199 tibi
1488 1172 1706 1206 interdicentem,
1724 1182 1757 1201 co

113 1218 225 1251 nomine
262 1225 415 1251 accusares,
453 1218 530 1252 quasi
568 1219 602 1246 ab
628 1219 700 1246 omni
726 1218 880 1245 universum
908 1216 1036 1243 alimento
1064 1216 1111 1243 tibi
1144 1216 1334 1244 abstinendum
1359 1225 1420 1245 csse
1461 1218 1685 1252 pmscriberem;
1709 1224 1757 1247 aut

113 1263 148 1289 ad
162 1266 238 1289 caste
253 1262 403 1298 pudiceque
417 1264 581 1291 cernendum
611 1264 777 1295 hortantem,
795 1263 907 1298 perinde
927 1261 1120 1293 criminareris,
1139 1262 1216 1296 quasi
1233 1262 1384 1290 caecitatem
1402 1262 1527 1291 laudibus
1542 1263 1678 1292 eli'errem.

149 1310 216 1338 ΚΝ.
238 1312 271 1338 El
286 1310 343 1347 (i4)
356 1311 419 1338 ἔστι
440 1319 490 1339 σοι
508 1312 600 1348 λόγος
611 1312 776 1345 συνέσεως,
787 1311 908 1345 ἀποκρί-

113 1358 192 1390 θῇτι,
205 1358 284 1392 φησὶ,
315 1358 364 1384 καὶ
379 1357 480 1391 οὐδεὶς
500 1360 516 1386 ὁ
535 1359 682 1386 κωλύσων
692 1367 698 1372 ·
711 1360 737 1385 ει
756 1358 850 1392 δὲμὴ,
861 1357 908 1383 δε-

112 1403 192 1436 σμὸς
206 1403 316 1429 κείσθω
335 1403 403 1436 σοῖς
424 1404 550 1438 χείλεσι.
572 1404 650 1440 Πόσῳ
676 1403 775 1439 μᾶλλον
795 1401 908 1439 ἁρμόζει

111 1448 193 1474 τοῦτο
208 1450 264 1480 τοῖς
279 1449 318 1481 εἰς
334 1449 364 1475 τὸ
377 1449 513 1476 διδάσκειν
526 1451 662 1485 ἑτοίμοις;
679 1450 710 1476 Ei
727 1449 776 1485 μὲν
791 1449 848 1475 ἔστι
867 1457 908 1475 σοι

112 1494 221 1529 καιρὸς,
235 1493 360 1526 δίδαξον·
383 1495 451 1521 εἰδὲ
472 1495 521 1531 μὴ,
546 1495 595 1530 τὴν
627 1495 752 1530 γλῶσσαν
778 1494 908 1530 πεδήσας,

111 1540 192 1566 λῦσον
223 1540 271 1576 τὴν
298 1541 392 1575 ἀκοήν.
411 1541 518 1568 Μελέτα
536 1541 584 1576 μὲν
601 1543 630 1568 ἐν
654 1543 710 1574 τοῖς
742 1541 834 1574 θείοις,
853 1541 909 1568 ἀλλ’
925 1551 945 1579 C

111 1586 179 1612 εἴσω
190 1587 245 1613 τῶν
258 1587 329 1622 ὅρων
346 1587 443 1622 μένων.
458 1587 580 1622 Φθέγγου
600 1587 649 1623 μὲν
665 1588 700 1614 τὰ
715 1587 762 1614 τοῦ
782 1587 909 1623 Πνεύμα-

111 1641 169 1664 τος,
186 1633 244 1666 καὶ,
261 1633 286 1659 εί
304 1633 426 1666 δυνατὸν,
440 1633 500 1669 μηδ’
521 1633 577 1669 (15)
589 1633 653 1661 ἄλλο
665 1643 691 1660 τι
705 1643 711 1649 ·
733 1634 780 1660 καὶ
791 1633 909 1668 φθέγγου

113 1678 245 1714 μᾶλλονῆ
271 1679 386 1706 ἀνάπνει
411 1679 503 1713 (καλὸν
520 1680 575 1716 γὰρ
593 1679 673 1706 τοῦτο
694 1680 741 1706 καὶ
758 1679 858 1710 ἔνθεον,
876 1681 908 1716 τῇ

113 1725 210 1761 μνήμῃ
223 1724 277 1751 τῶν
291 1725 382 1758 θείων,
403 1726 447 1752 ἀεὶ
463 1726 519 1761 (16)
537 1726 725 1761 χεντρίζεσθαι
739 1727 808 1762 πρὸς
820 1726 907 1761 Θεόν),

111 1770 169 1796 ἀλλ’
192 1770 210 1797 ἃ
227 1771 414 1806 προσετάχθης
433 1771 634 1807 διανοούμενος.
666 1771 712 1808 Μὴ
726 1772 907 1808 περιεργὰξου

111 1817 219 1852 Πατρὸς
247 1816 328 1852 φύσιν
346 1817 412 1853 (17),
432 1817 497 1844 Υἱοῦ
518 1817 573 1853 (18)
590 1817 750 1852 μονογενοῦς
770 1818 908 1848 οὑσίωσιν.

111 1862 272 1896 Πνεύματος
286 1861 364 1896 δόξαν
377 1862 426 1889 καὶ
436 1862 562 1898 δύναμιν,
578 1864 626 1898 τὴν
640 1864 705 1899 μίαν
717 1865 748 1890 ἐν
763 1865 820 1896 τοῖς
835 1864 908 1899 τρισὶ

111 1907 230 1943 θεότητα
243 1908 291 1934 καὶ
308 1908 499 1944 λαμπρότητα,
519 1909 570 1943 τὴν
584 1909 733 1944 ἀμέριστον
755 1910 803 1936 καὶ
816 1909 906 1944 φύσιν,

111 1953 159 1980 καὶ
187 1953 342 1989 ὁμολογίαν,
363 1954 410 1980 κα)¹
435 1954 524 1988 δόξαν,
541 1955 590 1982 κα)⁸
612 1955 667 1982 τῶν
687 1955 908 1982 πεπιστευκότων

110 1997 217 2025 ἐλπίδα.
239 1998 322 2033 Ἔχου
348 1998 402 2025 τῶν
430 1999 587 2035 συντρόφων
617 2000 763 2036 ῥημάτων·
793 2002 807 2027 ὸ
831 2001 908 2035 λόγος

111 2044 182 2071 ἔστω
194 2044 247 2071 τῶν
260 2045 430 2080 σοφωτέρων.
452 2046 546 2081 Ἀρκεῖ
560 2054 601 2072 σοι
613 2046 660 2072 τὸν
677 2046 799 2082 θεμέλιον
816 2046 888 2081 ἔχειν
899 2054 905 2060 ·

111 2090 324 2126 ἐποικοδομείτω
351 2090 379 2117 δὲ
395 2092 410 2117 ὀ
434 2092 570 2126 τεχνίτης.
593 2092 686 2128 ’Δρκεῖ
709 2092 748 2127 τῷ
766 2092 839 2128 ἄρτῳ
858 2091 906 2127 τὴν

111 2136 226 2173 καρδίαν
243 2136 418 2172 στηρίζεσθαι
429 2146 436 2153 ·
456 2137 490 2163 τὰ
504 2137 558 2172 ὄψα
573 2138 601 2164 δὲ
616 2139 673 2170 τοῖς
686 2137 824 2170 πλουσίοις
841 2146 906 2172 συγ-

111 2182 246 2218 χώρησον.
262 2183 355 2214 Οὐδεὶς
374 2183 462 2218 κρίνει
479 2192 519 2216 σε,
539 2183 576 2219 μὴ
590 2184 725 2220 τρέφοντα
741 2183 905 2217 πολυτελῶς,

999 1307 1069 1336 XXI.
1084 1308 1113 1335 Si
1130 1313 1167 1336 est
1187 1309 1233 1335 tibi
1248 1317 1332 1336 sermo
1353 1309 1509 1343 prudentior,
1526 1310 1614 1344 inquit
1637 1311 1690 1344 ille,
1712 1320 1755 1339 re-

961 1354 1056 1388 sponde
1069 1362 1077 1382 :
1092 1362 1137 1381 nec
1149 1355 1286 1389 quisquam
1301 1355 1467 1388 prohibebit:
1480 1355 1520 1381 ain
1542 1356 1638 1391 minus,
1657 1357 1755 1384 haereat

962 1399 1177 1426 vinculumlabiis
1188 1399 1238 1426 tuis
1247 1399 1280 1426 ⁸³.
1289 1399 1396 1433 Quanto
1404 1400 1571 1427 commodius
1587 1401 1637 1428 hoc
1649 1402 1675 1428 in
1696 1410 1753 1434 eos.

962 1445 1007 1480 qui
1031 1446 1064 1472 ad
1084 1445 1236 1473 docendum
1253 1446 1369 1480 prompti
1383 1453 1414 1473 ac
1438 1447 1524 1480 parati
1540 1451 1614 1480 sunt,
1632 1448 1754 1475 adhiberi

963 1492 1066 1526 queat?
1080 1491 1106 1518 Si
1122 1492 1168 1519 tibi
1182 1497 1287 1526 tempus
1297 1491 1426 1524 est,doce
1438 1500 1444 1525 ;
1461 1492 1502 1519 sin
1519 1493 1620 1525 minus,
1634 1493 1754 1522 revincta

963 1538 1064 1572 lingua,
1086 1545 1166 1565 aures
1178 1537 1261 1564 solve.
1274 1537 1403 1565 Meditare
1416 1543 1443 1565 tu
1454 1538 1573 1572 quidem,
1590 1544 1670 1574 atque
1693 1540 1753 1567 ani-

963 1592 1007 1611 tuo
1025 1591 1137 1611 versare
1161 1584 1189 1611 in
1211 1584 1291 1611 rebus
1312 1583 1422 1617 divinis,
1450 1590 1577 1612 caeterum
1593 1586 1665 1612 intra
1686 1585 1754 1614 lines

961 1635 987 1658 te
1009 1630 1161 1658 continens.
1194 1630 1317 1665 Loquere
1346 1635 1373 1658 tu
1398 1631 1508 1666 quidem
1538 1639 1570 1659 ea
1602 1640 1661 1666 qua:
1689 1637 1752 1659 Sunt

961 1675 1089 1710 Spiritus,
1112 1683 1154 1708 ac,
1177 1676 1200 1703 si
1218 1676 1275 1703 ﬁeri
1297 1681 1396 1711 pOIest,
1414 1684 1447 1704 ne
1461 1677 1533 1704 aliud
1552 1677 1659 1712 quidem
1672 1678 1752 1712 quid-

961 1727 1042 1755 quam
1069 1720 1196 1755 loquere;
1218 1721 1273 1749 imo
1287 1722 1370 1748 etiam
1388 1722 1512 1750 crebrius
1531 1723 1653 1757 loquere,
1670 1731 1752 1758 quant

962 1768 1081 1803 respircs
1102 1768 1257 1803 (pulchrum
1275 1769 1348 1796 enim
1366 1777 1398 1796 ac
1417 1770 1536 1796 divinum
1555 1775 1597 1797 est
1618 1778 1666 1805 per
1685 1771 1754 1798 diri-

960 1821 1058 1840 narum
1085 1822 1175 1841 rerum
1195 1815 1482 1843 commemorationem
1499 1816 1533 1843 ad
1558 1817 1604 1844 Dei
1631 1824 1751 1844 amorem

960 1865 1090 1894 perpetuo
1104 1860 1303 1896 exstimulari);
1328 1861 1374 1889 sed
1390 1861 1437 1894 ita,
1451 1866 1480 1888 ut
1496 1869 1537 1894 ea,
1556 1869 1617 1897 qua:
1633 1863 1680 1890 tibi
1698 1863 1750 1890 im-

959 1912 1053 1941 perata
1069 1911 1142 1940 sunt,
1155 1908 1268 1942 cogites.
1294 1907 1335 1934 Ne
1363 1907 1452 1935 Patris
1474 1912 1598 1935 naturam
1614 1909 1694 1936 anxie
1710 1909 1752 1936 in-

959 1953 1062 1986 quiras,
1082 1951 1219 1987 Unigeuiti
1231 1957 1330 1985 ortum,
1348 1952 1467 1988 Spiritus
1482 1954 1568 1980 sancti
1585 1953 1698 1988 gloriam
1721 1959 1749 1982 et

959 1998 1127 2032 potentiam;
1156 2005 1247 2030 unam,
1278 1998 1399 2032 inquam,
1416 2003 1443 2025 et
1467 1999 1589 2026 eamdem
1608 2000 1634 2026 in
1662 2000 1748 2028 tribus

958 2045 1085 2079 personis
1104 2044 1232 2072 deitatem
1249 2049 1276 2072 et
1299 2046 1462 2078 claritatem,
1482 2045 1647 2073 individuam
1673 2046 1745 2073 illam

960 2095 1096 2122 naturam,
1115 2098 1148 2118 ac
1163 2090 1373 2124 confessionem,
1390 2095 1417 2118 et
1436 2091 1562 2127 gloriam,
1585 2097 1612 2120 et
1637 2094 1749 2120 creden-

952 2126 1025 2163 tium
1045 2143 1131 2171 spem.
1155 2136 1242 2164 Verba
1257 2144 1302 2168 ea.
1315 2137 1413 2172 quibus
1431 2126 1511 2165 simul
1523 2145 1584 2165 cum
1604 2137 1675 2166 lacte
1694 2139 1747 2166 im-

958 2180 1037 2207 butus
1051 2188 1091 2212 es,
1109 2182 1245 2209 mordicus
1261 2181 1364 2214 retine;
1388 2182 1521 2209 sermonis
1537 2187 1627 2210 autem
1640 2187 1668 2210 et
1690 2183 1748 2210 dis-

110 2228 165 2255 τῶν
178 2228 241 2255 νοῦν
251 2228 384 2263 ἑχόντων·
399 2229 457 2255 ἀλλ’
470 2229 517 2256 ἐὰν
539 2230 577 2266 μὴ
602 2230 728 2267 παραθῇς
744 2231 835 2266 ἄρτον,
853 2239 904 2266 μη-

963 2226 1113 2260 putationis
1138 2234 1231 2254 curam
1248 2227 1441 2255 eruditioribus
1468 2228 1578 2257 manda.
1607 2228 1678 2256 Satis
1701 2237 1746 2256 su-

111 2274 139 2300 at
156 2274 270 2309 ποτίσῃς
287 2274 368 2311 ὕδωρ,
388 2275 476 2302 εἴτουν
489 2275 614 2311 μαθητὴν
627 2276 746 2312 Χριστοῦ
763 2277 829 2312 (19),
848 2277 902 2303 εἴτε

111 2319 190 2346 ἄλλον
204 2319 265 2346 τινὰ
280 2320 360 2356 μέχρι
374 2319 476 2346 τούτων
493 2320 650 2356 δυνάμενος.
667 2321 715 2355 Μὴ
728 2321 791 2348 ῖσθι
810 2321 903 2354 ταχὺς

111 2365 267 2399 ὲνλόγοις,
287 2366 305 2400 ἡ
331 2365 411 2400 σοφία
427 2365 611 2393 διακελεύεταί
632 2375 672 2393 σοι
685 2375 692 2382 ·
715 2366 752 2402 μὴ
775 2374 904 2402 συμπαρ-

111 2411 242 2444 εκτείνου,
259 2411 344 2443 πένης
356 2410 404 2444 ὢν,
428 2410 558 2448 πλουσίῳ,
574 2412 642 2449 μηδὲ
658 2412 733 2448 ζήτει
745 2411 799 2439 τῶν
813 2411 903 2446 σοφῶν

147 2483 168 2499 ⁸¹
185 2483 256 2511 Psal.
272 2491 370 2515 χχχιιι,
399 2483 427 2510 2.
463 2483 486 2499 ⁸¹
501 2482 640 2514 Prov.vm,
654 2482 680 2509 7.
719 2481 741 2498 ⁸³
755 2481 824 2509 Psal.
845 2489 938 2513 xxxix,

147 2563 185 2600 (9)
194 2599 197 2600 ν
205 2563 365 2600 Ἀλήθειαν·
365 2563 525 2600 μελετήσει
537 2563 554 2589 ὁ
565 2560 680 2600 λάρυγξ
689 2569 757 2596 μου.
771 2559 832 2587 ΙΙωο
848 2559 896 2587 de-

112 2597 219 2635 suntrin
238 2599 342 2635 duobus
356 2598 490 2635 Reggaet
505 2598 552 2626 Or.
571 2597 594 2625 1.
623 2631 638 2635 _
659 2631 664 2635 Α
683 2631 690 2635 _
726 2631 734 2635 _
768 2631 774 2635 _
834 2629 847 2635 _

147 2634 203 2669 (10)
218 2633 376 2661 Ἐντεῦθεν
387 2630 595 2666 διδάσκοντας.
619 2631 702 2659 Coisl.
723 2631 750 2664 1,
767 2630 896 2657 ἐνταῦθα.

111 2669 139 2696 In
150 2661 327 2703 ‘qtiibnsdatn,
342 2668 521 2700 διδάσκοντες.

149 2700 203 2739 Iit)
216 2704 300 2737 Παρὰ
309 2703 362 2730 τὸν
371 2704 473 2739 νόμον.
488 2705 534 2732 οι·.
550 2703 577 2734 1.
597 2702 667 2738 ὑπὲρ
676 2700 824 2739 τὸνὲνόμοντ

145 2735 202 2774 (12)
219 2735 346 2768 Κοξίάζω.
366 2735 411 2766 sai-
428 2738 495 2774 ch,
507 2735 658 2770 bm,Goisl.'
672 2738 697 2770 1,
711 2735 769 2764 οι·.⁷
780 2737 805 2768 1,
822 2735 895 2769 Βιιε.,

109 2773 215 2806 Count»,
230 2779 282 2801 etc.
296 2774 324 2800 In
335 2775 390 2805 ed.,
405 2773 536 2809 σχολάζω,
549 2782 558 2798 ι
570 2773 649 2800 otior.
662 2782 672 2798 ι

145 2810 200 2844 (15)
218 2809 274 2836 Τοῦ
281 2805 498 2843 μετρίουΓὸιίί
507 2815 561 2837 tres
578 2809 659 2843 ιιι-εις.
672 2813 698 2836 et
709 2808 755 2836 0r.
779 2807 804 2834 1.
817 2805 897 2834 Deest

110 2844 154 2871 τοί
169 2846 195 2871 in
211 2845 256 2871 ed.

144 2880 200 2915 (11)
217 2878 320 2907 Εὶ.Οι·.
336 2879 348 2906 1
369 2879 453 2914 addit,
470 2879 527 2914 μέν.

958 2279 1058 2307 perque
1072 2273 1120 2299 tibi
1135 2277 1177 2300 est
1198 2273 1402 2300 l'umlamentum
1425 2273 1527 2301 habere
1546 2282 1553 2300 :
1574 2280 1745 2309 superstruat

958 2319 1134 2347 architectus.
1159 2319 1242 2355 594
1264 2319 1367 2347 Sutlicit
1393 2319 1439 2346 tibi
1455 2327 1503 2347 cor
1519 2320 1587 2355 pane
1614 2320 1710 2348 fulcire
1737 2331 1743 2348 :

957 2365 1071 2393 obsonia
1102 2365 1219 2400 copiosis
1237 2370 1265 2393 et
1293 2366 1469 2400 locupletibus
1499 2366 1630 2401 relinque.
1660 2365 1744 2393 Nemo

958 2419 1041 2439 sanus
1061 2419 1093 2439 ac
1119 2411 1238 2447 prudens
1265 2417 1291 2440 te
1313 2412 1470 2444 accusabit,
1496 2412 1518 2439 si
1546 2411 1686 2446 splendide
1713 2419 1745 2440 ac

957 2481 1001 2510 10.
1038 2481 1061 2497 ⁸⁸
1077 2482 1141 2517 Sap.
1154 2489 1194 2514 ιιι,
1215 2481 1258 2509 11.
1299 2481 1321 2497 ⁸⁵
1335 2481 1418 2509 Eccli.
1441 2489 1465 2515 ιι,
1487 2480 1522 2508 11

987 2559 1042 2594 (15)
1057 2559 1142 2593 Μηδ’¹.
1154 2559 1218 2594 Reg.
1237 2560 1282 2590 Im,
1299 2558 1391 2594 μηδέν.
1756 2572 1760 2578 ν

987 2595 1042 2628 (16)
1063 2595 1164 2627 Θείων,
1177 2593 1233 2621 ἀει.
1251 2593 1361 2622 διειιαο
1378 2593 1473 2629 lin-33.,
1489 2594 1536 2621 0r.
1554 2594 1578 2627 1,
1599 2599 1626 2621 et
1647 2594 1741 2622 Comb.

952 2629 1032 2656 Deest
1044 2630 1088 2656 ἀεί
1102 2630 1128 2656 iu
1146 2631 1188 2657 ed.

987 2665 1174 2699 (17)]Ιατρὸς
1195 2664 1299 2698 φύσιν.
1321 2663 1424 2692 Schol;
1447 2664 1513 2690 Ἰδοὺ
1531 2664 1611 2698 φύσιν
1627 2664 1741 2691 ἐκάλεσε

950 2699 999 2734 τὴν
1010 2699 1058 2726 τοῦ
1074 2700 1180 2735 Πατρὸς
1195 2700 1260 2735 μίαν
1274 2700 1430 2726 ὑπόστασιν·
1446 2709 1455 2725 ‹
1476 2700 1544 2727 Ecce
1560 2706 1683 2726 naturam
1695 2708 1741 2734 ap-

951 2735 1061 2768 pellavit
1088 2742 1167 2761 unum
1193 2735 1282 2762 Patris
1305 2736 1529 2767 subsistentiani,
1557 2742 1617 2767 Seu,
1644 2742 1740 2769 perso-

950 2777 1021 2796 nam.
1035 2778 1044 2794 ι

985 2804 1042 2840 (13)
1062 2804 1139 2832 Υἱοῦ.
1159 2804 1238 2832 Deest
1253 2805 1286 2835 in,
1298 2806 1382 2832 tribus
1399 2805 1483 2840 Rogg.
1498 2811 1523 2833 et
1539 2806 1584 2834 0r.
1604 2805 1629 2833 1.

986 2840 1040 2877 (ιν)
1057 2840 1167 2877 Εἴτρυν
1184 2839 1321 2877 μαθητὴν
1340 2839 1479 2876 Χριστοῦ.
1499 2842 1556 2870 Ι)υο
1573 2841 1671 2877 chg.,
1689 2839 1740 2870 εἰτ’

950 2874 996 2902 οὖν
1013 2875 1130 2911 Χριστοῦ
1147 2875 1280 2912 μαθητήν.
1298 2874 1301 2876 ⁷
1362 2874 1368 2876 ⁷
1616 2874 1627 2877 ⁷
1639 2874 1661 2891 Ὗ
