2029 3127
191 118 241 147 221

538 118 668 148 ORATIO
689 119 807 147 XXXI".
826 135 862 140 —
880 119 1020 148 CONTRA
1039 120 1191 149 ARIANOS
1209 120 1254 148 ET
1274 121 1318 148 DE
1338 121 1468 151 SEIPSO.

1760 127 1814 154 222

190 183 249 210 μων
272 173 351 210 χερσὶ
380 174 534 210 παρέδωκα,
561 175 594 202 ῑν*
612 175 649 208 ὡς
673 175 757 212 θῆρες
779 177 932 212 εἱρχθέντες
952 178 977 204 ἐν

1034 178 1110 209 viris.
1130 178 1175 212 qui
1191 185 1274 206 carne
1288 186 1356 214 pene
1374 187 1405 207 ac
1416 179 1546 215 sanguine
1562 181 1708 210 carebant!
1725 182 1814 217 Quos-

188 220 339 254 ἀφεγγέσι-ιν
361 221 456 252 οἴκοις,
476 221 522 247 καὶ
537 221 658 256 ἀλλήλων
675 222 877 258 διαζευχθέντες
890 222 979 258 (τοῦτο

188 266 241 301 γὰρ
255 265 287 300 δὴ
302 265 333 292 τὸ
347 265 398 300 τῆς
410 266 564 301 τραγῳδίας
577 266 749 302 βαρύτατον),
760 268 831 303 λιμῷ
844 269 891 295 καὶ
907 268 977 302 δίψει

188 311 416 346 κακοπαθήσωσι,
432 312 535 346 τροφὴν
554 312 742 347 μετρούμενοι,
761 315 809 340 καὶ
823 313 925 348 ταύτην
935 314 979 340 διὰ

190 356 290 382 στενῶν
306 355 359 382 τῶν
377 356 479 391 πόρων,
495 356 541 382 καὶ
555 356 615 382 οὐδὲ
626 357 689 389 τοὺς
704 358 901 392 συναλγοῦντας
913 360 979 394 ὁρᾷν

188 402 303 437 ἐώμενοι
325 402 396 437 (41);
426 402 480 428 Kal.
502 403 597 434 ταῦτα,
616 404 684 435 τίνε,
712 404 784 440 (12);
805 402 856 430 Ὧν
875 405 924 430 οὐκ
945 403 979 440 ἦν

187 447 262 479 ἄξιος
277 448 291 473 ὁ
308 447 418 482 κόσμος.
432 447 510 475 Οὕτω
527 449 622 483 τιμᾶτε
640 449 731 476 πίστιν
744 450 836 484 ὑμεῖς
847 449 917 476 οὕτω
935 450 978 482 ξε-

189 492 291 525 νίζετες
312 493 445 526 Ἀγνοεῖτε
472 492 507 519 τὰ
534 493 619 520 πλείω
633 495 734 520 τούτων
745 502 751 508 “
765 495 812 522 καὶ
833 495 892 521 λίαν
908 495 980 521 εικό-

187 547 252 570 τως,
275 538 320 565 διὰ
343 538 374 564 τὸ
391 538 492 574 πλῆθος
511 539 564 565 τῶν
582 539 740 574 δραμάτων,
754 541 801 566 καὶ
823 540 873 575 τῆς
898 542 928 568 ὲν
941 541 979 576 τῷ

189 585 275 611 ποιεῖν
292 584 396 619 τρυφῆς
406 593 413 600 ·
426 584 496 611 ἀλλὰ
511 585 541 611 τὸ
557 585 660 620 πάσχον
678 585 927 621 μνημονικώτερον.
947 587 979 612 Τί

190 639 234 665 μοι
248 630 283 657 τὰ
299 630 393 666 πόρῤω
405 631 512 665 λέγειν;
532 631 611 657 Ἀλλά
621 640 691 663 τινες
704 632 751 658 καὶ
762 631 809 658 τοῦ
824 632 918 668 καιροῦ
934 641 979 666 γε·

188 676 282 709 γόνασι
307 676 450 712 βιαιότεροι
477 678 544 711 (45).
563 678 687 713 καθάπερ
704 678 729 704 οἱ
750 677 819 704 κατὰ
844 678 979 713 φραγμῶν

187 722 336 757 ὠθούμενοι
360 723 432 754 σύες.
449 723 526 758 Ζητῶ
544 732 594 758 μου
620 723 648 750 τὺ
668 723 732 758 χθὲς
754 723 831 758 ὑμῶν
854 724 978 757 σφάγιον,

188 769 233 794 τὸν
247 768 361 803 γέροντα
376 769 443 803 (Μ),
456 770 503 796 καὶ
522 770 698 805 Ἀὄραμιαῖον
711 770 828 804 πατέρα,
842 769 871 795 ὃν
886 770 918 795 ἐκ
932 770 980 805 τῆς

188 816 349 851 ὑπερορίας·
367 817 494 851 ἀχθέντα,
517 817 600 848 λίθοις
623 816 814 849 ἐδεξιώσασθε,
845 816 979 852 μεσούσης

1031 231 1092 250 nam
1108 224 1167 258 pios
1189 225 1274 256 viros,
1297 226 1392 259 patriae
1416 225 1514 253 ilnibus
1540 227 1641 261 pulsos,
1661 229 1814 257 hominibus

1031 269 1130 303 iniquis
1149 269 1250 300 dedidi,
1271 274 1300 296 ut
1320 271 1497 298 lenebricosis
1514 272 1637 300 domibus
1652 273 1770 301 ferarum
1788 275 1814 302 in

1031 316 1140 342 modum
1163 316 1269 348 inclusi,
1294 321 1376 350 atque
1402 317 1447 343 alii
1466 317 1499 344 ab
1515 319 1575 344 aliis
1592 318 1717 352 disjuncti
1733 319 1814 355 (quod

1032 361 1058 386 in
1084 365 1137 386 tota
1163 361 1292 395 traguedia
1312 361 1501 395 gravissimum
1518 362 1600 398 erat),
1625 363 1694 395 fame
1714 372 1745 390 ac
1770 364 1814 391 siti

1031 405 1195 437 laborarent,
1224 411 1324 434 certam
1351 407 1403 433 cibi
1435 415 1604 442 mensuram,
1631 416 1745 443 eamque
1768 417 1816 443 per

1031 457 1157 484 angustas
1182 452 1265 478 rimas
1285 452 1460 486 accipientes,
1486 460 1519 479 ne
1542 453 1611 480 facta
1627 454 1733 488 quidem
1750 454 1815 489 ipsis

1030 501 1164 530 potesmm
1179 505 1225 524 eos
1241 497 1361 528 videndi,
1378 498 1423 531 qui
1440 498 1466 524 in
1487 499 1580 525 iisdem
1599 500 1735 527 doloribus
1756 508 1816 527 vcr-

1031 543 1179 569 sahantur?
1200 543 1287 576 Atque
1310 543 1377 573 haec,
1396 544 1504 577 quinam
1521 545 1592 570 viri?
1610 545 1709 577 Quibus
1721 546 1815 580 dignus

1031 595 1081 613 non
1095 592 1151 614 erat
1169 589 1280 614 minutus
1296 588 1328 614 ".
1352 587 1396 615 Sic
1416 589 1495 614 iidem
1513 589 1607 617 honori
1627 591 1754 618 habetis?
1770 591 1816 619 Sic

1032 632 1149 666 hospitio
1171 632 1315 667 excipitis?
1340 632 1467 666 lllajorem
1486 633 1567 668 607
1584 634 1680 661 horum
1707 640 1812 669 partem

1032 678 1174 711 ignoratis;
1189 683 1216 704 el
1230 678 1326 705 merito
1347 686 1412 705 sane
1433 684 1543 713 propter
1557 687 1644 706 rerum
1674 685 1810 714 gestarum

1031 723 1248 755 niultitudinem.
1273 725 1425 758 miramque
1444 724 1468 750 in
1489 724 1613 752 faciendo
1636 727 1810 760 voluptatem.

1031 769 1066 795 At
1087 769 1120 800 is,
1145 769 1190 803 qui
1217 771 1329 803 patitur,
1357 770 1486 797 tenaciori
1510 771 1638 798 memoria
1659 778 1719 798 esse
1736 772 1815 799 solet.

1032 815 1100 848 Quid
1116 821 1205 842 autem
1224 816 1367 850 longinqua
1383 817 1500 851 colligo?
1518 817 1552 843 At
1571 817 1689 844 nonnulli
1712 817 1816 844 violen-

188 859 304 894 ἡμέρας,
319 861 347 886 ὲν
365 861 435 896 μέσῃ
457 861 541 887 πόλει.
565 861 659 896 Ἡμεῖς
678 861 706 887 δὲ
729 862 776 887 καὶ
792 861 854 892 τοὺς
877 863 975 895 φονεῖς,

1031 860 1112 887 tiores
1130 861 1211 888 etiam
1238 869 1297 889 sese
1315 863 1489 896 prmbuerunt
1504 883 1512 895 ,
1531 870 1609 897 quam
1625 863 1751 898 temporis
1771 871 1815 890 ra-

187 905 212 930 εἱ
228 905 265 940 μὴ
285 906 410 940 φορτικὸν
423 908 520 938 εἰπεῖν,
538 906 730 942 ὲζητησάμεοα
811 907 976 934 κινδυνεύονι

186 959 245 982 τας.
261 951 333 977 Ποῖα
346 952 459 978 τούτων
471 953 558 985 ἵλεως
573 953 680 987 ἔσομαι
696 961 762 984 σοι;
777 952 843 987 φησί
862 961 912 978 που
927 953 975 987 τῆς

187 996 322 1032 Γραφῆςὸ
333 996 407 1028 Θεὸς.
434 997 466 1023 Τί
482 997 583 1024 τούτων
600 998 751 1030 ἑπαινέσω;
774 997 872 1033 μᾶλλον
887 997 925 1030 δὲ,
943 999 976 1024 ὲκ

187 1043 272 1070 ποιων
287 1043 360 1077 ὑμᾶς
371 1043 539 1078 ἁναδήσομαι
551 1053 558 1077 ;

1031 907 1067 933 tio
1091 908 1160 933 ferre
1178 908 1326 940 videretur,
1353 917 1405 935 non
1428 917 1506 936 secus
1529 913 1610 943 atque
1625 909 1693 942 apri,
1711 909 1754 942 qui
1767 916 1816 942 per

1029 958 1103 985 septa
1120 955 1240 987 quaedam
1263 962 1358 988 magno
1379 955 1478 988 impetu
1497 954 1629 980 feruntur.
1656 953 1815 980 ilesternam

1030 1006 1116 1025 meatu
1130 999 1266 1026 victimam
1282 1008 1374 1034 posco,
1388 1008 1479 1028 senem
1498 1001 1582 1032 illum,
1606 1004 1633 1027 et
1653 1000 1816 1027 Abrahami-

1030 1052 1091 1070 eum
1105 1050 1218 1079 patrem,
1233 1053 1313 1080 quem
1325 1054 1356 1073 ex
1373 1047 1469 1074 exsilio
1485 1047 1641 1074 redeuntem
1656 1047 1743 1074 medio
1759 1047 1813 1079 die,

188 1088 274 1116 media
301 1098 328 1116 in
350 1088 417 1117 urbe
441 1090 513 1117 saxis
533 1090 688 1124 excepistis.
721 1091 755 1117 At
775 1097 824 1117 nos
862 1090 923 1123 (nisi
947 1090 997 1117 hoc
1035 1091 1106 1117 dictu
1132 1099 1213 1124 grave
1237 1097 1318 1132 atque
1346 1092 1505 1119 invidiosum
1531 1092 1587 1125 sit),
1609 1092 1816 1126 interemptorcs

186 1134 269 1161 etiam
318 1135 390 1169 ipsos
413 1136 601 1169 deprecatione
630 1140 721 1163 nostra
748 1136 867 1170 periculo
909 1135 1003 1162 mortis
1040 1135 1223 1164 liberavimus.
1261 1136 1346 1171 Super
1379 1145 1429 1171 quo
1469 1137 1562 1162 horum
1602 1135 1649 1162 tibi
1683 1136 1812 1170 propiliu,

186 1182 250 1207 ero!
273 1180 389 1214 quodam
412 1180 558 1223 Scriptura:
586 1181 644 1208 loco
669 1182 705 1209 ait
735 1181 804 1210 Deus
830 1183 869 1209 ¹⁵.
895 1184 963 1217 Quid
985 1183 1080 1212 horum
1110 1183 1242 1211 laudabo?
1276 1182 1317 1209 vel
1343 1182 1431 1217 potius
1450 1202 1458 1215 ,
1490 1182 1524 1208 ob
1544 1188 1603 1215 qua:
1630 1187 1731 1208 corona
1760 1188 1809 1209 vos

187 1227 291 1261 cingant
302 1226 314 1253 ’ἔ

222 1274 268 1306 ς’.
296 1271 372 1299 Ἐπεὶ
393 1272 421 1299 δὲ
443 1272 554 1299 τοιαῦτα
572 1271 606 1298 τὰ
626 1271 669 1303 σὰ,
695 1272 743 1298 καὶ
761 1272 846 1304 οὕτως
868 1273 973 1308 ἔχοντα,

1062 1272 1106 1300 Vl.
1123 1270 1252 1304 Quoniam
1264 1274 1352 1296 autem
1373 1269 1428 1297 haec
1449 1273 1530 1304 atque
1562 1269 1714 1305 huiusmodi
1740 1270 1809 1297 faci-

186 1317 248 1352 λὲτε
261 1326 306 1353 μοι
319 1317 365 1344 καὶ
379 1317 428 1348 τὰς
443 1317 512 1352 ἐμὰς
527 1316 644 1348 ἀδικίας,
656 1317 688 1343 ἵν’
703 1317 719 1352 ἢ
733 1317 880 1352 παύσωμαι
893 1319 975 1350 κακὸς

186 1364 234 1394 ὦν,
290 1363 471 1398 αἰσχύνωμαι.
498 1364 540 1394 Ὠς
558 1363 644 1397 ἔγωγε
662 1363 778 1399 μάλιστα
795 1364 844 1399 μὲν
862 1363 976 1399 εὔχομαι

188 1409 270 1444 μηδὲν
282 1410 433 1445 ἁμαρτεῖν·
449 1411 473 1436 εἱ
488 1410 510 1436 δ’
528 1407 584 1441 οὖν,
597 1411 643 1436 καὶ
658 1410 758 1436 ἀδικῶν
772 1410 956 1444 ἐπανάγεσθαι
967 1419 973 1425 ·

186 1455 300 1491 δευτέρα
322 1457 401 1492 μερὶς
417 1455 485 1491 αὕτη
500 1456 554 1482 τῶν
573 1454 601 1483 εὖ
617 1456 797 1492 φρονούντων.
813 1456 869 1483 Καὶ
881 1457 934 1492 γὰρ
951 1457 975 1483 εἰ

188 1500 224 1536 μὴ
236 1501 388 1536 κατήγορος
403 1501 521 1536 ἐμαυτοῦ
536 1501 606 1527 κατὰ
619 1501 664 1527 τὸν
678 1501 780 1527 δίκαιον
796 1502 825 1527 ἐν
840 1502 976 1536 πρωτολο-

186 1548 232 1583 γὶᾳ
245 1548 367 1583 γίνομαι,
382 1548 470 1582 χαίρω
487 1556 518 1581 γε
534 1547 579 1574 ὑπ’
593 1546 673 1575 ἄλλοι)
685 1547 910 1582 θεραπευόμενος.
923 1549 975 1573 Μι-

186 1594 242 1628 κρά
260 1602 321 1625 σοι,
339 1593 431 1628 φησιν,
456 1594 475 1627 ιι)
501 1594 598 1625 πόλις.
620 1593 669 1619 καὶ
688 1592 760 1620 οὐδὲ
775 1594 874 1626 πόλις,
896 1594 976 1620 ἀλλὰ

186 1640 297 1674 χωρίον
318 1639 423 1673 ξηρὸν,
447 1639 498 1666 καὶ
519 1638 617 1673 ἄχαρι,
643 1639 692 1665 καὶ
707 1639 819 1672 ὀλίγοις
841 1640 975 1673 οἰκούμε-

186 1694 251 1712 νον.
272 1684 357 1711 Τοῦτο
375 1684 495 1710 πέπονθα
511 1684 620 1719 μᾶλλον,
637 1681 659 1711 ὧ
678 1683 808 1718 βέλτιστε,
824 1684 840 1719 ἢ
862 1684 977 1718 πεποίη-

188 1739 233 1762 κα,
252 1730 329 1766 εἴπερ
343 1730 401 1756 ἔστι
423 1730 523 1756 δεινόν·
545 1730 592 1756 καὶ
611 1731 635 1756 εἰ
655 1730 703 1765 μὲν
717 1730 772 1765 (Mi)
784 1730 868 1761 ἄκων,
885 1730 978 1764 ἀνέχο-

189 1786 236 1812 μαι
249 1775 387 1812 δυστυχῶν
406 1775 461 1812 (47)
477 1775 608 1810 (λεγέσθω
622 1776 676 1811 γὰρ
689 1775 784 1809 οὕτως)
796 1784 802 1791 ·
819 1777 841 1802 εἰ
853 1776 881 1802 δὲ
895 1775 976 1807 ἑκὼν,

187 1822 333 1857 φιλοσοφῶ.
351 1822 469 1858 Πότερον
485 1822 587 1848 τούτων
604 1821 660 1855 (18)
675 1821 800 1856 ἔγκλημα
814 1831 821 1854 ;
836 1822 866 1847 Εἰ
879 1822 915 1857 μὴ
931 1823 978 1848 καὶ

187 1869 231 1896 τὸν
248 1869 358 1904 δελφῖνα
375 1869 513 1902 κακίζοιτό
526 1878 567 1900 τις
581 1869 649 1904 (49),
662 1870 702 1895 ὅτι
721 1868 759 1904 μὴ
772 1870 897 1904 χερσαῖος
907 1878 913 1884 ·
931 1869 977 1895 καὶ

187 1917 233 1943 τὸν
251 1915 325 1950 βοῦν,
346 1917 388 1943 ὅτι
409 1916 446 1952 μὴ
463 1916 608 1950 πελάγιος·
631 1916 677 1942 καὶ
702 1915 751 1951 τὴν
776 1914 919 1951 μύραιναν,
938 1915 977 1942 ὅτι

187 1962 316 1996 ἁμφὶϐιος
331 1961 397 1997 (50).
415 1962 497 1996 Ἡμῖν
517 1962 563 1994 δὲ,
580 1962 657 1996 φησι,
681 1962 765 1996 τείχη
788 1961 838 1988 καὶ
861 1960 977 1995 θέατρα,

187 2007 238 2033 καὶ
260 2007 366 2034 ἱππικά
383 2007 452 2042 (Si),
467 2007 516 2034 χιιι
531 2007 686 2039 βασίλεια,
705 2006 752 2033 καὶ
770 2005 867 2039 κάλλη
881 2005 979 2032 στοῶν

187 2053 236 2080 καὶ
248 2053 369 2087 μεγέθη,
386 2053 436 2079 καὶ
457 2053 489 2079 τὸ
506 2053 636 2079 ἄπιστον
652 2052 739 2079 τοῦτο
753 2052 852 2086 ἔργον,
871 2053 887 2078 ό
904 2052 978 2078 ὑπο·

187 2099 307 2133 χθόνιος
327 2098 383 2134 (52)
406 2099 456 2126 καὶ
470 2098 567 2133 ἀέριος
586 2099 728 2133 ποταμὸς,
741 2099 790 2125 καὶ
808 2100 824 2125 ὁ
843 2098 979 2132 λαμπρὸς

187 2145 300 2178 στύλος
321 2145 376 2181 (55)
398 2144 502 2184 οὐτοσὶ
528 2144 577 2172 καὶ
598 2145 797 2181 ἀπόϐλεπτος,
819 2143 868 2171 καὶ
886 2143 980 2178 ἀγορὰ

1029 1326 1093 1347 nora
1112 1323 1156 1344 tua
1176 1321 1252 1349 sunt,
1276 1323 1324 1349 age
1337 1336 1343 1348 ,
1362 1315 1418 1350 jam
1439 1315 1594 1349 iniquitates
1612 1323 1719 1350 quoque
1737 1323 1812 1342 meas

1028 1364 1094 1390 mihi
1120 1370 1218 1393 narra,
1237 1366 1266 1388 ut
1284 1361 1325 1388 vel
1343 1361 1429 1388 malus
1446 1369 1506 1388 esse
1526 1361 1664 1393 desinam,
1694 1361 1734 1388 vel
1749 1368 1813 1387 eru-

1027 1409 1146 1436 bescam.
1164 1408 1270 1434 Etenim
1288 1407 1405 1434 maxime
1422 1407 1446 1434 id
1462 1408 1569 1442 quidem
1586 1409 1718 1442 optarim.
1736 1408 1811 1434 omni

1028 1456 1106 1490 culpa
1121 1462 1216 1480 vacare
1230 1463 1236 1480 :
1253 1454 1293 1480 sin
1309 1458 1397 1487 autem
1413 1454 1464 1480 hoc
1478 1454 1588 1481 minime
1603 1454 1769 1485 conceditur,
1784 1459 1812 1480 at

1028 1503 1092 1530 illud
1114 1502 1224 1533 saltem,
1249 1501 1313 1527 utsi
1338 1500 1400 1534 quid
1423 1500 1506 1534 iniqui
1528 1500 1666 1527 admittam
1682 1521 1688 1532 ,
1709 1501 1741 1527 ad
1759 1508 1814 1527 me-

1029 1549 1124 1576 liorem
1139 1548 1208 1574 viam
1228 1554 1341 1574 revocer
1357 1555 1363 1579 ;
1380 1554 1439 1580 quae
1456 1547 1572 1573 secunda
1588 1547 1748 1581 prudentum
1765 1547 1813 1574 ho-

1026 1595 1127 1621 minum
1156 1593 1252 1620 classis
1266 1597 1316 1620 est.
1342 1592 1409 1618 Nam
1433 1592 1482 1618 etsi
1507 1591 1573 1625 justi
1602 1591 1673 1618 illius
1687 1598 1772 1623 more,
1786 1591 1814 1618 in

1027 1641 1079 1667 ιηρὶ
1101 1640 1272 1667 accusatione
1293 1638 1395 1673 primas
1420 1643 1511 1672 partes
1541 1646 1592 1665 non
1615 1645 1717 1672 occupo
1733 1637 1769 1671 ”,
1788 1641 1815 1664 at

1028 1690 1102 1713 certe
1114 1686 1232 1720 peccatis
1247 1685 1314 1712 meis
1328 1685 1361 1711 ab
1374 1685 1427 1711 alio
1440 1684 1599 1711 medicinam
1613 1684 1733 1710 adhiberi
1748 1691 1813 1717 gau-

1028 1731 1087 1758 dco.
1117 1730 1202 1758 Parva
1222 1730 1269 1757 tibi
1295 1731 1387 1757 civitas
1409 1735 1464 1762 est,
1488 1730 1598 1763 inquis,
1622 1738 1652 1755 ac
1677 1737 1708 1756 ne
1726 1730 1814 1756 civitas

1028 1777 1148 1811 quidem,
1165 1776 1210 1802 sed
1225 1776 1316 1802 aridus
1335 1775 1407 1802 locus
1417 1795 1425 1808 ,
1440 1780 1463 1801 et
1479 1775 1624 1801 inanimum
1639 1780 1716 1809 atque
1732 1774 1813 1808 infre—

1027 1831 1119 1857 quens.
1145 1823 1233 1856 Atque
1254 1822 1322 1854 hoc,
1337 1822 1358 1849 si
1380 1822 1406 1848 in
1431 1821 1510 1848 malis
1527 1820 1681 1847 habendum
1695 1825 1755 1853 est,
1773 1820 1815 1846 vir

1028 1868 1167 1903 praeclare,
1197 1868 1283 1901 patior
1311 1868 1400 1902 potius
1422 1874 1502 1901 quam
1527 1866 1595 1893 facio
1619 1875 1626 1894 :
1653 1871 1680 1894 et
1710 1867 1731 1893 si
1753 1867 1814 1901 qui-

1029 1914 1089 1940 dem
1115 1913 1198 1940 invito
1228 1913 1333 1945 animo,
1363 1913 1445 1939 miser
1471 1920 1546 1944 sum,
1580 1913 1661 1940 liccat
1686 1913 1757 1939 enim
1778 1913 1814 1939 ita

1029 1958 1121 1993 loqui;
1138 1959 1159 1986 si
1176 1966 1240 1985 vero
1255 1966 1332 1992 inquo
1348 1966 1380 1985 ac
1397 1958 1509 1990 libenti,
1527 1958 1679 1992 philosophi
1704 1957 1812 1984 laudent

1029 2006 1148 2033 obtineo.
1169 2005 1263 2032 Utrum
1285 2005 1381 2032 horum
1400 2005 1521 2032 criminis
1547 2005 1679 2031 rationem
1707 2004 1811 2031 habet?

1030 2051 1086 2078 Nisi
1109 2059 1173 2078 vero
1190 2051 1251 2085 quis
1270 2051 1320 2078 hoc
1336 2051 1445 2078 nomine
1461 2050 1617 2084 delphinum
1633 2050 1814 2077 accusandum

1029 2101 1123 2132 putet,
1141 2097 1212 2131 quod
1231 2102 1360 2125 terrestre
1378 2097 1479 2125 animal
1497 2105 1549 2124 non
1573 2097 1629 2124 sit:
1655 2101 1681 2122 et
1703 2097 1812 2126 bovem.

1030 2143 1102 2179 quod
1121 2150 1175 2170 non
1194 2143 1221 2170 in
1245 2143 1322 2178 aquis
1344 2144 1444 2179 degat:
1466 2149 1494 2171 et
1515 2150 1661 2170 murcenam
1675 2163 1682 2174 ,
1699 2142 1770 2176 quod
1788 2142 1813 2167 in

228 2222 250 2237 ιδ
265 2221 345 2249 Hebr.
363 2229 402 2254 χι,
415 2221 460 2249 58.
499 2221 520 2237 ¹⁵
538 2220 708 2254 Jerem.v,7.
748 2221 769 2236 "
788 2219 868 2247 Prov.
886 2227 963 2251 nm.
984 2221 1026 2248 l7.

224 2277 281 2313 (Η)
293 2277 391 2313 ῨὉρᾷν
403 2277 536 2312 ἐώμενοι.
553 2278 597 2305 Sic
606 2278 697 2312 plures
714 2277 809 2312 Regg.,
822 2277 875 2304 duo
882 2276 975 2308 Coisl.,

1029 2274 1183 2313 ed..§stvbv
1195 2275 1209 2301 ὁ
1223 2274 1300 2313 ante!
1317 2273 1376 2313 μέν,
1391 2277 1444 2313 etc.

187 2312 233 2340 Or.
245 2312 355 2349 1,.1ιιε..
366 2318 418 2340 etc.
432 2314 511 2340 Deest
526 2314 592 2349 ὁρᾷν
606 2314 631 2339 in
649 2313 692 2349 ed.

225 2347 280 2383 (12)
303 2349 402 2380 Τίνες;
420 2357 429 2374 ‹
456 2346 570 2381 Quinam
593 2348 662 2374 viri?
685 2357 694 2373 ι
712 2347 738 2374 Id
753 2347 826 2383 Elias
840 2346 975 2383 praecipue

188 2383 221 2409 de
240 2383 322 2410 Paulo
339 2385 464 2417 episcopo
474 2383 769 2417 Constantinopolitano
788 2382 920 2416 intelligit.

224 2417 281 2453 (45)
310 2419 482 2452 Βιίιιότεροι.
515 2418 610 2449 Arguit
637 2417 781 2452 Gregorius
813 2417 973 2453 Arianorum

188 2451 331 2485 smvitiam,
352 2454 408 2488 qui,
426 2451 469 2480 ine
493 2454 601 2486 quidem
626 2454 676 2480 sub
701 2452 821 2488 principe
838 2451 974 2488 rcat_holico

188 2486 374 2523 (Theodosio),
389 2497 403 2515 a
418 2488 589 2521 crudelitate,
605 2493 631 2514 et
653 2489 686 2514 ab
702 2487 862 2514 eilundendo
875 2486 975 2513 Catho~

188 2524 301 2550 licorum
319 2524 448 2557 sanguine
462 2528 613 2557 temperare
630 2527 764 2554 poterant.

224 2558 280 2592 (44)
309 2558 367 2585 Τὸν
378 2559 512 2593 γέροντα.
532 2558 611 2585 Putat
630 2558 702 2584 Elias
717 2558 786 2584 hunc
806 2563 898 2593 senem
911 2563 972 2583 esse

188 2592 334 2620 Eusebium
352 2591 581 2624 saniosateusem,
612 2593 656 2627 qui
672 2594 704 2619 ab
719 2593 819 2618 Ariana
845 2591 969 2622 muliere.

187 2629 275 2662 tegula
293 2629 319 2655 in
343 2628 401 2662 ejus
418 2635 499 2662 caput
521 2636 537 2655 e
567 2633 638 2655 tecto
659 2627 792 2661 conjecta,
814 2627 971 2653 interiectus

187 2668 240 2689 est.
258 2663 282 2690 Is
297 2663 414 2691 moriens
435 2663 610 2697 jurejurando
633 2663 734 2690 amicos
761 2662 917 2691 obstrinxit,
942 2665 971 2687 ut

188 2697 328 2733 feminam,
342 2707 402 2733 qua:
418 2704 521 2725 tantum
543 2697 646 2725 facinus
662 2701 842 2731 perpetrarat,
859 2703 873 2721 a
890 2703 969 2733 pinna

189 2731 431 2761 liberarenthide
446 2733 525 2765 huius
539 2733 671 2760 orationis
689 2732 831 2761 monitum.
848 2739 875 2757 n.
888 2731 916 2756 2.

225 2766 281 2802 (45)
316 2767 542 2802 Ἐζητησὰμεθα.
581 2769 637 2796 Duo
668 2767 764 2802 Regg.,
797 2765 968 2802 ὲξῃτησάμε-

188 2799 261 2837 θαζγι
272 2799 492 2837 ἐιρορὸείίἰιηὺε.
510 2812 519 2828 ι

222 2836 279 2872 (16)
299 2835 413 2866 Λεὼ-όν·
435 2838 481 2865 καὶ
496 2840 520 2865 εἰ
534 2838 600 2873 μέν,
611 2843 664 2866 etc.
683 2837 727 2866 Sic
745 2837 836 2872 plures
851 2835 966 2865 codd.ln

1065 2310 1120 2344 (47)
1132 2309 1305 2344 Δυστυχῶν.
1318 2307 1428 2344 Comm.
1447 2307 1578 2344 δυστυχῶ.

1063 2340 1261 2384 (48)]ούτωῖιλ.
1279 2343 1324 2370 Sic
1343 2345 1394 2371 duo
1419 2343 1513 2378 licgg.,
1526 2340 1572 2370 Or.
1586 2341 1612 2375 1,
1629 2340 1695 2374 Jes.,
1713 2345 1766 2368 etc.
1784 2340 1812 2368 ln

1064 2401 1070 2406 .
1077 2400 1083 2409 .
1098 2388 1200 2406 τουτον.

1027 2381 1286 2450 ωᾷξῖἶῖἔὲϊίίζοιτό
1299 2422 1354 2446 τις.
1370 2413 1414 2440 Sic
1428 2413 1495 2447 Reg.
1520 2412 1576 2444 bm.
1590 2416 1618 2438 et
1635 2410 1718 2438 Coisl.
1738 2411 1765 2437 1.
1783 2411 1811 2438 in

1027 2449 1081 2480 edQ.
1100 2449 1206 2481 κακιζοι
1222 2457 1274 2480 τις,

1064 2485 1120 2519 (50)
1142 2480 1202 2510 Ὅτι
1222 2483 1370 2519 timo/ﬁrm.
1382 2482 1429 2519 Or.
1451 2482 1530 2519 1,ξξτι
1545 2480 1582 2516 μὴ
1601 2480 1741 2516 ἀμφίϐιος.

1062 2517 1117 2554 (51)
1142 2518 1271 2546 ’1ππικά.
1285 2518 1331 2544 Or.
1352 2518 1377 2550 1,
1394 2517 1514 2554 inmutat.

1062 2521 1102 2554 (5i
1142 2519 1271 2546 ‘Irmzzd.
1285 2519 1331 2544 Or.
1352 2519 1377 2550 1,
1394 2519 1514 2543 ἱππικαί.

1060 2519 1117 2590 (52)
1140 2554 1344 2590 ’ΥςγεοχθόνιοςΣ
1365 2557 1416 2590 etc.
1437 2562 1446 2577 ι
1462 2551 1602 2590 Loquitur,
1615 2549 1810 2590 inquitElias,

1024 2585 1069 2630 de:
1085 2585 1181 2630 drivia,
1214 2585 1299 2630 quem
1323 2588 1421 2630 Valens
1453 2594 1501 2630 per
1527 2586 1638 2630 aedilicia
1663 2585 1811 2630 cylilndrica

1025 2625 1139 2652 mirabili
1166 2620 1246 2651 modo
1264 2623 1290 2650 in
1323 2623 1417 2649 urbem
1452 2620 1617 2653 introduxit;
1643 2620 1689 2655 qui
1715 2620 1811 2647 ﬂuvius

1025 2658 1286 2692 Constantinopolim
1307 2658 1422 2685 mediam
1438 2656 1628 2690 intersecabat,
1644 2660 1671 2683 et
1685 2655 1807 2682 canalem

1024 2699 1109 2721 totum
1125 2693 1253 2728 replebat.
1268 2702 1285 2728 κη

1236 2720 1245 2730 ε

1057 2729 1115 2769 (55)
1127 2723 1251 2761 Σὲὐλοξ,
1266 2727 1329 2769 Haec
1341 2731 1382 2767 est
1393 2726 1527 2769 cnim-ina,
1537 2725 1563 2752 in
1579 2733 1629 2769 qua
1638 2723 1808 2769 Constanti’pi

1021 2758 1111 2798 Magni
1126 2768 1214 2790 statua
1229 2758 1365 2798 equestris
1391 2762 1520 2798 collocata
1546 2758 1623 2798 erat;
1649 2767 1728 2793 quam
1742 2758 1808 2787 ἀνθ-

1021 2795 1107 2834 ήλιόν,
1126 2798 1152 2827 id
1168 2803 1221 2832 est,
1237 2795 1312 2826 «ἐοιί
1326 2797 1487 2832 oppositam,
1511 2805 1520 2822 ι
1539 2795 1681 2831 appellant.
