2029 3127
255 134 308 162 29⁵1

877 134 905 162 S.
925 133 1092 163 GBEGORII
1112 133 1286 163 TiiEOLOGi

1836 137 1889 166 228

255 191 392 228 prophetae
403 199 500 219 munus
517 191 566 227 ipsi
581 192 756 220 commissum
774 196 802 219 et
815 192 967 227 delegatum
984 193 1043 220 est?

1098 193 1279 229 παρέδραμον,
1304 192 1334 223 ὃς
1359 193 1406 219 καὶ
1429 191 1522 225 δοῦλος
1543 193 1663 227 ἐγένετο,
1685 194 1732 220 καὶ
1752 194 1890 230 σιτοόὀτης

255 238 397 272 Quomodo
410 237 558 272 Ioseph-un
575 239 705 273 praeterii.
719 239 765 273 qui
784 242 810 265 et
827 246 922 266 servus
940 238 990 266 fuit
1009 239 1043 272 “,

254 290 282 311 et
296 284 422 311 frumenti
440 283 467 310 in
485 283 603 319 Egyplo
620 284 782 312 distributor
800 285 833 316 ’⁸,
849 289 877 311 et
890 284 1045 312 innumera—

254 331 347 358 bilium
368 330 474 357 illarum
492 331 641 364 Copiarum,
672 339 733 365 qua;
761 331 879 358 Abrahae
906 331 1046 364 promissa:

255 376 373 409 fuerant,
392 376 487 410 paler?
508 375 567 402 lani
583 377 731 409 Abraham,
750 381 778 403 ut
793 377 895 412 majora
910 377 1045 412 colligam,

256 429 288 449 an
307 430 360 450 non
379 423 537 457 peregrinus
562 423 604 449 "?
623 422 730 458 Moyses
744 428 845 455 autem,
870 431 958 450 nonne
973 425 1047 459 prius

255 469 395 504 expositus
413 469 446 500 “.
461 469 558 496 deinde
577 469 716 504 legislator
731 470 766 502 ’⁷,
783 475 865 504 atque
879 477 985 503 eorum,
1001 471 1045 505 qui

256 515 289 541 ad
306 515 464 549 promissam
481 519 580 542 terram
601 515 810 547 contendebant,
840 517 998 551 imperator.
1013 517 1046 544 de

256 568 310 595 quo
325 565 363 588 tot
379 566 488 595 tamque
504 561 662 588 admiranda
680 562 879 596 praedicantur?
901 562 1046 590 Enimvero

258 613 302 632 tne
316 613 423 640 quoque
446 605 518 636 Elia,
540 606 584 640 qui
605 606 682 640 igneo
702 614 783 633 curru
811 606 939 641 abreptus
954 613 996 634 est
1011 608 1044 640 ’⁸,

256 651 396 678 Carmelus
415 651 522 678 fallebat
540 661 545 678 :
562 656 589 678 et
610 651 697 679 Elisaai
725 652 823 680 melote
844 653 877 685 ",
905 661 964 687 qua:
988 654 1047 687 plus

256 697 354 724 virium
370 698 473 730 habuit,
491 705 571 732 quam
588 698 631 724 lila
646 698 744 729 serica,
770 703 797 726 et
814 706 909 726 aurum
928 700 1047 726 vestibus

257 751 305 778 per
314 744 366 770 vim
381 748 514 770 assutnm.
531 743 601 776 Quin
617 744 682 770 mihi
698 751 806 778 quoque
820 744 955 772 desertum
971 745 1045 778 illud,

257 791 284 816 in
301 797 355 824 quo
371 789 506 822 Joannes,
531 790 573 816 vir
597 790 667 816 inter
690 795 768 818 natos
791 791 935 818 mulierum
962 793 1048 818 maxi-

257 843 317 862 mus
329 836 363 868 ³⁵,
379 843 440 862 cum
469 836 528 862 cibo
544 836 600 868 illo,
621 841 648 863 et
667 841 751 869 veste,
777 841 804 863 et
826 845 895 864 zona
921 837 1046 873 degebat,

258 882 440 915 itnposturatn
464 881 591 909 faciebat.
618 882 674 910 Nec
699 890 762 910 Vero
789 883 900 910 ulterius
923 884 1047 919 progredi

259 928 399 958 dubitabo,
414 927 497 954 Deunt
515 929 674 956 rusticitatis
697 936 763 956 mete
780 934 924 964 patronum
941 934 1048 958 nactus.

258 973 324 1000 Cum
352 973 486 1000 Bethleem
521 974 685 1006 collocahor,
707 981 768 1002 cum
793 975 905 1009 przesepi
932 975 1047 1010 vilipen-

260 1020 319 1051 dar,
347 1024 456 1053 propter
478 1020 560 1054 quod,
589 1027 649 1047 cum
682 1020 766 1047 Deum
793 1025 961 1052 contemnas,
985 1021 1049 1055 quid

259 1065 367 1097 iniruin,
390 1065 412 1092 si
434 1065 468 1093 ob
483 1067 604 1093 eamdem
627 1075 736 1094 causam
763 1074 915 1102 praeconem
941 1074 1050 1102 quoque

258 1111 412 1144 despicias?
434 1111 584 1139 Producain
607 1113 687 1139 etiam
705 1113 751 1140 tibi
768 1113 928 1146 piscatores,
941 1118 966 1139 et
983 1120 1048 1146 pau-

259 1162 355 1188 peres.
371 1155 470 1190 quibus
491 1155 665 1191 Evangelium
689 1156 877 1188 annuntiatur,
900 1164 932 1183 ac
957 1157 1047 1184 multis
1071 1164 1074 1167 λ

260 1201 389 1228 divitibus
404 1202 539 1236 pra-latos.
563 1202 742 1236 Nunquamne
763 1202 797 1229 de
813 1202 969 1229 civitatibus
991 1203 1048 1237 glo-

261 1249 326 1275 riari
343 1249 469 1276 desines?
485 1248 663 1283 Nunquamne
673 1249 720 1275 tibi
737 1248 927 1282 despicabilem
943 1253 970 1276 et
984 1248 1049 1274 infa-

261 1300 331 1320 mem
361 1293 532 1320 soiitudinctu
564 1294 731 1321 venerationi
757 1293 889 1320 habebis?
924 1292 1046 1320 Nondum

261 1340 324 1366 dico
337 1348 432 1367 aurum
453 1341 479 1366 in
494 1341 584 1367 arenis
598 1340 684 1372 nasci,
706 1345 733 1367 et
752 1339 901 1374 pellucidus
917 1339 1020 1372 l:ipi.les
1033 1347 1047 1364 a

1097 238 1249 272 Αἰγύπτου,
1279 239 1327 265 καὶ
1355 239 1446 274 πατὴρ
1475 238 1580 266 πολλῶν
1611 239 1758 274 μυριάδων,
1791 240 1818 266 αἳ
1850 240 1891 276 τῷ

1103 285 1228 320 ’Λΰραὰμ
1251 284 1479 320 προηγγέλθησαν
1494 284 1564 320 (80);
1584 284 1710 321 Ἀϐραὰμ
1733 285 1773 317 δὲ,
1794 286 1827 312 ἶν’
1851 287 1890 312 εῖ-

1097 339 1140 356 πω
1159 330 1190 356 τὸ
1217 329 1319 365 μεῖζον,
1346 330 1376 356 οὑ
1403 330 1591 366 μετανάστης;
1624 331 1743 366 Μωῡσῆς
1767 331 1806 362 δὲ,
1839 332 1891 358 οὐκ

1097 374 1206 406 ἔκθετος
1232 375 1373 410 πρότερον,
1403 373 1462 402 εἶτα
1487 375 1645 411 νομοθέτης,
1666 376 1714 402 καὶ
1736 377 1889 412 στρατηγὸς

1096 421 1150 448 τῶν
1167 421 1234 457 πρὸς
1254 421 1302 456 τὴν
1319 421 1371 456 γῆν
1393 421 1442 456 τῆς
1460 421 1624 456 ἐπαγγελὶας
1647 422 1842 457 ἐπειγομένων,
1857 420 1888 449 οὗ

1097 467 1132 494 τὰ
1143 467 1249 502 μεγάλα
1261 468 1307 494 καὶ
1321 467 1464 503 Θαυμαστὰ
1478 467 1558 502 διηγὴ
1564 475 1650 503 ματα,
1669 468 1776 495 ’Ππάτα
1792 478 1826 504 με
1841 469 1890 496 καὶ

1097 514 1110 539 ὁ
1127 513 1274 549 Κάρμηλος
1296 513 1398 545 Ἠλίου,
1421 514 1451 541 τὸ
1468 513 1515 540 τοῦ
1531 514 1616 550 πυρὸς
1632 514 1708 549 ἅρμα
1727 515 1886 550 δεξάμενος·
1907 549 1909 553 _

1098 561 1145 587 καὶ
1171 561 1187 596 ἡ
1217 560 1328 596 μηλωτὴ
1358 560 1522 593 Ἐλισσαίου,
1540 561 1624 588 πλείω
1643 561 1798 597 δυνηθεῖσα,
1819 562 1835 598 ἢ
1854 562 1888 589 τὰ

1099 606 1190 641 σηρῶν
1214 608 1332 642 νήματα,
1358 607 1404 633 καὶ
1425 607 1439 632 ὁ
1457 606 1578 642 βιασθεὶς
1594 609 1636 639 εἰς
1651 607 1751 644 ἐσθῆτα
1777 609 1887 644 χρυσός,
1904 621 1906 623 ί
1923 640 1925 642 _

1105 652 1210 679 Ἥπατα
1230 661 1263 688 με
1281 653 1328 679 καὶ
1349 654 1365 688 ἡ
1380 653 1481 689 ἕρημος
1501 654 1637 686 Ἰωάννου,
1658 655 1703 681 τὸν
1720 655 1850 690 μέγιστον
1861 650 1904 682 ἐν’

1098 700 1236 734 γεννητοῖς
1259 699 1395 733 γυναικῶν
1410 699 1518 734 ἔχουσα,
1541 701 1610 734 μετὰ
1624 700 1675 735 τῆς
1697 702 1801 737 τροφῆς
1819 702 1890 729 ὲκεί-

1098 753 1157 780 νης,
1171 745 1217 771 καὶ
1239 745 1288 780 τῆς
1308 744 1406 781 ζώνης,
1422 746 1468 772 καὶ
1489 746 1536 772 τοῦ
1551 746 1716 782 ἐσθήματος.
1736 747 1890 783 Ἑτόλμησά

1098 799 1124 817 τι
1150 791 1197 817 καὶ
1213 791 1282 826 ὑπὲρ
1299 791 1397 822 ταῦτα,
1415 791 1482 818 Θεὸν
1500 789 1578 827 εὗρον
1596 793 1644 828 τῆς
1658 793 1728 829 ἐμῆς
1747 793 1888 829 ἀγροικίας

1102 837 1259 872 συνήγορον.
1287 836 1362 863 Μετὰ
1390 837 1514 873 Βηθλεὲμ
1540 838 1723 874 ταχθήσομαι,
1743 840 1812 874 μετᾶ
1840 840 1888 875 τῆς

1101 883 1205 918 φάτνης
1219 883 1450 920 ἀτιμασθήσομαι,
1469 883 1502 910 δι’
1518 884 1551 919 ἥν
1568 885 1600 910 σὺ
1613 884 1679 910 Θεὸν
1699 885 1849 921 ἀτιμάζων,
1862 886 1887 912 τί

1099 929 1263 965 θαυμαστὸν,
1294 931 1318 956 εί
1344 931 1376 956 ἐκ
1404 929 1454 965 τῆς
1481 930 1565 965 αὐτῆς
1595 930 1684 962 αίτίας
1715 932 1887 966 περιφρονεῖς

1099 977 1145 1002 καὶ
1163 976 1208 1002 τὸν
1229 977 1335 1012 κήρυκα
1348 985 1355 1009 ;
1373 976 1514 1012 Προσοίσω
1530 984 1570 1002 σοι
1586 976 1641 1011 (81)
1655 977 1700 1003 καὶ
1714 977 1776 1008 τοὺς
1791 977 1885 1009 ἁλιεῖς,

1098 1022 1144 1048 καὶ
1171 1023 1234 1053 τοῦς
1258 1021 1516 1057 εὐαγγελιζομένους
1538 1024 1662 1058 πτωχοὺς
1687 1023 1754 1058 (8'2),
1778 1023 1884 1050 πολλῶν

1098 1067 1234 1094 πλουσίων
1248 1067 1476 1103 προτιμηθέντας.
1496 1068 1591 1104 Παύσῃ
1610 1068 1665 1103 (85)
1679 1069 1744 1095 ποτὲ
1761 1070 1820 1100 ταῖς
1839 1069 1887 1095 7:6-

1097 1112 1171 1139 λεσιν
1190 1114 1387 1149 ὲπαιρόμενος;
1411 1113 1555 1149 αἱδεσθήσῃ
1571 1114 1636 1140 ποτὲ
1654 1115 1704 1149 τὴν
1718 1114 1887 1141 ἁπόπτυστόν

1098 1166 1138 1184 σοι
1155 1159 1202 1185 καὶ
1217 1159 1312 1192 ἄτιμον
1328 1158 1461 1194 ὲρημίαν;
1482 1158 1564 1185 Οὔπω
1583 1159 1639 1194 (81)
1655 1159 1726 1194 λέγω
1743 1160 1842 1195 χρυσὸν
1860 1160 1887 1186 ὲν

1096 1203 1219 1238 ψάμμοις
1239 1203 1408 1238 τικτόμενον,
1432 1203 1478 1229 καὶ
1500 1202 1591 1235 λίθους
1607 1203 1756 1237 διαφανεῖς,
1782 1203 1888 1239 πετρῶν

1097 1249 1278 1284 προϐλήματα
1290 1250 1336 1276 καὶ
1348 1249 1511 1285 δωρήματα·
1527 1247 1567 1281 οἷς
1578 1251 1602 1276 εἰ
1617 1251 1754 1286 ἁντιθείην
1773 1251 1827 1284 (85)
1843 1251 1888 1278 καὶ

1097 1295 1146 1321 ὅσα
1167 1295 1196 1321 ὲν
1219 1295 1327 1321 πόλεσιν
1349 1294 1445 1330 ἄτιμα,
1469 1295 1539 1330 τάχα
1557 1295 1590 1322 ἂν
1610 1297 1660 1323 οὐκ
1679 1297 1718 1328 εἰς
1741 1297 1822 1324 καλὸν
1839 1298 1887 1332 τῆς

1099 1340 1255 1376 παρῤησίας
1270 1340 1456 1376 ἀπολαύσαιμι

260 1388 344 1422 petris
367 1387 479 1422 produci
501 1395 533 1414 ac
559 1387 670 1419 donari;
698 1387 795 1421 quibus
818 1385 841 1413 si
866 1385 995 1420 quidquid
1015 1385 1042 1412 in
1063 1387 1175 1414 urbibus
1191 1387 1244 1414 vile
1258 1393 1309 1419 Cal,
1343 1394 1480 1422 opponere
1513 1388 1603 1421 velim,
1620 1396 1717 1416 vereor
1732 1398 1765 1416 ne
1781 1390 1886 1417 dicenii

264 1434 389 1461 libertate
410 1433 478 1460 haud
493 1432 560 1460 satis
573 1433 714 1459 commode
727 1436 798 1459 utar.

297 1479 343 1506 XI.
369 1480 404 1506 At
419 1479 500 1506 etiam
521 1478 692 1514 peregrinum
708 1483 736 1505 et
748 1483 871 1504 extorum
896 1484 1047 1512 prmconem

1136 1478 1186 1505 lA'.
1206 1476 1285 1503 Ἀλλὰ
1305 1477 1352 1503 καὶ
1370 1476 1444 1509 ξένος
1456 1479 1521 1513 ἡμῖν
1539 1477 1594 1514 (86)
1612 1479 1626 1504 ὸ
1639 1477 1726 1513 κῆρυξ
1746 1477 1791 1504 καὶ
1804 1478 1887 1513 ὑπερ-

262 1526 402 1557 habenius,
421 1525 494 1552 dicet
508 1524 625 1552 fortasse
637 1524 773 1558 quispiam
789 1531 822 1550 ex
837 1523 887 1555 his,
906 1523 951 1557 qui
967 1523 1047 1550 nimis

260 1571 471 1604 circumscripti,
497 1575 523 1598 et
543 1570 617 1597 carni
639 1570 723 1597 dediti
742 1574 814 1597 sunt.
840 1569 926 1602 Quid?
954 1568 1048 1596 Nonne

261 1616 379 1652 apostoli
395 1617 530 1651 peregrini
548 1615 658 1642 luerunt,
670 1615 740 1650 apud
759 1615 882 1641 nationes
907 1614 1005 1641 multas
1021 1618 1048 1641 et

261 1664 342 1691 urbes
358 1663 384 1690 in
398 1669 466 1697 quas
482 1662 560 1689 divisi
582 1666 656 1693 sunt,
681 1666 710 1688 nt
735 1661 909 1696 Evangelium
926 1668 1049 1695 quaqua-

261 1717 368 1738 versum
381 1713 514 1738 curreret.
531 1716 580 1735 nec
592 1709 739 1742 quidquam
753 1708 816 1734 irini
830 1707 939 1734 luminis
953 1714 1049 1740 expers

260 1761 344 1786 esset.
369 1763 402 1783 ae
426 1755 548 1782 veritatis
565 1755 624 1781 luce
640 1754 750 1781 ntinime
763 1753 913 1788 perfusum,
933 1754 1001 1780 adeo
1021 1758 1050 1780 ut

262 1803 296 1830 iis
311 1803 405 1834 etiam,
433 1802 479 1836 qui
498 1802 657 1828 intenebris
682 1808 713 1827 ac
737 1800 831 1827 mortis
852 1799 947 1826 umbra
969 1799 1048 1826 sede-

262 1849 338 1880 bant,
354 1848 433 1883 611
452 1847 612 1882 ignorantia:
623 1847 710 1880 caligo
726 1844 924 1872 discuteretur?
943 1844 1047 1871 Audisti

260 1896 326 1931 quid
340 1895 437 1922 Paulus
451 1895 522 1921 dicat
540 1903 546 1921 :
565 1893 598 1920 Ut
621 1901 667 1919 nos
679 1892 792 1926 quidem,
811 1891 913 1925 inquit,
930 1891 964 1917 ad
985 1898 1046 1925 gen-

261 1947 311 1975 tes,
325 1942 364 1968 illi
375 1947 461 1968 autent
477 1941 511 1967 ad
526 1940 748 1967 circumcisionem
770 1938 804 1965 ".
828 1938 869 1964 Sit
888 1944 952 1964 sane
977 1936 1048 1963 Petri

261 1989 362 2016 Judiea.
387 1987 455 2020 Quid
472 1987 554 2014 Paulo
574 1993 634 2013 cuin
657 1985 782 2020 gentibus
796 1991 949 2014 emntnune,
968 1982 1049 2009 Luca:

261 2042 322 2061 cum
344 2033 463 2066 Achaia,
493 2033 607 2059 Andreae
635 2038 696 2058 cum
725 2030 828 2065 Epiro,
863 2029 961 2056 Joanni
986 2036 1047 2056 cum

262 2079 380 2115 Epheso,
392 2078 501 2105 Thome
516 2086 577 2105 cuni
593 2077 678 2109 india,
691 2076 781 2103 Marco
794 2083 854 2103 cum
871 2075 967 2102 Italia?
979 2073 1048 2108 Quid

263 2124 368 2151 caeteris
385 2125 520 2155 omnibus,
537 2130 570 2150 ne
584 2122 721 2157 sigillatiin
739 2122 844 2156 loquar,
864 2128 924 2147 cum
948 2120 992 2152 iis,
1015 2119 1048 2146 ad

1098 1524 1180 1560 ὁριος,
1194 1523 1264 1558 τάχα.
1281 1522 1312 1549 ἂν
1328 1524 1398 1549 εἴποι
1412 1532 1454 1555 τις
1467 1523 1521 1550 τῶν
1535 1523 1635 1559 σφόδρα
1653 1523 1847 1560 περιγραπτῶν
1858 1532 1887 1550 τε

1099 1570 1145 1596 καὶ
1156 1569 1335 1605 φιλοσάρκων.
1343 1569 1376 1595 0i
1387 1569 1530 1596 ἀπόστολοι
1540 1570 1578 1601 δὲ,
1587 1570 1617 1596 οὐ
1637 1569 1705 1602 ξένοι
1718 1571 1771 1597 τῶν
1784 1571 1888 1597 πολλῶν

1098 1614 1183 1641 ἐθνῶν
1207 1622 1236 1640 τε
1261 1614 1309 1640 καὶ
1331 1614 1446 1646 πόλεων,
1463 1615 1502 1646 είς
1523 1614 1554 1645 ἃς
1566 1614 1621 1650 (87)
1638 1615 1832 1651 ἐμερίσθησαν,
1847 1617 1889 1643 ἵνα

1099 1659 1235 1695 πανταχοῦ
1254 1660 1345 1696 δράμῃ
1363 1661 1394 1687 τὸ
1408 1660 1583 1695 Εὐαγγὲλιον,
1602 1661 1646 1687 ἵνα
1661 1661 1744 1696 μηδὲν
1763 1662 1888 1697 ἀλαμπὲς

1098 1705 1115 1744 ᾖ
1135 1706 1179 1733 τοῦ
1199 1707 1309 1742 τρισσοῦ
1334 1706 1431 1741 φωτὸς,
1451 1707 1498 1734 καὶ
1515 1707 1564 1742 τῆς
1579 1707 1708 1742 ἀληθείας
1725 1708 1887 1742 ἀφώτιστον,

1099 1751 1169 1777 ὥστε
1186 1751 1234 1778 καὶ
1252 1752 1306 1782 τοῖς
1320 1751 1349 1776 ὲν
1365 1750 1454 1786 σκότῳ
1468 1750 1523 1786 (88)
1539 1751 1586 1777 καὶ
1601 1753 1666 1787 σκιᾷ
1686 1751 1800 1779 Θανάτου
1821 1752 1889 1779 καθ-

1098 1797 1210 1832 ημένοις
1224 1796 1337 1831 λυθῆναι
1349 1796 1397 1831 τὴν
1409 1796 1494 1823 νύκτα
1507 1797 1556 1831 τῆς
1569 1797 1721 1831 ἁγνωσίας;
1739 1799 1789 1825 'lr'
1805 1798 1889 1833 ἡμεῖς

1098 1843 1165 1878 μὲν,
1178 1843 1269 1878 φησὶν,
1288 1844 1330 1875 εις
1346 1843 1382 1869 τὰ
1394 1843 1478 1877 ἔθνη,
1496 1843 1580 1870 αὐτοὶ
1596 1842 1631 1869 δὲ
1644 1844 1688 1876 εἰς
1705 1843 1762 1878 τὴν
1775 1853 1889 1878 περιτο-

1096 1889 1171 1923 μὴν,
1197 1889 1316 1925 ἤκουσας
1341 1888 1446 1915 Παύλου
1471 1888 1606 1923 λέγοντος.
1624 1890 1714 1916 Ἔστω
1744 1890 1847 1926 Πέτρου
1871 1891 1888 1925 ή

1106 1935 1235 1962 Ἰουδαία³
1253 1936 1279 1962 τί
1306 1935 1404 1970 Παύλῳ
1435 1935 1521 1963 κοινὸν
1547 1936 1616 1971 πρὸς
1641 1936 1676 1962 τὰ
1701 1936 1777 1972 ἔθνη,
1799 1937 1888 1972 Λουκᾷ

1100 1982 1169 2017 πρὸς
1189 1981 1311 2016 Ἀχαίαν,
1332 1981 1444 2017 Ἀνδρέᾳ
1465 1981 1532 2016 πρὸς
1548 1981 1597 2016 τὴν
1614 1982 1756 2017 Ἤπειρον,
1780 1982 1890 2018 Ἰωάννῃ

1101 2028 1169 2062 πρὸς
1179 2027 1304 2060 Ἔφεσον,
1314 2027 1399 2061 Θωμᾷ
1413 2026 1480 2062 πρὸς
1497 2026 1621 2061 Ἰνδικὴν,
1629 2027 1734 2062 Μάρκῳ
1745 2027 1813 2063 πρὸς
1822 2028 1888 2054 Ἰτα-

1100 2073 1159 2099 λίαν
1169 2082 1175 2105 ;
1187 2073 1214 2100 τί
1224 2072 1268 2099 δαὶ
1277 2072 1330 2107 (89)
1342 2072 1397 2103 τοῖς
1407 2071 1497 2104 ἄλλοις
1509 2072 1601 2104 πᾶσιν,
1616 2073 1658 2098 ἵνα
1673 2072 1709 2108 μὴ
1716 2072 1750 2099 τὰ
1761 2074 1820 2100 καθ’
1833 2074 1887 2106 εθθ)

1099 2118 1213 2146 ἕκαστον
1228 2120 1309 2153 λέγω,
1325 2121 1392 2156 πρὸς
1417 2121 1479 2152 τοὺς
1498 2119 1538 2152 οἷς
1554 2121 1729 2157 ἐπεδήμησαν
1742 2131 1749 2154 ;
1767 2122 1858 2154 Ὥστε,
1870 2123 1887 2157 ἢ

263 2177 332 2204 quos
350 2169 462 2204 profecti
478 2169 561 2196 sunt?
577 2168 677 2202 Quare,
693 2173 739 2195 aut
754 2168 812 2194 illos
825 2167 908 2194 etiam
921 2165 1044 2200 obiurga,

1098 2165 1233 2197 κάκείνοις
1245 2166 1417 2202 ἐπιτίμησον,
1430 2167 1446 2202 ἦ
1459 2167 1544 2202 κάμοὶ
1558 2167 1746 2203 συγχώρησον.
1761 2168 1777 2204 ἢ
1791 2168 1887 2200 δεῖξον,

264 2221 310 2242 aut
324 2215 388 2242 mihi
404 2223 509 2249 quoque
525 2215 644 2250 ignosce,
660 2219 706 2241 aut
726 2213 853 2243 ostende.
873 2220 934 2240 cuin
955 2219 1045 2239 veram

264 2263 414 2289 doctrinam
435 2261 603 2296 potissinutm
627 2265 755 2292 astruas,
777 2267 810 2287 ex
836 2259 945 2287 insulsis
969 2258 1048 2292 nugis

265 2309 310 2335 tibi
331 2308 493 2336 calumniam
510 2307 588 2335 strui.
603 2306 736 2340 Quoniam
753 2311 843 2333 autem
858 2305 891 2333 de
909 2305 951 2332 his
968 2304 1047 2331 rebus

1100 2210 1140 2236 ὅτι
1157 2210 1200 2236 τὸν
1213 2210 1299 2245 ἁληόῆ
1318 2211 1372 2245 (91)
1391 2211 1468 2246 λόγον
1491 2212 1658 2248 πρεσϐεύων,
1676 2213 1815 2249 ἐπηρεαζῃ
1841 2213 1888 2249 τὴν

1101 2257 1244 2292 φλυαρίαν.
1266 2258 1342 2283 Ἐπεὶ
1358 2258 1385 2284 δὲ
1406 2258 1600 2293 μικροπρεπῶς
1618 2259 1756 2294 διελέχθην
1770 2268 1811 2286 σοι
1826 2259 1888 2294 περὶ

1100 2302 1211 2333 τούτων,
1237 2303 1312 2338 φέρε,
1333 2303 1507 2339 φιλοσοφήσω
1528 2304 1574 2331 καὶ
1589 2305 1886 2341 μεγαλοπρεπέστερον.

266 2356 404 2383 hutuiliter
417 2360 505 2384 tecum
522 2356 652 2383 hactenus
672 2359 699 2381 et
716 2353 820 2388 abiecte
843 2352 969 2385 disserui,
988 2358 1051 2386 age,
1077 2350 1221 2378 sublimius
1236 2350 1293 2384 jam
1310 2359 1341 2378 ac
1358 2352 1573 2386 magniﬁcentius
1590 2352 1744 2386 disputabo.

302 2425 324 2440 ’³
339 2424 407 2452 Gen.
423 2431 526 2455 xxxvii,
539 2423 584 2450 36.
635 2422 659 2438 “
671 2422 737 2449 Gen.
753 2430 808 2449 xm.

921 2421 943 2437 "
957 2420 1024 2447 Gen.
1044 2427 1092 2450 xu,
1115 2419 1126 2445 1
1149 2425 1226 2451 seqq.

1277 2417 1300 2432 "
1314 2417 1397 2445 Exod.
1413 2425 1442 2450 n,
1457 2418 1483 2445 '5.
1538 2419 1559 2434 "
1580 2419 1663 2447 Exod.
1691 2427 1729 2451 In.
1759 2420 1794 2447 10
1810 2427 1885 2455 seqq.

264 2460 286 2476 ³⁸
302 2459 333 2486 ιν
351 2460 417 2493 Reg.
433 2467 461 2491 ιι,
477 2460 521 2486 11.
558 2460 580 2474 ’³
595 2458 660 2485 ibid.
678 2459 719 2484 14.
758 2456 779 2472 ³⁸
794 2456 888 2483 Matth.
907 2464 945 2488 xi,
959 2456 1001 2482 11.
1040 2456 1047 2470 ³

1098 2456 1159 2481 alat.
1173 2454 1231 2486 n,9.

299 2530 356 2564 (80)
368 2529 630 2564 Προηγτέλθησαν.
649 2527 697 2564 Sic
720 2532 775 2555 tres
795 2527 890 2563 Regg..
905 2527 958 2555 duo
970 2526 1045 2554 Colb.

263 2570 292 2592 et
307 2565 353 2592 0r.
367 2566 392 2590 l.
408 2565 436 2591 In
455 2565 510 2595 ed.,
528 2563 768 2599 παρηγγέλθησαν.

298 2600 355 2634 (81)
375 2599 530 2633 Προσοίσω
541 2596 603 2626 om;
615 2599 660 2626 Sic
676 2596 728 2626 duo
741 2598 836 2632 livgg.,
846 2601 961 2632 quatuor
970 2596 1045 2624 Colb.

264 2639 291 2662 et
305 2635 351 2661 0r.
364 2635 388 2660 1.
407 2636 484 2661 Deest
498 2642 538 2660 σοι
555 2634 581 2660 in
598 2634 640 2660 ed.

299 2669 355 2704 (82)
370 2668 662 2704 Εὐαγγελιζομένους,
676 2667 821 2702 πτωχούς.
852 2666 911 2694 Bili.
931 2676 937 2693 ς
967 2675 1048 2701 ipan-

265 2702 343 2739 pert-5
363 2702 592 2737 EvaiigeliZantes.
606 2713 615 2729 ι
642 2702 699 2730 Νοιι
717 2708 807 2739 recte;
836 2704 942 2739 passiva
960 2704 1041 2739 Aenitn

265 2737 470 2774 Signiﬁcatione,
485 2746 536 2765 non
552 2739 648 2771 activa,
667 2745 717 2764 vox
731 2738 774 2764 illa
792 2738 818 2764 in
834 2737 981 2771 Scripturis
997 2746 1044 2763 ac—

266 2776 373 2801 eluitur.

293 2783 373 2808 pitur.

300 2809 355 2842 (85)
369 2809 485 2842 Παύσῃ.
501 2807 568 2835 Tres
584 2807 666 2842 Regg.
685 2812 712 2833 et
728 2806 783 2834 Jes.
804 2806 915 2842 addunt.
926 2815 992 2842 7pm.

299 2843 354 2877 (si)
370 2843 466 2870 Οὔπω.
497 2843 540 2870 Sic
558 2848 612 2870 tres
627 2841 727 2877 iiii-33.,
744 2842 796 2869 duo
807 2841 900 2874 CoisL,
919 2841 965 2870 0r.
990 2841 1002 2868 1
1022 2845 1048 2870 et

1101 2525 1157 2554 Jes.
1170 2526 1198 2553 in
1215 2525 1260 2553 ed.
1273 2525 1353 2553 οὕτω.

1136 2561 1193 2597 (85)
1214 2562 1382 2597 Ἀντιθείην.
1393 2561 1460 2597 Reg.
1473 2561 1528 2594 bm,
1543 2561 1714 2597 ἁντιτιθείην.

1137 2596 1193 2632 (86)
1212 2596 1302 2631 Ἡμῖν.
1316 2597 1343 2624 In
1362 2596 1531 2632 quibusdam.
1550 2597 1625 2632 ὑμῖν.

1136 2631 1192 2666 (87)
1204 2632 1256 2667 Ely
1271 2631 1316 2664 ἅς.
1335 2632 1379 2658 Sic
1398 2631 1488 2665 plures
1512 2631 1597 2667 Regg.
1613 2637 1640 2659 et
1653 2631 1742 2665 Coll»,
1764 2631 1846 2660 Coisi.
1859 2632 1886 2666 2,

1101 2666 1147 2694 0r.
1163 2667 1189 2694 1.
1203 2666 1257 2694 Jes.
1271 2667 1347 2694 Deest
1359 2667 1398 2698 εἰς
1414 2667 1439 2692 in
1457 2667 1498 2693 ed.

1136 2701 1191 2735 (88)
1213 2702 1265 2728 Ἐν
1279 2702 1389 2735 σκότῳ.
1404 2702 1510 2733 Comb.,
1526 2702 1554 2727 ὲν
1574 2702 1676 2729 σκότει.

1099 2771 1126 2798 δέ
1135 2736 1190 2771 (89)
1212 2737 1240 2763 Τί
1254 2736 1314 2764 δαί.
1337 2737 1366 2763 In
1382 2736 1516 2764 nonnullis
1530 2737 1615 2770 deest,
1634 2736 1687 2764 δαί.
1706 2737 1758 2765 Alii
1788 2738 1886 2765 habent

1148 2806 1192 2844 99)
1207 2805 1330 2844 Τὰγκανθξ.
1343 2806 1438 2844 _Dees_t
1454 2807 1488 2833 τά
1504 2807 1528 2844 in
1543 2807 1628 2844 tribus
1650 2807 1731 2844 Regg.
1748 2812 1776 2836 et
1791 2807 1839 2836 0r.
1859 2809 1882 2836 9.

1148 2841 1193 2876 91)
1214 2841 1327 2875 Ἀληθῆ.
1343 2841 1408 2876 Reg.
1428 2842 1482 2877 bm,
1497 2842 1629 2878 ἀληθινόν.
