2029 3127
293 118 346 161 239
893 130 921 158 s.
941 130 1103 157 anacoan
1124 130 1299 158 THEOLOGI
1857 133 1910 160 ero

294 192 398 222 serius
415 190 600 221 attendisset
616 189 663 220 vir
678 189 803 225 doctus,
827 190 852 219 si
870 189 1008 227 singula,
1025 192 1057 219 ut
1074 189 1113 219 ita
1131 190 1245 226 dicam,
1263 190 1484 229 perpentlissct
1504 190 1607 225 verba.
1628 190 1653 220 si
1677 199 1748 229 qum
1771 191 1901 221 demum

293 230 465 268 Gregorius
487 229 628 259 Carmine
654 228 690 259 de
713 229 778 259 vita
804 238 861 269 suo
887 229 1025 269 scripsit,
1055 229 1229 269 studiosius
1253 230 1544 265 animadvertisset,
1575 228 1738 269 nunquam
1759 229 1902 268 profecto

294 271 387 301 talem
405 269 595 299 sententiam
615 268 811 308 protulisset.
836 268 914 304 Qum
928 268 1056 308 quidem
1075 272 1107 308 ut
1125 267 1294 305 refellatur,
1323 270 1399 300 satis
1415 269 1474 299 erit
1490 277 1524 298 ea
1545 267 1661 299 referre
1675 277 1746 308 qum
1764 268 1800 303 in
1825 269 1904 300 hanc

292 318 359 340 rem
387 309 548 339 adnotavit
574 307 779 338 doctissimus
805 309 918 347 Pagius
943 307 1014 343 (Ml.
1045 307 1267 344 «Baronius,»
1295 308 1402 347 inquit
1428 308 1573 338 eruditus
1598 309 1654 338 ille
1683 307 1760 337 artis
1785 308 1904 338 critic-ae

293 348 455 386 magister,
476 348 656 377 «Baronius
671 348 851 377 aitPetrum
868 346 1116 376 Alexandrinum
1134 350 1254 384 septem
1276 346 1442 386 episcopos
1460 347 1599 386 Egypti,
1617 348 1654 377 ad
1673 347 1898 384 perﬁciendam

292 387 423 418 Maximi
440 385 682 421 ordinationem,
702 386 827 416 misisse
844 396 851 416 :
868 386 1005 424 citatque
1024 385 1102 416 hanc
1120 387 1295 416 orationem
1314 385 1456 424 Gregorii
1486 387 1517 416 in
1544 387 1763 424 Egi-ptimum
1782 387 1904 416 adven-

291 430 372 457 tum.
397 427 528 460 Verum,
545 426 597 464 qui
618 427 648 455 in
666 435 701 456 ea
719 426 934 460 nominantur,
952 433 1012 454 nou
1032 424 1173 462 episcopi
1191 430 1292 458 erant.
1307 427 1362 456 sed
1379 430 1493 461 nauta),
1521 434 1576 455 seu
1601 427 1709 463 potius
1742 425 1902 463 guberna-

293 469 376 496 tores
393 465 500 495 classis
513 465 747 498 Alexandrinae.
776 465 829 504 qui
847 464 1042 504 frumentum
1062 473 1099 494 ex
1120 465 1256 504 )Egypto
1278 465 1587 504 Constantinopolim
1605 465 1810 495 advexerant.
1827 465 1900 501 Quo

292 505 430 535 maxime
446 508 632 542 argumento
665 503 866 533 convincitur
884 511 938 533 eos
953 503 1120 543 episcopos
1139 511 1200 533 non
1217 503 1335 540 fuisse;
1365 513 1470 543 neque
1495 504 1579 534 enim
1598 503 1769 543 episcopali
1798 504 1901 542 digni-

293 545 346 573 tati
373 544 520 573 convenit
545 543 694 573 frumenti
727 543 882 573 advectio.
908 542 1030 573 Deinde
1062 542 1093 572 in
1123 546 1184 572 tota
1212 543 1262 573 illa
1286 544 1430 574 oratione
1447 552 1502 574 eos
1528 551 1690 581 nunquam
1717 542 1900 581 episcopos,

293 591 420 621 semper
437 590 510 612 vero
530 582 624 612 laicos
636 582 855 612 Nazianzenus
871 582 1018 615 appellat.
1036 590 1105 611 cum
1123 581 1197 611 dicit
1219 583 1325 618 toties,
1347 583 1505 620 «Populus
1521 591 1623 615 meus,
1643 582 1779 619 papulas
1799 583 1869 616 Dei,
1886 594 1899 610 η

292 626 352 652 etc.
382 622 514 652 Demum
546 621 610 652 haec
641 622 732 651 verba
758 622 901 657 Gregorii
935 621 985 659 (η.
1002 621 1040 659 '7)
1059 631 1066 650 :
1084 621 1313 659 «Posteaquam
1345 622 1478 658 Cmsari,
1498 630 1568 660 quas
1592 625 1666 651 sunt
1691 621 1838 658 Caesaris,
1868 626 1902 652 ut

293 672 307 688 α
331 670 384 699 par
403 665 480 694 erat,
497 661 691 694 contulistis.
709 661 771 690 Doti
791 661 897 696 etiam,
914 669 984 699 quae
1001 660 1054 690 Dei
1072 664 1158 694 sunt,
1175 661 1344 695 tribuistis.
1362 661 1407 691 illi
1429 669 1541 699 nempe
1557 661 1700 698 vectigal,
1718 660 1792 691 huic
1809 661 1902 690 timo-

294 711 308 727 ‹‹
326 709 411 735 rem;
433 704 463 730 et
484 704 651 739 postquam
669 699 748 729 cibis
767 700 878 729 vestris
896 700 1047 737 populum
1067 699 1212 739 aluistis.
1239 701 1298 738 ipsi
1325 708 1467 738 quoque,
1485 705 1518 729 ut
1536 709 1550 729 a
1570 701 1662 730 nobis
1689 699 1818 730 alamini
1839 700 1902 730 huc

292 751 307 768 (ι
327 738 503 770 acceditis:
519 750 534 766 ι
551 738 782 777 luer,inquam,
801 739 892 768 vv-rba
913 743 1018 776 aperte
1037 739 1132 768 laicos
1146 738 1315 777 designant
1342 744 1371 770 et
1394 743 1517 774 nautas,
1541 739 1593 777 qui
1611 740 1818 774 frumentum,
1842 747 1899 769 seu

291 786 444 809 canonem
471 778 539 808 urbi
563 777 923 816 Constantinopolitame
945 778 1148 808 advexerant.
1182 778 1259 814 Qum
1278 779 1510 815 observatio,»
1535 778 1621 808 addit
1645 778 1796 814 criticus,
1826 783 1900 808 «est

294 817 409 848 Valesii
427 818 458 846 in
477 817 558 847 notis
574 817 610 847 ad
629 817 682 846 lib.
702 826 717 846 v
734 817 939 851 Theodoreti,
961 825 987 847 ρ.
1003 817 1034 848 8.
1053 828 1067 844 ››

331 857 386 898 Ill.
411 856 748 898 Iisdem_argumcntis
767 856 902 898 Baronii
919 856 1107 898 sententiam
1133 857 1318 898 impngnant
1342 858 1496 898 Hermant
1520 860 1550 888 et
1569 855 1898 898 TillemontiuSthS):

290 905 349 927 nec
364 897 443 934 ipsis
459 896 612 935 possibile
630 895 766 935 videtur,
783 904 850 925 eam
868 894 903 925 ad
929 895 1071 931 Gregorii
1099 897 1278 926 orationem
1295 896 1547 926 accommodare.
1565 898 1608 926 Ac
1625 896 1737 925 merito
1753 894 1896 934 quidem.

292 940 321 966 et
337 935 472 966 Baronio
489 940 518 966 et
534 934 919 974 Bollandistisobjiciunt,
934 935 1019 973 quod
1037 935 1164 964 nonnisi
1193 943 1286 965 unam
1306 936 1526 974 Egyptiorum
1544 939 1677 966 turmam
1694 936 1894 972 agnoverint.

291 984 362 1005 cum
378 975 549 1013 Gregorius
570 974 638 1012 ipse
664 973 820 1012 geminam
840 977 989 1011 agnoscat
1013 982 1047 1003 ac
1071 974 1257 1013 distinguat.
1278 975 1415 1005 Primum
1434 975 1564 1009 etenitn,
1591 978 1623 1004 ut
1643 975 1673 1003 in
1693 974 1838 1013 Carmine
1864 975 1899 1003 de

289 1014 354 1044 vita
369 1023 424 1043 sua
438 1012 554 1052 legitur
571 1013 668 1052 (vers.
684 1012 742 1043 83h
759 1016 789 1043 et
806 1013 926 1052 seqq.).
940 1013 1027 1042 missi
1049 1017 1122 1042 sunt
1139 1015 1306 1049 «Ammon,
1322 1017 1498 1051 Apamon,»
1512 1019 1585 1048 etc.,
1602 1022 1682 1052 quos
1715 1012 1896 1052 Thcologus

292 1054 451 1083 «miseros
472 1057 583 1084 nautas
596 1064 608 1079 ιο
632 1052 778 1090 appellat,
796 1056 827 1082 et
843 1063 857 1079 α
871 1056 1063 1088 catascripos.
1079 1063 1090 1078 ο
1108 1052 1137 1081 id
1156 1057 1214 1088 est,
1233 1064 1247 1080 α
1262 1054 1490 1089 exploratores,
1504 1064 1518 1080 ››
1539 1053 1593 1091 qui
1611 1055 1774 1088 venerant,
1793 1057 1826 1082 ut
1847 1062 1896 1083 res

289 1092 650 1131 Constantinopolitanm
671 1091 819 1122 Ecclesia:
835 1091 1052 1121 observarent.
1070 1091 1203 1131 Deinde.
1232 1104 1245 1119 τι
1261 1100 1323 1122 non
1342 1091 1441 1122 multo
1460 1096 1528 1130 post
1545 1094 1712 1127 venerunt,
1729 1091 1783 1130 qui
1807 1093 1896 1131 prius

291 1139 345 1162 eos
370 1132 561 1166 miserant,»
592 1130 622 1160 id
650 1135 708 1167 est,
739 1131 878 1168 episcopi
897 1139 912 1159 a
933 1131 1023 1160 Petro
1041 1130 1256 1161 Alexandrino
1280 1131 1434 1169 delegati,
1459 1135 1492 1160 ut
1517 1132 1688 1161 Maximum
1713 1130 1896 1168 episcOpum

291 1175 524 1201 consecrarent.
545 1170 594 1200 Ilii
611 1179 626 1200 a
639 1169 793 1207 Gregorio
805 1172 1006 1206 «pastorum»
1023 1170 1151 1199 nomine
1167 1171 1394 1209 designantur;
1409 1174 1439 1201 et
1457 1171 1603 1209 quamvis
1617 1174 1712 1205 certe,
1729 1174 1763 1199 ut
1779 1170 1898 1200 facino-

291 1210 332 1240 ris
349 1214 494 1240 auctores
509 1213 540 1240 et
557 1209 666 1244 duces,
686 1209 846 1247 prioribus
863 1208 962 1238 multo
984 1209 1183 1238 nocentiores
1200 1208 1319 1243 essent,
1349 1210 1428 1247 ipsis
1447 1215 1562 1244 tamen,
1592 1210 1633 1239 ob
1659 1209 1797 1239 debitam
1821 1218 1898 1240 sane

289 1249 463 1288 episcopali
481 1248 626 1286 dignitati
642 1248 866 1288 reverentiam,
886 1256 1011 1286 parcere
1027 1255 1061 1278 se
1079 1248 1240 1288 proﬁtetur
1256 1249 1450 1286 Theologus.
1477 1248 1556 1278 Cum
1575 1248 1672 1287 igitur
1697 1252 1838 1286 tempora
1858 1250 1897 1279 ab

291 1286 361 1327 ipso
374 1286 526 1325 Gregorio
543 1290 604 1318 tam
622 1286 751 1327 practise
768 1291 986 1327 secernuntur,
1005 1287 1124 1316 nemini
1147 1287 1282 1318 dubium
1307 1297 1378 1318 esse
1401 1291 1514 1325 potest,
1542 1286 1619 1327 quin
1643 1289 1821 1327 necessario
1839 1288 1898 1318 du-

295 1326 366 1365 plex
381 1327 605 1365 distinguenda
622 1326 662 1356 sit
684 1326 903 1365 JEgyptiorum
921 1329 1036 1359 turma.
1053 1334 1124 1364 quae
1147 1327 1282 1357 diversis
1300 1328 1517 1365 temporibus,
1548 1335 1612 1357 nou
1635 1327 1672 1356 ad
1699 1326 1895 1357 frumentum

291 1364 511 1397 advehendum
537 1365 674 1403 (nullam
702 1365 785 1396 enim
808 1364 1021 1405 deifruinenti
1044 1365 1230 1396 advectione
1250 1367 1446 1398 mentionem
1467 1366 1538 1397 facit
1563 1366 1758 1405 Gregorius).
1776 1367 1832 1396 sed
1858 1368 1895 1396 ad

292 1406 421 1437 Maximi
439 1405 669 1436 ordinationem
692 1404 925 1441 perﬁciendam,
947 1404 1255 1443 ConstantinOpolim
1270 1407 1399 1442 appulsa
1417 1411 1476 1437 est.
1496 1407 1558 1436 Nec
1575 1414 1701 1435 movere
1718 1414 1775 1435 nos
1790 1406 1896 1440 debet,

289 1446 374 1484 quod
393 1454 408 1475 a
424 1445 630 1484 Bollandislis
645 1444 676 1474 in
692 1444 838 1484 medium
851 1442 1018 1484 profertur,
1035 1442 1166 1484 scilicet,
1188 1444 1271 1480 618
1285 1445 1438 1476 Hermant
1459 1453 1630 1483 agnoscere
1647 1445 1719 1483 (59).
1743 1446 1896 1475 «nullum

288 1481 505 1515 distinctionis
522 1483 689 1521 vestigium
706 1482 736 1512 in
756 1483 859 1513 verbis
873 1481 1016 1522 Gregorii
1034 1483 1178 1522 reperiri.
1196 1496 1209 1512 ν
1236 1485 1270 1515 1d
1300 1484 1404 1519 enim,
1433 1489 1466 1514 ut
1481 1481 1635 1515 ‘observal
1659 1481 1896 1519 ’l‘illemontius,

286 1533 321 1555 ac
346 1524 462 1563 cuique
492 1523 623 1563 legenti
640 1530 694 1561 per
715 1530 748 1551 se
766 1525 857 1563 patet,
888 1521 1088 1563 librariorum
1107 1531 1195 1553 error
1215 1528 1274 1556 est.
1300 1523 1356 1562 qui
1384 1524 1490 1562 procul
1517 1524 1615 1554 dubio
1642 1535 1655 1550 α
1673 1523 1861 1562 Gregorium
1880 1536 1896 1552 ι

287 1561 495 1601 scripserunt,
516 1563 570 1592 ubi
597 1562 747 1601 Hermaut
773 1561 996 1591 «Baronium»
1021 1562 1202 1601 scripserat.
1229 1561 1315 1593 Hinc
1337 1561 1448 1593 merito
1479 1563 1591 1601 conjici
1620 1561 1897 1600 potesi,'primam

286 1599 508 1641 JEgvatiorum
528 1605 662 1641 turmam
677 1599 982 1641 Constantinopolim
996 1600 1188 1641 advenisse,
1205 1607 1342 1632 exeunte
1363 1611 1447 1632 anno
1470 1599 1592 1632 379'vel
1611 1601 1751 1641 ineunte‘
1767 1602 1840 1639 380,
1867 1607 1897 1633 et

287 1635 413 1671 altar-am
444 1648 553 1670 mense
578 1639 749 1670 Februario
768 1635 910 1677 ejusdem
929 1639 1001 1670 anni
1024 1639 1094 1674 380,
1117 1641 1157 1670 ita
1180 1635 1213 1671 ut
1240 1642 1396 1671 Maximus
1418 1641 1595 1672 consecrari
1625 1635 1762 1678 potuerit
1787 1635 1897 1671 mense

285 1681 400 1712 Martio
418 1679 466 1710 vel
486 1679 586 1717 Aprili
611 1679 684 1709 anni
700 1678 769 1709 380.
789 1679 916 1708 Constat
933 1679 1030 1714 enim,
1048 1683 1082 1708 ut
1098 1679 1236 1710 vidimus
1255 1681 1286 1710 in
1314 1681 1438 1710 Μοηίιο
1458 1681 1491 1711 in
1516 1680 1691 1711 orationem
1712 1680 1895 1711 vicesimam

286 1724 420 1753 sextam,
438 1719 609 1759 Maximum
626 1719 706 1747 circa
730 1718 881 1759 medium
896 1726 1014 1747 annum
1030 1717 1089 1748 380
1109 1727 1125 1759 c
1142 1719 1415 1756 Constantinopoli
1433 1720 1567 1759 ejectum
1584 1719 1696 1749 fuisse.
1715 1719 1760 1749 Ex
1776 1720 1896 1758 quibus

287 1759 365 1790 nihil
384 1761 476 1793 vetat,
502 1757 675 1798 quominus
700 1765 840 1787 mensem
868 1758 1116 1798 Augustum_vel
1143 1759 1357 1795 Septembrem
1378 1757 1456 1789 anni
1471 1759 1529 1790 380
1548 1760 1760 1797 assignemus,
1780 1757 1811 1788 in
1831 1768 1895 1798 quo

286 1798 498 1828 Alexandrina
512 1797 623 1837 classis
638 1796 833 1837 frumentum
851 1796 1024 1837 advehens,
1040 1796 1347 1837 Constantinopolim
1364 1799 1495 1837 appulsa
1513 1796 1625 1834 fuerit,
1650 1806 1685 1827 ac
1712 1796 1849 1836 proinde
1863 1799 1895 1828 in

286 1846 355 1877 quo
366 1836 568 1876 pronuntiata
585 1835 679 1866 fuerit
697 1836 763 1866 haec
780 1836 891 1865 oratio.
907 1835 989 1877 Huic
1003 1836 1147 1877 Opinioui
1167 1836 1255 1877 favet
1284 1835 1436 1868 frumenti
1453 1837 1631 1868 advehandi
1651 1841 1798 1876 tempus“
1808 1838 1893 1877 quod

286 1875 426 1916 profecto
447 1883 582 1916 rogassem
599 1880 630 1905 et
644 1879 782 1905 aestatem
799 1875 984 1916 antecedere
1002 1875 1200 1916 noudebuit.

323 1916 377 1946 IV.
402 1915 500 1944 Nobis
517 1916 689 1945 etiamnum
707 1916 853 1952 superest
867 1918 899 1943 ut
914 1913 1005 1943 aliam
1025 1913 1288 1945 Bollandistarum
1303 1915 1520 1946 difficultatem
1536 1916 1708 1946 solvamus.
1736 1916 1784 1946 Sic
1809 1916 1893 1946 enim

285 1955 325 1985 de
342 1957 399 1985 hac
417 1954 561 1984 oratione
576 1954 782 1994 pronuntiant
797 1953 858 1991 (50)
875 1965 882 1982 :
900 1953 979 1994 {list
998 1962 1031 1994 ea
1049 1953 1148 1994 oratio
1164 1963 1252 1989 xnv,
1269 1955 1318 1985 cui
1337 1956 1448 1986 titulus
1468 1966 1475 1986 :
1494 1956 1533 1986 In
1550 1955 1768 1994 [Egyptiorum
1785 1955 1896 1985 adven-

285 1998 351 2024 tum
369 2004 378 2024 :
397 2002 490 2032 quam
510 2002 566 2023 cur
580 1993 678 2032 aliqui
698 1992 793 2022 velint
812 1996 881 2030 post
897 1992 1025 2022 Maximi
1044 1992 1276 2032 ordinationem
1294 1994 1408 2024 dictam
1421 2017 1430 2031 ,
1454 1995 1538 2025 nulla
1557 1992 1686 2032 apparet
1701 1995 1801 2026 ratio:
1820 2003 1892 2024 cum

285 2031 552 2073 absurdissimum
572 2033 613 2062 sit
632 2032 678 2061 vel
695 2032 833 2073 cogitare
848 2054 856 2066 ,
883 2032 967 2073 quod
985 2035 1054 2073 iam
1080 2031 1206 2073 prolixa
1221 2033 1454 2073 laudatioPetri
1476 2031 1613 2073 potuerit
1639 2043 1675 2063 ex
1701 2033 1893 2064 Nazianzeni

285 2081 341 2103 ore
367 2072 531 2110 proticisci,
548 2075 618 2110 post
638 2076 697 2101 tam
718 2070 875 2108 insignem
896 2070 1042 2110 injuriam
1059 2071 1097 2100 ab
1116 2079 1153 2100 eo
1175 2071 1291 2101 illatam
1308 2072 1369 2102 sibi
1395 2077 1426 2103 et
1440 2070 1599 2103 Ecclesiae.
1614 2084 1627 2100 »
1646 2073 1769 2104 Siccine
1787 2073 1893 2103 debita

285 2109 427 2149 Gregorii
445 2111 585 2141 charitali
604 2110 670 2140 laus
688 2109 900 2148 persolvitur?
915 2109 1039 2139 Siccine
1062 2110 1141 2150 Petri
1160 2111 1370 2147 paenitentiae,
1388 2121 1476 2150 quae,
1501 2112 1674 2142 fatentibus
1689 2112 1892 2148 adversariis,

286 2150 458 2190 probabilis
475 2150 610 2185 videtur,
629 2158 749 2190 merces
768 2149 937 2186 penditur?
963 2149 1063 2190 Quam
1088 2149 1272 2190 longissime
1289 2159 1305 2180 a
1326 2149 1417 2181 nobis
1436 2152 1565 2186 distant,
1583 2151 1638 2189 qui
1658 2151 1730 2181 talia
1749 2151 1891 2190 loquun-

284 2188 354 2220 turl
376 2189 462 2219 Licet
481 2190 565 2219 enim
582 2188 714 2218 dubium
733 2192 828 2228 esset,
857 2193 961 2217 utrum
979 2188 1088 2217 Petrus
1103 2188 1356 2225 Alexandrinus,
1381 2190 1505 2228 publica
1522 2188 1798 2226 recaitciliatione,
1819 2199 1893 2220 cum

284 2229 439 2267 Gregorio
466 2228 500 2258 in
530 2228 658 2268 gratiam
687 2225 825 2268 redierit,
849 2230 985 2256 attamen
1011 2231 1129 2257 tantum
1148 2228 1247 2268 abest,
1273 2233 1304 2268 ut
1336 2225 1479 2267 «prolixa
1507 2230 1585 2259 Pctri
1614 2229 1790 2263 laudatio,»
1822 2238 1893 2268 quae

284 2266 482 2298 adversarios
499 2267 655 2305 praecipue
673 2269 788 2301 movet,
816 2266 926 2295 innuat
947 2270 1082 2304 tempus,
1106 2267 1190 2304 quod
1214 2267 1342 2297 Maximi
1363 2266 1600 2298 'ordinationem
1626 2266 1839 2305 praecesserit;
1859 2272 1895 2298 ut

284 2312 391 2338 contra
420 2307 495 2336 inde
526 2305 772 2339 concludamus,
799 2314 833 2335 ea
862 2309 985 2343 tempus
1013 2306 1215 2344 subsequens
1243 2306 1414 2344 designari.
1445 2306 1572 2337 Cunslat
1597 2315 1680 2336 enim
1714 2307 1891 2336 Maximqu

284 2345 646 2384 Comtanlinopolitanae
663 2344 748 2375 sedis
763 2352 818 2384 spe
835 2343 1004 2382 dejectum,
1035 2343 1138 2384 ipsum
1155 2345 1283 2375 Petrum
1300 2343 1339 2376 ex
1356 2345 1471 2376 throno
1491 2346 1706 2376 Alexandrino
1723 2347 1894 2376 exturbare

283 2395 319 2417 ac
339 2386 477 2424 dejicere
505 2384 756 2423 prresumpsisse.
788 2383 855 2424 Non
883 2383 976 2424 igitur
996 2383 1232 2424 qabsurdum,»
1253 2387 1285 2414 ut
1309 2385 1421 2415 volunt
1450 2385 1663 2420 Bollandistte,
1695 2385 1759 2424 imo
1787 2386 1892 2423 potius

284 2422 459 2456 verisimile
474 2422 533 2458 est,
549 2432 583 2453 ac
601 2424 767 2461 utriusque
782 2422 932 2463 antistitis
951 2422 1102 2459 religione
1125 2423 1269 2463 dignum,
1293 2425 1425 2461 expulso
1445 2433 1461 2454 a
1480 2425 1625 2463 praefecto
1642 2432 1678 2453 ex
1698 2422 1891 2454 Alexandria

283 2465 438 2499 Maximo,
461 2464 586 2492 Petrum
603 2470 740 2502 errorem
769 2462 950 2502 agnovisse,
975 2466 1004 2491 et
1025 2469 1096 2491 cum
1118 2461 1270 2502 Gregorio
1296 2463 1327 2492 in
1348 2461 1486 2502 gratiam'
1504 2463 1647 2493 rediisse.
1665 2463 1696 2492 Id
1717 2463 1830 2493 merito
1851 2472 1890 2492 ex

284 2503 430 2541 religiosa
448 2510 571 2536 eorum,
590 2502 646 2541 qui
661 2500 855 2541 frumentum
871 2501 1079 2541 advexerant,
1095 2501 1206 2539 agendi
1229 2500 1544 2541 rationeconjicitur.
1563 2503 1891 2541 Praeterea,quamvis

282 2539 401 2573 incerta
420 2550 469 2572 res
484 2545 582 2575 esset,
598 2539 660 2570 non
686 2540 762 2570 inde
785 2543 986 2579 sequeretur,
1002 2539 1127 2569 Petrum
1154 2547 1215 2569 non
1240 2542 1382 2578 potuisse
1400 2539 1590 2579 a'Gregorio
1619 2539 1761 2571 laudari.’
1779 2541 1890 2570 Petrus

284 2581 382 2615 enim,
410 2580 469 2612 etsi
490 2580 524 2610 in
551 2579 680 2609 Maximi
699 2578 1004 2617 gratiamadversus
1033 2578 1218 2616 Gregorium
1251 2580 1437 2617 peccaverit,
1466 2578 1570 2618 magni
1593 2585 1694 2610 tamen
1724 2579 1891 2609 Athanasxi

283 2620 435 2650 doctrinm
450 2627 577 2658 semper
591 2618 776 2658 adhaeserat,
795 2626 920 2656 semper
944 2618 1135 2658 Arianorum
1163 2623 1265 2654 partes
1292 2622 1500 2657 Oppugnarat,
1526 2627 1651 2656 semper
1673 2619 1836 2658 integrum
1856 2627 1891 2648 ac

283 2659 442 2690 incolume
463 2657 535 2689 tidei
561 2658 642 2688 circa
665 2657 852 2687 Trinitatem
880 2657 1070 2696 depositum
1086 2661 1255 2693 servarat,~
1272 2663 1367 2696 atque
1390 2660 1461 2688 ideo
1484 2659 1557 2695 jure
1583 2657 1703 2687 laudari
1726 2658 1831 2695 potuit
1856 2665 1892 2687 ac

282 2698 404 2728 debuit.
428 2698 465 2728 Et
493 2697 608 2736 posito,
625 2696 711 2735 quod
728 2697 828 2734 ipsius
847 2694 929 2726 cum
942 2694 1094 2734 Gregorio
1111 2694 1327 2727 reconciliatio
1349 2697 1455 2735 ignota
1479 2694 1526 2727 vel
1547 2697 1633 2727 nulla
1649 2694 1757 2733 fuerit,
1776 2697 1891 2735 praedi-

318 2782 373 2818 (47)
386 2781 452 2809 Crit.
467 2782 493 2808 in
509 2780 564 2808 Bar
598 2790 624 2808 n.
641 2781 676 2808 24
688 2785 713 2808 et
728 2789 814 2815 seqq.,
827 2789 888 2816 pag.
906 2780 968 2813 479,
993 2788 1060 2807 noui
1148 2781 1202 2816 (t9)
1218 2780 1293 2818 Grca.
1308 2781 1380 2818 vita"
1400 2784 1419 2806 ι.
1437 2779 1467 2812 Il,
1483 2787 1508 2813 p.
1525 2779 1584 2818 18.8.

281 2814 408 2852 Πηρείῃ
827 2814 834 2816 ⁷

827 2814 834 2816 ⁷
1149 2814 1203 2852 p30)
1217 2817 1294 2851 Crcg.
1317 2816 1378 2849 Via,
1397 2821 1451 2842 not.
1465 2824 1490 2846 ε,
1506 2823 1531 2849 p.
1549 2814 1609 2840 406.

318 2852 371 2887 (is)
389 2851 420 2878 T.
438 2850 483 2882 IX,
500 2858 526 2884 ρ.
544 2851 604 2878 713.
