2029 3127
115 231 176 279 1341
511 233 641 262 ORATIO
660 234 781 263 XXXIV.
802 250 835 254 ——
855 233 888 261 ΙΝ

956 231 1117 261 ΖῪΡἸΊΟΒΙ]
1123 231 1146 258 Μ
1166 229 1357 259 ADVENTUM
1687 230 1746 259 258'

123 289 251 331 candus
269 291 316 320 est
333 289 402 328 ipse
418 290 603 331 Gregorius,
621 291 674 331 qui
693 291 813 329 primus
830 291 887 321 hac.
903 291 1045 331 oratione
1061 291 1098 321 ad
1117 299 1222 331 pacem
1251 293 1280 331 et
1294 289 1607 331 amicitiamaditum
1623 290 1737 331 aperit.

123 340 140 358 α
155 328 286 370 Ρορυιο
299 337 402 364 meus,
423 341 437 357 ι)
453 328 558 369 inquit
580 328 702 370 (nf6);
715 342 729 358 α
744 339 836 360 meus
861 330 1009 370 enimri-s.
1033 328 1158 370 etiamsi
1179 330 1364 370 hominibus
1382 329 1502 370 invidia
1520 328 1740 370 laborantibus

123 369 220 399 aliter
238 368 399 404 videatur;
419 367 513 407 atque
531 372 564 399 ut
582 367 681 408 magis
697 370 862 403 feriantur,
877 369 938 406 qui
950 369 992 399 ita
1006 369 1111 399 aﬁ‘ecti
1127 374 1214 405 sunt,
1227 377 1267 399 en
1287 369 1413 399 dextras
1432 367 1735 408 societatisiprtnbeo

122 416 227 438 coram
245 411 289 438 tot
303 409 448 444 testibus,
463 406 742 448 Visitiililiusjiixta
755 412 784 439 et
795 408 1025 443 invisibilibus,
1040 408 1444 448 veteremquecalumniam
1461 406 1637 448 novarele
1648 406 1739 437 beni-

122 448 244 486 gnitate
263 449 416 485 propella.
433 459 447 475 »
466 447 544 484 Quis
563 457 626 478 non
644 446 759 484 videat,
778 448 950 486 praesertim
968 448 1092 478 ultimis
1111 446 1227 481 verbis,
1246 447 1413 486 perfectam
1431 446 1739 481 reconciliationem,

124 498 138 514 α
153 487 194 517 ob
213 491 351 517 veterem
370 487 516 525 injuriam
534 495 614 517 nova
637 487 834 525 benignitate
851 486 1077 526 propulsatam,
1092 499 1106 515 ι)
1136 487 1186 526 hic
1209 486 1360 524 exprimi.
1376 486 1487 526 Neque
1503 486 1587 515 enim
1608 493 1738 526 necesse

122 529 201 563 erat,
223 530 257 555 ut
275 523 415 556 mentem
437 534 526 556 suam
556 527 696 564 apertius
717 523 893 556 declararet
909 523 1110 564 'Theologus.
1134 523 1310 556 Obstabant
1330 524 1502 564 siquidem.
1529 528 1594 555 tum
1623 523 1738 562 ingens

120 565 270 603 Gregorii
290 564 438 602 Charitas,
457 570 520 595 tum
540 566 644 596 debita
662 566 753 596 Petro
770 565 987 595 Alexandrino
1008 563 1200 599 reverentia,
1226 567 1292 595 tum
1317 563 1457 603 denique
1478 563 1685 594 solemnitatis
1704 571 1738 593 ac

120 604 242 644 lietitiae
259 604 340 639 dies,
360 613 456 644 quem
474 605 619 635 luctuosa
642 604 805 644 praeteriti
822 605 972 644 memoria
1001 604 1127 634 turbare
1151 604 1242 634 nullo
1268 604 1361 644 modo
1385 607 1636 644 consentaneum
1660 606 1737 632 erat.

122 643 215 673 Plura
236 644 344 677 etiam,
364 641 400 673 a'd
420 644 449 673 id
467 641 732 678 confirmandum.
760 643 937 681 colligenda
953 647 1170 682 superessent,
1189 647 1251 674 tam
1274 643 1396 674 ratione
1413 641 1738 676 circumstantiarum.

121 691 216 718 quam
246 691 285 713 ex
313 682 457 720 Gregorii
476 683 684 719 carminibus,
716 692 752 713 ac
781 683 979 713 eruditorum
1008 683 1155 722 scriptis;
1175 683 1230 722 sed
1254 690 1293 712 ne
1310 682 1448 722 longius,
1478 689 1571 722 quam
1598 685 1737 722 par_est,

120 722 323 789 pauit-tabatur
348 719 412 752 huic
444 722 631 752 admonitio.
657 722 711 752 ‘hic
738 722 831 753 ﬁnem
856 719 1147 761 imponimuszui
1168 721 1257 761 plura
1280 720 1530 756 desideraverit,
1556 721 1621 750 loca
1647 719 1738 750 citata

120 769 136 789 il
163 769 198 789 ea
217 784 225 789 .

120 764 225 791 adeat.

365 896 546 938 ΛΟΓΟΣ
565 892 658 938 ΛΔ’.

1141 896 1330 933 ORATIO
1369 895 1556 935 XXXIV“.

917 971 941 999 Α

195 985 247 1018 Ε’Ζς
258 985 329 1019 τοὺς
337 986 486 1020 Αἰγύπτου
503 986 558 1021 (51)
568 986 822 1021 ἐπιδημήσαντας.

154 1042 194 1068 A’.
213 1042 282 1074 Τοὺς
313 1043 360 1069 ἀπ’
380 1043 517 1077 Αἰγύπτου
543 1043 780 1080 προσφθέγξομαι,
804 1043 905 1070 δίκαιον

118 1085 193 1120 γάρ·
215 1087 309 1122 ἐπειδὴ
340 1088 386 1114 καὶ
400 1088 548 1124 προθύμως
569 1089 773 1123 συνεληλύθασι,
794 1088 833 1123 τῷ
849 1088 904 1123 (52)

119 1131 194 1167 ζήλῳ
214 1132 259 1159 τὸν
277 1133 373 1168 φθόνον
397 1135 557 1170 νικήσαντες
569 1155 577 1166 ,
592 1134 731 1169 Αἰγύπτου
745 1134 857 1170 ταύτης,
871 1134 905 1170 ἢν

118 1177 258 1210 πλουτίζει
277 1179 326 1214 μὲν
342 1180 463 1215 ποταμὸς
481 1181 513 1206 ὲκ
528 1180 581 1214 γῆς
597 1179 661 1212 ὕων,
684 1181 730 1207 καὶ
753 1179 905 1214 πελαγίζων

118 1223 190 1259 ὥρια
201 1224 258 1259 (55)
271 1233 277 1240 ’
292 1225 335 1251 ἵνα
347 1226 394 1252 καὶ
410 1225 490 1257 αὐτὸς
513 1226 611 1261 μικρόν
621 1235 648 1253 τι
664 1227 827 1262 μιμήσωμαι
842 1226 906 1257 τοὺς

118 1271 184 1306 περὶ
197 1270 283 1298 ταῦτα
299 1273 420 1307 κομψούς
432 1281 438 1288 ·
454 1273 591 1307 πλουτίζει
614 1274 642 1300 δὲ
665 1273 781 1308 Χριστὸς
795 1274 810 1299 ὁ
821 1272 904 1307 ἐμὸς,

117 1315 253 1352 πρότερον
281 1317 329 1352 μὲν
351 1319 391 1349 εἰς
412 1317 549 1352 Αἴγυπτον
568 1318 793 1353 φυγαδευόμενος,
808 1317 865 1344 νυνὶ
877 1317 906 1344 δὲ

118 1362 166 1388 ἀπ’
181 1362 319 1396 Αἰγύπτου
341 1364 541 1400 χορηγούμενος
555 1365 610 1400 (54)
622 1373 628 1380 ·
652 1364 712 1391 τότε
728 1364 788 1399 μὲν,
811 1364 842 1390 ἐκ
854 1363 905 1397 τῆς

124 1407 246 1443 Ἡρώδου
268 1409 450 1443 παιδοφονίας,
466 1410 512 1438 νῦν
534 1411 573 1443 δὲ,
590 1412 622 1437 ἐκ
643 1411 692 1446 τῆς
712 1410 767 1437 τῶν
780 1410 904 1446 πατέρων

119 1454 305 1488 φιλοτεχνίας·
321 1456 448 1491 Χριστὸς,
460 1457 477 1492 ἡ
490 1457 569 1492 καινὴ
580 1457 666 1493 τροφὴ
679 1457 732 1483 τῶν
742 1456 832 1488 καλῶς
847 1464 906 1482 πει-

118 1500 238 1533 νώντων,
252 1501 268 1535 ὴ
283 1500 382 1536 μείζων
397 1502 453 1537 (55)
469 1502 601 1529 σιτοδοσία
615 1503 704 1538 πάσης
718 1503 766 1538 τῆς
784 1503 905 1537 ἱστορου-

121 1546 207 1581 μένης
223 1553 252 1572 τε
265 1546 312 1572 καὶ
327 1548 540 1582 πιστευομένης·
557 1549 571 1574 ὑ
586 1548 677 1583 ἄρτος,
691 1548 705 1574 ὁ
721 1549 753 1574 ὲκ
766 1547 812 1574 τοῦ
824 1547 905 1582 οὐρα-

118 1588 165 1615 νοῦ
195 1590 377 1622 καταϐαίνων,
404 1592 450 1618 καὶ
475 1591 546 1627 ζωὴν
569 1591 656 1623 διδοὺς
673 1592 710 1626 τῷ
733 1592 838 1627 κόσμῳ,
855 1591 904 1627 τὴν

1148 985 1181 1011 In
1195 985 1377 1020 Egyptiarum
1391 985 1539 1012 adventum.

991 1041 1010 1067 1.
1034 1041 1086 1068 Eos
1105 1041 1152 1075 qui
1166 1048 1198 1068 ex
1219 1040 1335 1077 Egypto
1349 1045 1492 1073 venerunt,
1506 1045 1535 1068 ut
1547 1048 1595 1076 par
1612 1045 1652 1068 est
1667 1041 1741 1069 salu-

955 1087 1028 1120 tabo,
1046 1091 1128 1120 atque
1146 1086 1287 1121 alloquar;
1301 1087 1530 1122 quandoquidem,
1546 1091 1672 1122 superata
1692 1095 1741 1122 per

956 1131 1042 1159 zelum
1056 1131 1165 1164 invidia,
1181 1137 1307 1167 prompte
1321 1135 1348 1159 et
1363 1132 1488 1160 alacriter
1497 1137 1690 1165 convenerunt,
1706 1139 1739 1160 ex

955 1177 1017 1209 hac,
1032 1177 1155 1213 inquam,
1168 1177 1295 1213 Egypto,
1309 1185 1390 1212 quam
1404 1182 1431 1205 et
1446 1178 1542 1206 ﬂuvius
1556 1178 1632 1210 ditat.
1642 1183 1740 1206 eterra

954 1223 1060 1259 pluens,
1074 1231 1106 1251 ac
1122 1224 1280 1259 tempestive
1290 1225 1373 1252 maris
1388 1224 1474 1252 instar
1486 1224 1626 1252 exundans
1642 1224 1682 1259 (ut
1692 1231 1740 1252 eos

956 1277 1064 1305 quoque
1087 1270 1208 1298 nonnihil
1230 1271 1329 1304 imiter,
1353 1271 1400 1306 qui
1424 1271 1450 1298 in
1472 1271 1628 1306 hujusmodi
1660 1271 1740 1298 rebus

955 1316 1016 1343 sciti
1032 1319 1059 1344 et
1077 1315 1157 1350 lepidi
1175 1317 1267 1350 sunt);
1285 1324 1421 1352 quamque
1439 1317 1503 1345 item
1523 1317 1592 1344 ditat
1615 1316 1742 1344 Christus

956 1368 1042 1393 meus,
1060 1361 1107 1396 qui
1124 1366 1202 1390 antea
1213 1362 1322 1397 quidem
1345 1363 1372 1390 in
1392 1363 1535 1399 Egyptum
1550 1363 1693 1398 fugabatur
1705 1362 1740 1395 ”,

955 1411 1027 1432 nunc
1043 1409 1133 1432 autem
1154 1405 1188 1433 ab
1206 1406 1322 1441 Egyplo
1338 1407 1433 1440 alitur;
1451 1412 1504 1435 tum
1525 1415 1621 1443 nempe
1634 1408 1669 1435 ob
1689 1407 1741 1435 lle-

955 1449 1048 1477 rodem
1064 1451 1158 1485 pueris
1175 1458 1267 1479 necem
1282 1451 1449 1486 aﬂereutem,
1465 1460 1537 1481 nunc
1558 1460 1621 1480 vero
1645 1452 1679 1480 ob
1693 1460 1740 1487 pa-

954 1500 1060 1523 rentum
1083 1503 1147 1531 erga
1168 1497 1237 1525 ﬁlios
1254 1497 1413 1526 charitatem
1433 1508 1439 1526 :
1456 1499 1589 1531 Christus,
1617 1498 1739 1534 inquam,

955 1549 1041 1569 novus
1052 1549 1158 1575 eorum,
1172 1543 1218 1577 qui
1231 1548 1303 1571 recte
1314 1544 1448 1577 esuriunt,
1461 1545 1547 1577 cibus,
1561 1551 1669 1571 annona
1683 1543 1740 1576 illa,

955 1587 1000 1614 illa
1017 1587 1105 1624 major
1121 1589 1195 1616 omni
1208 1597 1251 1622 ca,
1266 1598 1325 1625 quae
1341 1590 1462 1618 historiae
1486 1590 1661 1618 monimentis
1675 1598 1740 1625 pro-

119 1635 264 1671 ἀνόλεθρόν
270 1644 300 1662 τε
310 1637 357 1663 καὶ
365 1637 542 1668 ἀκατάλυτον,
556 1638 618 1673 περὶ
630 1636 659 1664 οὗ
675 1638 722 1664 καὶ
734 1637 780 1664 νῦν
794 1637 903 1664 ἀκούειν

956 1634 1008 1661 dita
1033 1639 1084 1668 est,
1107 1642 1140 1662 ac
1159 1636 1276 1663 creditur
1290 1646 1297 1663 :
1310 1637 1399 1671 panis,
1422 1637 1544 1672 inquam,
1561 1637 1606 1664 ille
1620 1637 1654 1664 de
1672 1636 1742 1664 cmlo

117 1681 189 1708 δοκῶ
202 1691 248 1717 μοι
263 1683 386 1716 λέγοντος
397 1682 443 1709 τοῦ
462 1683 582 1718 Πατρός·
605 1683 652 1715 Ἐξ
669 1684 817 1718 Αἰγύπτου
834 1684 903 1710 ἐκά-

116 1729 197 1755 λεσα
209 1728 261 1755 τὸν
282 1730 349 1755 Υιόν
362 1738 431 1763 μου.

154 1816 193 1844 Β’.
207 1817 267 1852 ’Δφ“
281 1817 357 1853 ὑμῶν
365 1818 418 1853 γὰρ
430 1817 559 1853 ἐξήχηται
576 1820 590 1845 ὁ
603 1819 681 1852 λόγος
695 1819 734 1851 εἰς
748 1819 851 1851 πάντας
863 1820 904 1846 ἀν-

117 1861 255 1898 θρώπους,
269 1863 353 1897 ὑγιῶς
366 1863 557 1899 πιστευόμενος
573 1873 602 1890 τε
619 1865 665 1890 καὶ
683 1865 885 1900 κηρυσσόμενος
895 1874 902 1881 ·

117 1907 167 1933 καὶ
178 1907 257 1942 ὑμεῖς
267 1907 371 1942 ἄριστοι
392 1908 558 1942 καρποδόται
576 1907 631 1941 (56)
646 1907 765 1940 πάντων,
789 1907 904 1943 μάλιστα

117 1952 174 1978 τῶν
194 1952 239 1978 νῦν
253 1952 341 1988 ὀρθῶς
352 1954 543 1986 πιστευόντων,
559 1954 609 1980 ὅσα
625 1954 673 1989 ἐμὲ
691 1954 844 1987 γινώσκειν,
859 1954 904 1981 τὸν

116 1998 168 2032 τῆς
188 1998 314 2034 τοιαύτης
340 2001 452 2035 τροφῆς,
469 1999 518 2026 οὐκ
532 2000 648 2035 ἐραστὴν
671 2000 761 2035 μόνον,
778 1999 846 2026 ἀλλὰ
859 2000 905 2026 καὶ

116 2043 248 2079 χορηγὸν,
268 2045 314 2070 καὶ
325 2045 374 2071 οὐκ
390 2045 502 2080 ἔνδημον
521 2045 610 2079 μόνον,
622 2045 679 2072 ἀλλ’
690 2045 740 2081 ἤδη
757 2045 803 2072 καὶ
819 2046 903 2081 ὑπερ-

116 2089 203 2124 όριον.
225 2090 319 2125 Ὑμεῖς
341 2090 395 2127 γὰρ
411 2091 525 2125 τρέφετε
549 2091 597 2125 μὲν
621 2091 785 2126 σωματικῶς
803 2092 905 2126 δήμους

117 2136 166 2162 καὶ
183 2135 275 2168 πόλεις
287 2157 294 2168 ,
318 2138 360 2171 ἐφ’
382 2138 443 2164 ὅσον
457 2137 602 2169 ἐξικνεῖται
615 2137 691 2172 ὑμῶν
709 2138 740 2164 τὸ
752 2137 904 2173 φιλάνθρω-

118 2190 171 2208 πον
185 2191 192 2197 ·
204 2183 319 2217 τρέφετε
345 2183 373 2210 δὲ
396 2183 598 2218 πνευματικῶς,
613 2184 642 2209 οὐ
659 2183 704 2210 τὸν
720 2184 792 2210 δεῖνα
805 2184 903 2219 δῆμον,

116 2226 179 2253 οὐδὲ
195 2227 284 2262 τήνδε,
308 2227 324 2262 ἢ
342 2228 419 2263 τήνδε
439 2227 487 2262 τὴν
509 2228 584 2254 πόλιν
603 2230 710 2263 μικροῖς
723 2228 807 2263 ὁρίοις
829 2237 905 2264 περι-

116 2273 296 2309 γραφομὲνην
308 2273 375 2308 (57),
391 2273 442 2300 κᾶν
458 2274 591 2310 φρονῶσιν
612 2274 819 2309 ὑπέρλαμπρον,
838 2274 906 2301 ἀλλὰ

118 2319 220 2354 μικροῦ
246 2319 334 2345 πᾶσαν
359 2319 407 2354 τὴν
422 2320 594 2355 οἰκουμένην.
614 2320 668 2346 Καὶ
685 2320 859 2355 θεραπεύετε,
872 2321 901 2347 οὺ
916 2322 936 2348 C

117 2364 200 2399 λιμδν
219 2364 312 2399 ἄρτου,
327 2365 387 2391 οὐδὲ
403 2365 483 2399 δίψαν
496 2365 601 2397 ὓδατος,
616 2366 632 2392 ἃ
648 2366 694 2392 καὶ
711 2365 855 2400 λιμώττειν
873 2366 904 2392 οὺ

118 2411 203 2446 μέγα,
233 2410 335 2446 καὶμὴ
358 2410 501 2446 λιμώττειν
532 2412 637 2448 ῥᾴδιον·
665 2411 732 2438 ἀλλὰ
755 2410 833 2445 λιμὸν
859 2411 906 2437 τοῦ

153 2467 177 2482 ’³
191 2466 285 2493 Matth.
305 2475 334 2495 ll.
353 2467 394 2493 15.
432 2467 455 2483 ⁸⁸
470 2467 547 2494 Joau.
563 2476 600 2499 γι,
614 2468 658 2494 53.
707 2467 730 2483 ⁸⁸
745 2466 805 2494 Ose.
822 2475 859 2498 τι,
877 2467 902 2496 ί.

152 2532 166 2546 ι
180 2526 255 2552 Alias
266 2524 364 2555 XXIV;
384 2532 444 2557 quae
457 2529 545 2551 autem
559 2525 593 2551 5!;
605 2531 672 2554 erat.
686 2532 756 2550 nunc
766 2524 905 2551 28.—II:I-

115 2561 169 2587 bitn
180 2560 407 2592 Constantinopoli
421 2560 490 2586 circa
507 2568 624 2587 mensem
640 2559 751 2592 Augusti
764 2567 809 2586 au.
825 2560 888 2586 580.

152 2595 209 2630 (51)
224 2597 276 2627 Εἰς
290 2595 359 2628 τοὺς
372 2595 532 2630 Αζγύπτου.
553 2599 605 2622 etc.
618 2595 698 2630 Colln
716 2594 727 2620 1
748 2594 821 2630 ενΕίς
835 2603 906 2630 παρ-

116 2631 210 2656 ουσίαν
230 2630 285 2656 τῶν
301 2631 456 2664 Δίγυπτίων
485 2629 576 2655 στόλου
601 2629 845 2656 καταπλευσάντων
863 2638 905 2656 σι-

115 2665 262 2699 ταγώγου·
298 2674 307 2690 ε
324 2665 350 2691 In
376 2667 490 2691 adventui
518 2664 717 2699 Aigypliurum,
743 2665 788 2697 qui
819 2665 905 2691 classe

117 2700 254 2727 frumenta
266 2700 380 2727 velienlc
392 2699 594 2731 navigaverunt.
605 2709 614 2725 ι
630 2700 655 2726 ln
669 2699 827 2732 quihusdam
840 2707 846 2725 :
859 2699 906 2730 Εἰς

116 2735 163 2762 τὸν
183 2735 337 2762 κατάπλουν
356 2734 410 2761 τῶν
440 2734 595 2767 Αἰγυπτίων
612 2743 619 2749 ·
643 2744 651 2760 ι
668 2735 694 2760 In
719 2733 905 2768 Egyptiorum

117 2771 243 2805 appulsu.
258 2779 267 2795 ι
285 2770 337 2796 Alii
350 2770 460 2805 addunt,
475 2769 643 2800 ἐπισκόπων,
660 2778 668 2794 ι
680 2769 880 2801 episcoporum;
894 2779 903 2794 ι

118 2804 165 2831 sed
182 2812 332 2839 perperam.
349 2804 420 2831 Nihil
439 2804 510 2831 enim
526 2804 551 2830 iu
565 2809 618 2830 tota
635 2805 756 2831 oratione
764 2805 906 2839 ircperjas,

119 2837 191 2867 unde
206 2837 254 2867 eos
270 2839 411 2874 episcopos
438 2839 522 2866 fuisse
544 2839 630 2874 colligi
651 2839 745 2874 possit.
764 2837 830 2866 Vide
846 2838 906 2865 Μο-

119 2876 214 2906 ιίιιιηι,
233 2884 259 2901 ιι.
275 2870 303 2901 ξ.

155 2910 212 2944 (52)
226 2909 278 2941 Τῷ.
294 2909 377 2936 Coisl.
393 2910 418 2939 l.
435 2911 463 2935 ὲν

156 2945 212 2981 (55)
228 2945 323 2978 "Opta.
349 2943 394 2971 Sic
407 2944 471 2980 Reg.
484 2945 538 2976 bm,
561 2944 606 2976 hu,
625 2948 676 2971 etc.
700 2943 790 2971 Schol.
808 2952 815 2970 :
830 2943 908 2970 Κατὰ

954 1679 1130 1713 descendens,
1144 1681 1283 1716 vitamque
1291 1682 1314 1698 ”
1331 1682 1392 1709 ﬁnis
1415 1683 1504 1710 omnis
1521 1687 1601 1717 atque
1615 1683 1743 1710 interitus

954 1731 1090 1760 expertem
1116 1727 1216 1754 mundo
1241 1727 1355 1755 aﬂ‘erens
1371 1737 1379 1761 ;
1392 1728 1426 1755 de
1439 1736 1494 1763 quo
1507 1737 1579 1756 nunc
1592 1729 1658 1755 mihi
1673 1736 1742 1763 quo-

956 1780 1008 1807 que
1028 1773 1134 1800 Patrem
1154 1774 1248 1801 audire
1266 1774 1359 1801 videor
1381 1774 1534 1802 dicentem:
1557 1774 1600 1801 Ex
1623 1774 1739 1809 Egi/pta

954 1819 1041 1845 vocavi
1055 1818 1157 1845 Filium
1171 1828 1256 1846 meum
1266 1820 1299 1846 ".

993 1865 1026 1891 ll.
1042 1864 1063 1890 Α
1077 1864 1154 1892 vobis
1171 1865 1244 1891 enim
1259 1872 1349 1892 sermo
1362 1865 1394 1891 ad
1409 1872 1504 1892 omnes
1518 1864 1642 1892 homines
1656 1864 1741 1892 dima-

955 1911 1037 1943 navit,
1054 1915 1110 1937 tum
1122 1911 1227 1938 sincere
1237 1911 1365 1942 creditus,
1379 1916 1434 1938 tum
1447 1911 1608 1944 prmdicatus
1621 1920 1628 1937 :
1645 1919 1676 1938 ac
1690 1918 1740 1938 vos

955 1957 1088 1988 omnium,
1105 1961 1132 1984 et
1147 1957 1296 1992 praesertim
1320 1964 1424 1988 eorum,
1440 1957 1486 1992 qui
1502 1964 1574 1984 nunc
1593 1961 1665 1984 recta
1688 1957 1743 1984 lide

955 2004 1059 2037 praediti
1079 2008 1152 2036 sunt,
1171 2004 1267 2038 optimi
1285 2004 1427 2038 largitores
1446 2004 1520 2035 estis,
1534 2008 1664 2037 quantum
1680 2003 1742 2036 qui-

955 2049 1016 2076 dem
1034 2050 1091 2084 ipse
1103 2056 1249 2084 cognosco.
1268 2049 1313 2083 qui
1330 2048 1486 2083 hujusmodi
1499 2048 1564 2081 cibi,
1581 2056 1635 2075 non
1659 2048 1745 2074 modo-

956 2103 1015 2122 sum
1034 2100 1150 2128 amator,
1165 2096 1210 2122 sed
1229 2095 1310 2122 etiam
1328 2095 1568 2127 subministrator;
1584 2102 1632 2121 nec
1647 2094 1674 2120 in
1690 2102 1740 2128 pa-

957 2141 1010 2168 trio
1024 2141 1157 2168 duntaxat
1173 2140 1241 2173 solo,
1258 2140 1304 2167 sed
1321 2141 1404 2168 etiam
1420 2140 1446 2167 in
1463 2145 1585 2167 externo.
1598 2139 1652 2167 Vos
1668 2139 1739 2167 cnim

956 2186 1092 2221 corporeis
1102 2186 1184 2222 620
1195 2185 1304 2220 quidem
1319 2185 1387 2212 cibis
1401 2185 1513 2220 populos
1523 2189 1550 2211 et
1563 2185 1643 2212 urbes
1657 2184 1748 2216 alitis,

955 2240 1119 2266 quacunque
1141 2239 1170 2258 se
1187 2231 1340 2266 benignitas
1359 2235 1447 2258 vestra
1461 2231 1593 2266 porrigit;
1612 2231 1741 2266 spiritua-

957 2279 1026 2305 libus
1043 2284 1144 2310 autent,
1159 2286 1212 2306 non
1225 2282 1327 2305 certam
1339 2269 1487 2313 quamdam
1497 2277 1612 2311 plebem,
1626 2280 1673 2303 aut
1684 2284 1743 2303 cer-

955 2329 1008 2350 tam
1036 2325 1194 2357 civitatem,
1235 2325 1356 2358 angustis
1382 2323 1482 2350 ﬁnibus
1506 2322 1740 2356 circumscriptas,

958 2369 1105 2401 quamlibet
1129 2370 1183 2396 alte
1205 2374 1231 2396 ct
1253 2369 1391 2403 splendide
1413 2369 1445 2396 de
1459 2376 1487 2396 se
1506 2368 1633 2399 sentiant,
1648 2374 1743 2394 verum

961 2414 1115 2441 universum
1130 2421 1212 2448 prope
1228 2418 1360 2440 terrarum
1374 2413 1465 2440 orbem
1479 2413 1559 2440 alitis.
1573 2413 1660 2440 Atoue
1676 2411 1748 2440 adeo.

961 2526 1067 2561 καιρὸν,
1097 2528 1144 2554 καὶ
1161 2527 1229 2561 πρὸς
1242 2526 1331 2561 ὤραν·
1364 2526 1557 2559 «Tempestive
1581 2530 1609 2553 et
1637 2526 1744 2553 statutis

961 2562 1137 2593 temporibus,
1154 2572 1163 2587 ι
1182 2561 1209 2587 lu
1228 2563 1283 2593 ed.,
1302 2562 1374 2596 ὅρια,
1394 2571 1403 2586 ι
1419 2562 1485 2588 ﬁnes
1502 2561 1624 2595 impletis.
1641 2570 1651 2586 ι

996 2596 1051 2630 (54)
1066 2598 1298 2631 Χορηγούμενος.
1319 2595 1372 2623 ⁷1ης
1390 2596 1508 2623 iudicare
1525 2597 1629 2623 videtur
1644 2595 1745 2630 Grego-

962 2631 1028 2662 rius,
1042 2632 1173 2659 frumema
1191 2631 1233 2657 illa
1245 2632 1278 2658 ab
1289 2631 1404 2666 [Egypto
1417 2631 1507 2663 allata,
1519 2631 1616 2658 cedere
1636 2638 1746 2665 praesci-

962 2667 1008 2692 tiin
1027 2667 1051 2692 in
1067 2674 1129 2694 usus
1145 2666 1328 2693 Ecclesiarum
1341 2671 1367 2693 et
1383 2673 1540 2699 pauperum.

995 2701 1049 2734 (55)
1073 2701 1108 2728 ἸΙ
1117 2700 1232 2735 μείζων.
1249 2700 1294 2727 Sic
1307 2701 1386 2736 codd.
1401 2700 1428 2727 lu
1444 2701 1499 2730 ed.,
1515 2700 1531 2735 ἢ
1545 2700 1656 2736 μείζων,

992 2736 1047 2770 (56)
1067 2737 1199 2770 Ἀριστοι
1223 2735 1413 2769 καρποδόται.
1448 2745 1457 2760 ι
1477 2735 1575 2769 Optimi
1610 2735 1745 2762 fructuum

957 2770 1107 2805 largitores.
1123 2781 1131 2796 l
1150 2771 1195 2797 Sic
1222 2770 1338 2803 appellat
1357 2770 1507 2805 Egyptios,
1531 2770 1601 2804 quod
1620 2770 1644 2797 in
1660 2770 1745 2805 [Εεν-

956 2812 1002 2839 pto
1020 2807 1135 2832 maxime
1154 2805 1307 2840 ὁμοουσίου,
1328 2805 1353 2832 id
1375 2811 1426 2836 est.
1454 2815 1463 2831 ι
1478 2805 1746 2834 consubstantialita-

958 2841 991 2867 tis
1007 2849 1015 2866 ι
1032 2840 1096 2867 ﬁdes
1114 2841 1216 2874 vigeret
1226 2848 1257 2867 ac
1273 2840 1458 2868 fructiﬁcaret.

993 2875 1048 2909 (57)
1068 2875 1338 2910 Περιγρηφομέηιν,
1355 2875 1410 2904 Duo
1427 2875 1510 2911 [υνδε.
1521 2880 1548 2904 et
1562 2875 1644 2904 Coisl.
1657 2875 1684 2908 1,
1694 2883 1744 2901 περ

957 2910 1167 2946 ριγραφομὲνας.
