2029 3127
291 233 344 263 2ιό

891 236 918 264 S.
941 235 1104 265 GREGORII
1125 235 1297 264 THEOLOGI

1854 238 1909 267 ΞΗ

291 300 345 320 non
360 293 437 328 panis
461 293 572 328 famem,
593 299 639 322 aut
657 302 732 331 aquae
751 296 825 323 sitim
850 297 961 329 curatis,
977 297 1075 332 quibus

1129 298 1238 324 ἀκοῦσαι
1251 298 1331 332 λόγου
1351 297 1406 333 (58)
1422 298 1534 333 Κυρίου,
1545 297 1573 323 ὃν
1589 297 1636 324 καὶ
1659 297 1773 332 πάσχειν
1793 297 1904 325 ἐλεεινὰ

289 346 341 367 nec
361 340 447 374 premi
474 341 617 369 admodum
640 350 722 376 grave
742 347 794 376 est,
811 347 838 370 et
852 343 946 370 iisdem
971 343 1074 370 mederi

288 382 386 418 facile;
399 385 446 413 sed
454 385 552 414 fament
567 387 695 415 audiendi
709 389 819 416 verbum
829 388 934 416 Domini
947 390 980 421 ⁵⁸,
992 396 1074 424 quam

289 433 317 456 et
332 430 386 464 pati
400 431 582 460 miserrimum
593 454 600 467 ,
619 438 645 461 et
662 441 758 462 curare
778 435 830 462 hoc
847 440 966 470 tempore
979 442 1073 469 perar-

289 475 373 502 duum
387 481 414 503 et
428 478 601 512 perdifficile;
615 480 740 512 quoniam
755 480 901 508 abundavit
918 481 1046 516 iniquitas
1061 480 1085 496 ⁸⁷

289 521 459 550 medeantur.

325 567 373 594 lll.
391 568 464 596 Talis
479 570 618 597 enimvero
639 575 696 597 erat
713 570 823 606 Joseph,
841 572 1013 607 dispensator
1029 582 1075 601 ve-

291 616 356 646 ster,
376 620 408 641 ac
422 614 534 648 proinde
553 621 579 643 et
604 621 705 648 noster,
727 617 773 651 qui
796 623 822 644 et
838 625 888 652 pro
910 619 1008 646 eximia
1026 627 1074 646 sua

290 659 420 693 sapientia
442 661 541 688 fantem
573 663 725 697 prospicere
756 669 845 696 norat,
859 669 885 690 et
905 665 1020 691 consilio
1044 673 1075 692 ac

290 705 434 739 prudentia
457 715 568 739 curare,
593 708 762 742 perpuleltris
790 709 917 736 nimirttm
937 715 965 737 ct
984 711 1075 738 obesis

290 750 388 784 bobus,
401 751 537 779 deformes
551 760 582 779 ac
597 754 682 780 macie
697 752 833 780 confectas
849 761 958 782 sanans.
972 757 1003 781 Et
1013 755 1074 788 qui-

292 797 351 824 dem
366 798 500 826 utrumvis
515 797 612 833 .loseph
627 799 776 834 intelligere
788 800 915 832 volueris,
933 801 988 828 sive
999 801 1072 828 illum

292 842 504 871 immortalitatis
524 849 673 872 amatorem
700 850 726 872 et
748 845 953 878 effectorem,et
975 854 1072 873 nomen

292 887 437 920 ferentem;
454 889 513 916 sive
538 889 621 922 illius,
638 894 665 916 et
686 890 713 916 in
737 889 835 917 throno
852 895 879 917 et
896 891 922 917 in
939 890 1072 923 doctrinm,

1127 351 1217 374 τατον,
1246 343 1292 370 καὶ
1309 342 1469 378 θεραπεύειν
1498 341 1546 370 νῦν
1568 342 1783 378 ὲργωδέστατον·
1813 343 1908 378 ἐπειδὴ

1126 388 1283 424 ἐπληθύνθη
1295 390 1312 424 ἡ
1328 390 1437 424 ἀνομία,
1453 389 1500 416 καὶ
1517 388 1621 422 ὀλίγους
1637 389 1756 424 εὑρίσκω
1769 389 1832 420 τοὺς
1843 398 1909 424 γνη-

1127 435 1202 467 σίους
1213 435 1314 471 ταύτης
1329 435 1506 471 θεραπευτάς.

1090 501 1097 513 ,
1120 488 1151 508 ac
1168 489 1267 516 paucos
1290 481 1405 516 reperio,
1425 481 1470 515 qtti
1486 488 1547 508 vere
1567 488 1598 508 ac
1614 480 1683 507 bona
1699 479 1750 506 fide
1762 479 1825 506 huic
1841 478 1906 506 fami

1162 573 1196 598 l".
1212 572 1337 603 Τοιοῦτος
1365 570 1460 605 Ἰωσὴφ
1483 571 1497 596 ὁ
1521 569 1649 604 ὑμέτερος
1663 568 1822 604 σιτομέτρης
1837 568 1905 603 (59),

1125 617 1222 643 ταυτὸν
1237 617 1265 642 δὲ
1280 617 1367 642 εἰπςῖν
1393 615 1440 641 καὶ
1463 614 1607 650 ἡμέτερος,
1630 614 1660 645 ὃς
1679 614 1724 640 καὶ
1746 613 1909 649 προΰλέτιειν

1126 663 1184 697 ᾔδει
1196 661 1274 696 λιμὸν
1287 661 1338 687 ὑπὸ
1359 661 1454 694 σοφίας
1478 659 1699 695 ὑπερϐαλλούσης
1717 659 1782 694 (60),
1800 659 1847 685 κα).
1862 659 1908 685 θε-

1127 707 1255 744 ραπεύειν
1280 707 1369 741 λόγοις
1386 707 1553 741 οἰκονομίας,
1579 708 1638 737 ταῖς
1653 705 1748 737 καλαῖς
1761 705 1815 731 τῶν
1839 704 1907 739 βοῶν

1127 754 1174 780 κα).
1190 754 1272 785 πίοσι,
1293 753 1341 784 τὰς
1357 753 1471 788 αἰσχρὰς
1492 753 1538 778 καὶ
1566 752 1698 787 ἁτρόςους
1716 751 1838 786 ἰώμενος.
1853 751 1907 777 Καὶ

1134 799 1230 834 Ἰωσὴφ
1243 799 1373 834 ὁπότερον
1382 798 1470 833 βούλει
1485 798 1642 833 λαμϐάνειν,
1655 798 1708 824 εἴτε
1720 797 1764 823 τὸν
1774 797 1825 831 τῆς
1839 796 1906 823 ἀθα-

1127 845 1219 876 νασίας
1244 845 1361 879 ἐραστὴν
1384 843 1448 879 (61),
1473 843 1519 869 καὶ
1533 843 1706 878 δημιουργὸν,
1733 842 1779 869 καὶ
1802 841 1907 868 ἐπώνυ-

1128 899 1176 925 μον
1191 890 1246 925 (62)
1259 898 1265 904 ”
1281 890 1335 915 είτε
1352 889 1398 915 τὸν
1415 889 1517 916 ἐκείνου
1536 890 1582 915 καὶ
1596 889 1691 923 θρόνῳ,
1707 889 1753 914 καὶ
1767 888 1847 922 λόγῳ,
1859 887 1907 913 καὶ

292 932 355 958 etin
368 934 467 960 canitie
479 941 674 968 successorem,
690 943 801 967 novum,
818 936 937 970 inquam,
953 942 1075 963 nostrum

1129 936 1206 971 πολιᾷ
1222 935 1353 970 διάδοχον,
1367 934 1413 961 τὸν
1429 934 1488 961 νέον
1501 934 1602 969 Πέτρον
1620 935 1694 968 ἡμῖν,
1706 933 1755 968 οὺχ
1769 931 1849 968 ἧττον
1859 932 1906 967 τὴν

292 976 413 1011 Petrum,
428 986 481 1006 non
497 979 586 1006 minus
600 980 699 1007 virtute
713 989 793 1014 quant
807 981 914 1008 nomine
927 990 932 1007 :
950 989 964 1008 a
977 983 1074 1016 quibus

292 1022 321 1050 id
333 1023 406 1058 quod
423 1025 538 1051 medium
553 1024 612 1057 fuit,
627 1026 749 1053 excisum
769 1032 795 1053 ct
808 1027 953 1054 contritttm
967 1033 1019 1060 est,
1037 1032 1075 1054 la-

294 1069 373 1097 metsi
392 1070 528 1104 paululum
551 1071 639 1098 adhuc
656 1077 683 1099 et
698 1072 833 1105 languide.
851 1073 925 1100 velut
945 1073 1076 1107 serpentis

294 1114 413 1143 intercisi
432 1116 529 1149 cauda,
544 1118 655 1152 palpitet
669 1127 676 1144 :
689 1126 802 1153 quorum
822 1119 889 1146 alter
909 1120 934 1146 iu
948 1120 1016 1146 bona
1032 1127 1076 1146 se-

294 1166 400 1189 nectute
422 1166 482 1197 post
495 1163 594 1191 multas
614 1164 803 1192 dinticationes
823 1170 850 1192 et
869 1165 1006 1199 palmstras
1021 1165 1075 1192 vita

294 1207 444 1241 defunctus,
461 1216 532 1236 nunc
556 1217 599 1237 res
623 1215 742 1242 nostras,
760 1216 790 1238 ut
804 1218 961 1246 persuasum
980 1211 1074 1244 habeo,

295 1252 401 1279 caelitus
413 1253 530 1288 inspicit,
547 1262 579 1282 ac
597 1255 704 1282 virtutis
724 1263 805 1282 causa
819 1255 1005 1283 laborantibus
1018 1263 1076 1282 nta-

295 1304 359 1324 num
380 1298 502 1333 porrigit,
519 1306 604 1334 eoque
624 1301 717 1336 magis,
732 1301 802 1336 quod
823 1302 942 1335 corporis
964 1301 1078 1329 vinculis

295 1342 425 1371 liberatus
444 1349 502 1378 est;
515 1345 583 1374 alter
600 1354 661 1374 vero
678 1347 711 1374 ad
726 1347 850 1374 eumdem
867 1347 928 1374 vita:
944 1347 1022 1374 tinent
1032 1351 1078 1374 aut

296 1390 499 1423 resolutionem,
525 1396 585 1426 post
609 1393 702 1419 eadem
727 1393 874 1420 certamina
901 1397 1037 1427 properat,
1053 1398 1078 1420 et

296 1435 430 1463 cmlitibus
454 1437 562 1470 quidem
587 1437 642 1472 jam
670 1439 837 1473 propinquus
864 1444 920 1470 est;
951 1443 1077 1466 cmtcrum

295 1482 426 1510 hactenus
442 1483 527 1510 adhuc
545 1483 571 1510 in
591 1491 672 1511 carne
685 1489 813 1516 versatur,
830 1490 859 1512 ttt
878 1485 938 1512 fidei
953 1486 1079 1513 doctrinm

296 1530 458 1560 postremam
482 1536 559 1563 opeut
581 1528 659 1562 ferat,
676 1537 706 1557 ac
722 1538 781 1557 cutn
805 1531 924 1565 antpliori
945 1536 971 1558 et
988 1531 1078 1566 copio-

297 1572 363 1600 siori
379 1573 476 1601 viatico
493 1574 544 1601 iter
558 1580 691 1609 capessat.

332 1617 376 1644 IV.
392 1617 447 1645 Vos
461 1619 526 1646 estis
540 1619 640 1646 alumni
663 1625 689 1648 et
704 1622 809 1649 soboles
829 1622 932 1649 illorttm
950 1627 1077 1657 pra-stan-

298 1661 366 1689 tium
385 1662 504 1690 veritatis
527 1664 676 1697 doctorum,
693 1670 720 1693 et
742 1672 976 1701 propugnatorum,
990 1673 1016 1694 et
1038 1667 1078 1693 vi—

297 1713 426 1742 ctorum;
444 1716 510 1743 quos
526 1717 578 1737 non
596 1714 708 1745 tempus,
725 1719 776 1739 non
800 1712 932 1745 princeps,
946 1719 998 1738 non
1019 1719 1076 1738 scr-

299 1761 355 1786 mo,
367 1761 419 1780 non
435 1754 543 1787 invidia,
558 1763 609 1782 non
623 1761 718 1788 ntetns,
731 1764 781 1784 non
795 1762 943 1789 accusator,
963 1765 1015 1784 non
1032 1765 1076 1784 ca-

299 1798 455 1832 lumniator,
469 1807 520 1827 non
539 1800 637 1827 bellum
652 1806 743 1835 aperte
759 1801 887 1833 inferens,
905 1809 956 1829 non
971 1802 1080 1829 clande—

300 1844 385 1872 stinas
403 1845 513 1872 insidias
530 1850 646 1877 struens,
664 1853 715 1872 non
731 1846 757 1872 itt
781 1846 895 1880 speciem
912 1851 1010 1879 noster,
1026 1855 1078 1874 non

300 1891 415 1922 alienus,
425 1898 476 1918 non
489 1899 593 1923 aurum,
605 1892 725 1919 occultus
736 1892 778 1919 ille
790 1898 927 1927 tyrannus,
942 1900 989 1927 per
1000 1901 1078 1928 quem

301 1944 373 1964 nunc
386 1937 466 1972 621
483 1937 563 1964 multa
583 1945 688 1964 sursum
710 1938 898 1972 deorsumque,
913 1939 983 1965 velut
997 1939 1024 1965 in
1039 1943 1080 1965 ta—

300 1981 388 2009 lorum
414 1982 487 2014 ludo,
508 1981 653 2014 iactantur,
673 1990 725 2010 tton
742 1982 886 2015 blanditize,
912 1991 963 2010 non
991 1984 1080 2015 minae,

301 2035 355 2055 non
366 2027 459 2056 exsilia
468 2048 476 2060 ,
488 2031 515 2054 et.
526 2028 608 2055 multa
620 2033 645 2055 et
657 2029 781 2056 diuturna
796 2029 854 2063 (soli
867 2029 936 2056 enim
951 2029 1081 2056 bottorum

302 2073 491 2107 proscriptioni
517 2073 544 2100 in
562 2081 608 2101 cos
624 2078 733 2108 propter
760 2082 871 2109 magna;
894 2075 951 2101 illas
966 2075 1081 2107 divitias.

303 2119 356 2147 hoc
376 2123 428 2151 est,
443 2119 571 2153 inopiam,
587 2121 653 2147 nihil
675 2121 772 2156 licuit),
790 2129 842 2147 non
860 2120 932 2147 aliud
947 2121 1082 2156 quidpiam

304 2165 453 2192 absentium
468 2169 514 2192 aut
529 2166 711 2200 prmsentittm,
725 2171 770 2193 aut
783 2166 809 2192 in
824 2166 1023 2200 exspectatione
1035 2174 1083 2201 po-

304 2211 428 2244 sitorum,
443 2211 549 2242 extulit,
562 2216 609 2238 attt
633 2212 765 2238 adducere
788 2212 881 2246 potuit,
899 2212 1084 2240 utdeterinres

1125 981 1236 1018 ἀρετὴν,
1251 981 1267 1016 ἢ
1280 981 1328 1016 τὴν
1344 981 1440 1015 κλῆσιν
1454 989 1460 995 ⁸
1482 981 1526 1014 ὑφ’
1545 977 1582 1006 ὧν
1593 980 1622 1006 τὸ
1636 980 1715 1014 μέσον
1731 978 1847 1014 ἐξεκόπη
1862 978 1908 1004 καὶ

1127 1027 1282 1062 συνετρίϐη,
1301 1027 1352 1053 κᾶν
1367 1025 1407 1052 ἔτι
1424 1025 1592 1062 σπαίρῃ(65)
1607 1025 1691 1060 μικρά
1700 1033 1730 1050 τε
1741 1024 1787 1050 καὶ
1798 1023 1906 1057 ἀσθενῆ,

1125 1073 1251 1108 καθάπερ
1267 1072 1297 1098 τὸ
1323 1072 1432 1106 οὐραῖον
1451 1071 1625 1102 διακοπέντος
1643 1070 1689 1096 τοῦ
1710 1070 1797 1103 ὄφεως
1809 1077 1816 1084 ·
1841 1066 1878 1095 ὧν
1893 1069 1908 1094 ὁ

1127 1119 1175 1154 μὲν
1191 1119 1221 1145 ὲν
1237 1119 1312 1153 γήρᾳ
1327 1117 1402 1152 καλῷ
1426 1117 1580 1148 καταλύσας
1595 1115 1640 1143 τὸν
1662 1116 1718 1152 βίον
1741 1116 1787 1142 ἐπὶ
1802 1115 1908 1146 πολλοῖς

1126 1166 1181 1196 τοῖς
1197 1164 1371 1198 ἀγωνίσμασι
1384 1163 1431 1189 καὶ
1442 1162 1608 1198 ἀθλήμασιν,
1623 1161 1725 1189 ἄνωθεν
1752 1161 1906 1193 ἐποπτεύει,

1126 1206 1155 1234 εὖ
1167 1205 1235 1239 οἴδα,
1253 1207 1300 1234 νῦν
1314 1207 1346 1233 τὰ
1358 1206 1489 1242 ἡμέτερα,
1504 1206 1551 1233 καὶ
1566 1207 1644 1241 χεῖρα
1668 1205 1757 1240 ὀρέγει
1768 1207 1824 1236 τοῖς
1839 1205 1909 1239 ὑπὲρ

1125 1253 1172 1280 τοῦ
1198 1252 1281 1280 καλοῦ
1312 1253 1457 1288 κάμνουσι,
1485 1252 1532 1279 καὶ
1555 1251 1625 1286 τόσῳ
1642 1251 1739 1286 μᾶλλον
1752 1271 1759 1284 ,
1778 1251 1832 1285 ὅσῳ
1853 1250 1908 1276 τῶν

1126 1299 1233 1334 δεσμῶν
1247 1299 1320 1325 ἐστιν
1334 1298 1425 1324 ὲλεύθε
1431 1304 1490 1333 ρος·
1504 1298 1519 1324 ὁ
1531 1297 1559 1324 δὲ
1578 1297 1623 1323 ἐπὶ
1635 1296 1683 1332 τὴν
1695 1296 1778 1331 αὗτὴν
1793 1295 1908 1322 κατάλυ-

1128 1355 1169 1372 σιν
1198 1345 1265 1380 (64),
1282 1345 1299 1380 ἢ
1322 1344 1461 1375 ἀνάλυσιν,
1491 1343 1537 1369 ἐπὶ
1562 1343 1619 1374 τοῖς
1632 1343 1722 1373 αὐτοῖς
1740 1341 1830 1372 ἄθλοις
1852 1340 1910 1375 (65)

1126 1391 1275 1425 ἐπείγεται,
1293 1391 1340 1417 καὶ
1356 1389 1501 1425 πλησιάζει
1529 1389 1577 1424 μὲν
1594 1389 1644 1423 ἠδη
1670 1389 1726 1420 τοῖς
1738 1388 1803 1420 ἄνω,
1819 1387 1909 1426 τοσοῦ-

1126 1445 1172 1463 τον
1183 1436 1211 1462 δὲ
1230 1435 1298 1471 μετὰ
1311 1436 1359 1471 τῆς
1375 1435 1476 1471 σαρκός
1491 1435 1563 1461 ἐστιν
1575 1434 1625 1465 ἔτι,
1639 1434 1699 1460 ὅσον
1722 1432 1852 1468 βοηθῆσαι
1870 1431 1912 1466 τῷ

1127 1482 1198 1517 λόγῳ
1213 1482 1248 1508 τὸ,
1260 1481 1414 1513 τελευταῖα,
1429 1481 1476 1507 καὶ
1498 1480 1547 1515 τῆς
1571 1479 1632 1506 ὁδοῦ
1645 1479 1770 1513 γενέσθαι
1786 1478 1854 1513 μετὰ
1867 1477 1911 1504 δα-

1128 1528 1235 1563 ψιλεστέ
1241 1536 1294 1563 ρων
1312 1527 1365 1553 τῶν
1385 1526 1506 1561 ἐφοδίων.

1163 1616 1199 1643 Δ’.
1213 1616 1321 1643 Τούτων
1335 1616 1414 1651 ὑμεῖς
1432 1615 1577 1650 θρέμματα
1605 1614 1652 1641 καὶ
1668 1613 1769 1649 προϐλή
1775 1621 1846 1648 ματα
1858 1612 1916 1639 τῶν

1131 1664 1266 1699 μεγάλων,
1281 1662 1328 1690 καὶ
1343 1661 1542 1696 δογματιστῶν,
1554 1661 1600 1688 καὶ
1613 1660 1768 1694 ἀγωνιστῶν
1783 1659 1832 1694 τῆς
1845 1659 1906 1694 ἁλη-

1129 1709 1214 1741 θείας,
1232 1709 1280 1735 καὶ
1295 1707 1412 1743 νικητῶν
1424 1716 1431 1723 ο
1445 1706 1492 1738 οὓς
1505 1707 1535 1733 οὐ
1547 1706 1652 1741 καιρὸς,
1668 1706 1698 1733 οὺ
1713 1705 1858 1740 δυνάστης,
1880 1704 1914 1730 οὐ

1129 1755 1218 1789 λόγος,
1237 1754 1267 1780 οὐ
1290 1754 1396 1788 φθόνος,
1419 1753 1448 1779 ού
1472 1752 1563 1786 φόϐος,
1574 1752 1604 1778 ού
1617 1752 1778 1787 κατήγορος,
1790 1751 1820 1777 οὐ
1835 1759 1912 1777 συκο-

1130 1801 1243 1837 φάντης,
1257 1800 1287 1826 οὺ
1305 1799 1429 1835 φανερῶς
1452 1798 1588 1833 πολεμῶν,
1605 1797 1636 1824 οὐ
1653 1797 1788 1831 λαθραίως
1802 1796 1911 1822 ἐπιϐου-

1130 1847 1226 1879 λεύων,
1251 1846 1300 1881 οὐχ
1313 1846 1446 1880 ἡμέτερος
1460 1845 1498 1880 τῷ
1521 1844 1619 1874 δοκεῖν,
1649 1844 1698 1869 οὐκ
1716 1842 1864 1877 ἀλλότριος,
1881 1841 1915 1868 οὐ

1131 1892 1240 1928 χρυσὸς,
1256 1893 1270 1918 ό
1281 1891 1387 1926 ἀφανὴς
1402 1891 1544 1926 τύραννος,
1558 1887 1580 1923 ᾧ
1594 1889 1642 1916 νῦν
1665 1889 1699 1915 τὰ
1713 1888 1797 1915 πολλὰ
1813 1888 1912 1923 μεταρ-

1133 1939 1256 1974 ρίπτεται
1267 1937 1315 1964 καὶ
1332 1936 1503 1969 πεττεύεται,
1520 1936 1549 1962 οὺ
1566 1935 1776 1971 Θεραπεῖαι,οὐκ
1793 1934 1912 1963 ἀπειλαὶ,

1132 1983 1180 2010 οὐκ
1204 1982 1305 2018 ὲξορίαι
1331 1981 1475 2017 μακραί-ιε
1490 1981 1537 2007 κα).
1554 1979 1751 2016 ἀριθμούμεναι
1775 1978 1913 2014 (δημεύσει

1132 2028 1186 2063 γὰρ
1202 2027 1251 2054 οὐκ
1263 2026 1386 2060 ἐγένοντο
1403 2026 1481 2061 μόνον
1498 2025 1606 2057 ἁλωτοὶ,
1618 2024 1661 2051 διὰ
1675 2024 1719 2050 τὸν
1735 2024 1821 2059 μέγαν
1833 2022 1915 2050 πλοῦο

1132 2083 1188 2105 τον,
1200 2073 1248 2108 τὴν
1261 2071 1473 2108 ἀκτημοσύνην),
1489 2071 1539 2097 οὐκ
1552 2070 1615 2097 ἄλλο
1625 2070 1700 2096 οὐδὲν
1711 2069 1765 2096 τῶν
1781 2069 1913 2100 ἀπόντων,

1133 2120 1149 2154 ἢ
1166 2118 1220 2145 τῶν
1235 2117 1386 2154 παρόντων,
1401 2117 1416 2152 ἢ
1428 2117 1484 2143 τῶν
1494 2116 1724 2152 προσδοκωμένων
1733 2115 1845 2150 ἐπῆρεν,
1856 2114 1916 2141 οὐδὲ

1134 2164 1259 2191 ἀνέπεισε
1285 2163 1391 2199 χείρους
1418 2161 1554 2196 γενέσθαι,
1582 2161 1627 2187 καὶ
1648 2159 1793 2195 προδοῦναὶ
1817 2168 1843 2186 τι
1866 2159 1917 2193 τῆς

1135 2211 1257 2246 Τριάδος,
1276 2210 1322 2235 καὶ
1339 2201 1511 2244 ζημιωθῆναι
1527 2207 1642 2241 θεότητα
1667 2206 1732 2241 (66).
1757 2205 1918 2231 Τοῠναντίον

304 2255 412 2289 ﬁerent,
424 2263 456 2283 ac
469 2255 502 2283 de
516 2255 648 2282 Trinitatc
662 2255 762 2289 aliquid
781 2256 934 2290 proderent,
946 2261 973 2283 et
989 2257 1079 2283 divini-

1137 2257 1185 2292 μὲν
1197 2254 1243 2282 οὖν
1262 2254 1438 2291 ὲρῤώσθησαν
1454 2255 1509 2285 τοῖς
1523 2253 1664 2284 κινδύνοις,
1689 2252 1735 2278 καὶ
1749 2250 1919 2286 φιλοτιμότε-

304 2303 369 2329 tatis
379 2301 510 2336 iacturam
525 2301 652 2328 facerent.
669 2301 722 2327 lmo
733 2305 838 2332 contra,
853 2308 886 2328 ex
901 2301 966 2335 ipsis
978 2301 1084 2335 pericu—

305 2348 338 2375 lis
350 2349 431 2375 robur
442 2347 617 2381 collegerunt,
633 2351 712 2380 atque
726 2346 758 2372 ad
771 2345 895 2379 pietatem
909 2346 1085 2374 ferventiorcs

306 2393 474 2421 exstiterunt.
496 2391 570 2419 Talia
587 2392 657 2419 enim
674 2399 722 2426 pro
738 2390 845 2419 Christo
859 2391 923 2426 pati,
940 2393 1025 2419 amori
1039 2400 1087 2420 cu-

342 2491 365 2507 “
379 2491 461 2518 Amos
480 2497 539 2522 vnt,
554 2489 596 2516 ll.
635 2489 658 2505 "
677 2488 768 2517 Matth.
797 2497 870 2523 sxw,
895 2490 937 2517 12.

343 2589 401 2627 (58)
414 2590 520 2627 Λόγου,
538 2589 602 2624 Reg.
614 2598 641 2627 a7,
659 2589 747 2627 λόγον.

343 2624 399 2659 (59)
415 2624 602 2659 Σιέομέτρης.
618 2626 699 2651 Coisl.
713 2626 739 2655 1,
756 2624 902 2660 σιτοδότης.

343 2661 399 2695 (60)
415 2662 526 2694 Σοφίας
545 2660 805 2696 ὑπερϐαλλούσης.
827 2660 872 2687 Sic
896 2660 962 2696 Reg.
988 2661 1033 2687 hu.
1060 2661 1089 2687 ln

307 2696 364 2727 cd.,
379 2695 474 2727 σοφίας
486 2695 698 2731 ὑπερϐαλούσης.

344 2731 399 2764 (61)
417 2729 571 2766 Ἐραστῂγ.
587 2730 641 2756 Duo
654 2730 748 2766 Βίας,
763 2729 809 2755 κα).
827 2730 953 2766 ἐραστήν.

344 2767 399 2800 (62)
411 2766 464 2792 Καὶ
477 2765 642 2800 ἐπώνυμον.
659 2773 668 2790 ι
680 2764 713 2790 Et
725 2771 820 2800 nomen
835 2764 865 2800 ex
880 2772 909 2800 ea
921 2764 1063 2792 'lerentem.
1077 2775 1086 2791 ι

310 2798 356 2827 Sic
372 2798 426 2827 duo
443 2801 526 2835 Regg.
543 2798 570 2826 ltt
595 2800 739 2835 edadeesl,
756 2799 813 2825 καί.
823 2799 959 2835 _lntelligit
973 2800 1090 2826 Atltaua-
1124 2823 1127 2827 .

310 2837 391 2868 stum,
411 2833 612 2868 cttjtts"ttomen
637 2834 743 2861 ducitur
766 2841 799 2860 ex
818 2833 934 2866 Graeco;
946 2835 1089 2868 ἀθανασία,

313 2879 322 2894 ι
340 2870 534 2896 immortalitas.
546 2879 555 2893 ι

311 2905 401 2967 mitts.)
420 2906 544 2938 Ertaipn.
571 2904 634 2939 Reg.
650 2902 705 2936 bm,
731 2903 839 2939 σκαίρῃ,
870 2914 879 2931 ‹
893 2905 1030 2940 tripudiet,
1047 2912 1090 2933 sa-

331 2949 335 2954 '
359 2959 366 2966 .
378 2950 387 2966 Ι

331 2949 366 2966 ιιι.
378 2950 387 2966 1

1138 2311 1177 2337 ροι
1191 2301 1332 2335 γεγόνασιν
1345 2302 1383 2332 είς
1398 2299 1548 2326 εὐσέϐειαν.
1562 2298 1673 2324 Τοιοῦτο
1691 2297 1744 2332 γὰρ
1766 2296 1796 2322 τὺ
1823 2295 1919 2322 παθεῖν

1138 2347 1207 2382 ὑπὲρ
1226 2346 1354 2382 Χριστοῦ,
1368 2345 1406 2380 τῷ
1418 2345 1520 2380 φίλτρῳ
1531 2343 1703 2380 προστίθησι,
1726 2343 1772 2369 καὶ
1789 2339 1844 2368 οἷον
1867 2343 1918 2377 ἀρ-

1141 2392 1231 2428 ραὅὼν
1245 2392 1348 2426 γίνεται
1374 2392 1427 2417 τῶν
1453 2391 1516 2425 ἑξῆς
1538 2390 1626 2417 ἄθλων
1646 2391 1700 2421 τοῖς
1727 2389 1916 2424 μεγαλόφροσι.

1180 2590 1235 2626 (ϐί)
1254 2591 1280 2616 '0
1294 2590 1328 2617 δὲ
1342 2589 1464 2627 ἐπὶλτὴν
1479 2589 1770 2627 al)?‘;17‘_)tdf(li.lt)t7‘lr,
1787 2593 1845 2627 ξιξ..
1858 2597 1865 2612 ι
1878 2587 1918 2627 Al-

1144 2622 1260 2653 ter‘ve’ro
1276 2627 1308 2652 ad
1323 2622 1458 2657 eumdem,
1469 2634 1478 2651 ι
1496 2622 1553 2652 οιοζ
1566 2625 1610 2652 Sic
1624 2625 1774 2652 reddiderat
1787 2622 1879 2650 Billius
1894 2623 1921 2648 lll

1143 2661 1230 2694 prima
1244 2661 1378 2689 editione:
1406 2661 1506 2686 rectius
1523 2660 1639 2694 quidem,
1654 2666 1732 2693 quam
1748 2659 1774 2685 in
1793 2658 1922 2694 secunda,

1143 2692 1187 2722 ubi
1203 2697 1243 2722 sic
1265 2695 1345 2722 vertit
1361 2705 1368 2723 :
1385 2704 1395 2720 ι
1410 2695 1484 2722 Alter
1502 2692 1538 2721 ad
1560 2695 1629 2721 ident
1652 2692 1808 2727 hospitium,
1832 2692 1873 2719 vel
1890 2694 1922 2717 ad

1143 2737 1239 2764 supera
1260 2730 1445 2764 migrationem
1469 2735 1528 2764 post
1544 2730 1636 2757 ειιᾱιιιιι
1659 2729 1804 2755 certamina
1830 2734 1922 2762 propc-

1143 2771 1193 2792 rat.
1204 2775 1213 2791 Ι

1179 2801 1234 2836 (65)
1262 2802 1323 2827 Em
1338 2801 1400 2836 τοῖς
1416 2799 1518 2836 αὐτοῖς
1533 2797 1801 2836 ᾄθλοιςκδὶςλξιειςε.
1819 2796 1874 2827 bnt,
1890 2796 1924 2822 hu

1143 2840 1171 2863 et
1182 2831 1236 2862 duo
1247 2836 1327 2863 Coisl.
1344 2835 1372 2861 ln
1385 2831 1443 2870 ῥά..
1461 2834 1507 2860 ἐπὶ
1522 2834 1575 2859 τῶν
1591 2831 1812 2870 αὑτῷνέἇθλοις...
1834 2866 1839 2870 _
1863 2865 1868 2870 _

1180 2871 1235 2905 (66)
1261 2869 1447 2904 Ζημιωθῆναι
1484 2869 1617 2903 θεότητα.
1643 2867 1701 2895 Bill.
1745 2876 1756 2893 ι
1788 2866 1927 2894 divinitate

1146 2906 1330 2934 multarentur.
1346 2913 1355 2930 ι
