2029 3127
120 204 175 232 Ξ.ιὸ

511 205 640 234 ORATIO
661 205 780 233 XXXlV.
802 220 835 225 --
855 203 887 231 IN
909 199 1150 231 EGYPTIORUM
1169 195 1369 226 ADVENTUM.

1695 188 1755 218 ω

119 260 240 288 Τοιαῦτά
266 269 323 293 σου,
344 261 474 295 Αἴγυπτε,
503 262 536 288 τὰ
560 261 606 288 νῦν
633 262 790 298 διηγήματά
812 271 840 288 τε
860 261 906 287 καὶ

965 258 1059 285 nulum
1088 255 1177 288 all‘ert,
1205 258 1286 288 atque
1311 250 1394 279 animi
1417 247 1603 284 magnitudine
1629 247 1750 282 praeditis

118 307 256 343 Θαύματα.

154 442 192 469 Ε’.
209 442 245 468 Σὺ
259 441 286 468 δέ
313 449 358 476 μοι
376 441 437 472 τοὺς
452 440 567 475 τράγους
593 439 703 475 ἐπῄνεις
727 439 790 471 τοὺς
805 440 906 476 Μενδη-

118 487 204 519 σίους,
216 487 264 513 καὶ
272 486 319 513 τὸν
327 486 473 521 Μεμφίτην
492 485 585 516 Ἀπιν,
602 485 701 520 μόσχον
716 485 835 511 σιτευτόν
846 494 907 512 τινα

118 534 166 561 καὶ
192 532 372 568 πολύσαρκον,
389 532 436 558 καὶ
464 531 513 563 τὰς
528 531 624 562 Ἴσιδος
638 531 758 564 τελετὰς,
772 532 820 558 καὶ
844 532 907 563 τοὺς

117 580 253 615 Ὀσίριδος
270 578 459 614 σπαραγμοὺς,
476 578 523 604 καὶ
539 577 583 604 τὸν
599 577 696 612 σεμνόν
712 585 758 603 σου
772 577 906 613 Σάραπιν,

119 625 198 658 ξύλον
212 624 448 660 προσκυνούμενον
460 622 529 658 μετὰ
557 623 650 658 μύθου,
669 622 716 649 καὶ
726 622 834 658 χρόνου,
861 623 906 649 καὶ

118 671 168 706 τῆς
190 670 244 696 τῶν
271 668 493 705 προσκυνούντων
510 668 612 700 ἀνοίας,
629 668 666 699 ὡς
688 667 754 702 ὓλην
769 668 907 702 ἄγνωστόν

119 724 180 742 τινα
191 715 238 742 καὶ
252 715 387 750 οὐράνιον,
402 714 472 749 πλὴν
486 713 562 749 ὓλην.
579 713 630 740 κᾶν
648 712 777 748 βοηοῆται
791 713 829 748 τῷ
843 712 908 747 ψεύ-

120 761 160 787 δει
170 769 177 775 ·
197 761 245 787 καὶ
259 760 294 786 τὰ
307 760 347 786 ἔτι
365 759 467 786 τούτων
483 759 608 794 αἱσχρὸτε
614 767 656 794 ρα,
668 759 813 786 κνωδάλων
826 758 907 785 τινῶν

121 807 170 833 καὶ
184 805 306 842 ἑρπετῶν
329 805 453 840 πολυειδῆ
481 805 637 840 πλάσματα,
652 801 690 832 ὧν
705 805 812 832 πάντων
826 805 908 840 ὑπερ-

120 852 174 888 ῆρε
183 852 310 886 Χριστὸς,
336 851 382 878 καὶ
402 852 426 877 οἱ
440 851 559 886 Χριστοῦ
577 851 711 886 κήρυκες
730 850 804 877 ἄλλοι
815 859 845 876 τε
865 850 911 877 ἄλ-

121 897 176 929 λως
190 897 261 924 κατὰ
274 897 335 929 τοὺς
347 896 451 924 ἑαυτῶν
463 896 574 923 ἕκαστοι
588 896 701 931 χρόνους
709 896 909 931 ἐκλάμψαντες¹

121 944 170 988 καὶ
190 943 222 978 δὴ
237 943 283 969 καὶ
295 943 319 968 οἱ
342 942 389 969 νῦν
412 942 643 977 μνημονευθέντες
661 941 781 978 Πατέρες
792 951 799 957 ο
814 942 860 976 ἀφ’
872 938 911 969 ὧν

122 985 156 1015 σὺ
169 988 292 1026 γινώσκῃ
308 988 416 1024 μᾶλλον,
432 985 455 1015 ὦ
466 987 614 1023 Θαυμασία,
628 987 757 1023 σήμερον,
774 987 790 1022 ἦ
803 987 911 1014 πάντων

122 1034 190 1069 ὁμοῦ
207 1034 318 1068 πάντες,
330 1034 376 1060 καὶ
392 1033 514 1060 παλαιῶν
528 1033 576 1060 καὶ
591 1033 658 1060 νέων
674 1032 860 1069 διηγημάτων.

159 1165 205 1198 (τ’.
219 1164 269 1190 Διὰ
279 1163 365 1191 ταῦτά
380 1172 410 1190 σε
424 1162 644 1199 περιπτύσσομαι
665 1164 712 1191 καὶ
733 1164 910 1200 ἀσπάζομαι,

121 1209 197 1237 λαῶν
212 1209 318 1245 ἄριστε,
332 1209 379 1250 καὶ
391 1209 623 1245 φιλοχριστότατε,
644 1210 691 1236 καί¹
700 1209 849 1245 Θερμότατε
862 1210 911 1246 τὴν

123 1255 279 1289 εῠσὲὃειαν,
290 1255 338 1282 καὶ
347 1255 400 1282 τῶν
413 1255 533 1289 ἀγόντων
546 1255 604 1288 ἄξιε
615 1265 622 1271 υ
636 1256 667 1282 ού
680 1255 735 1292 γὰρ
751 1256 805 1292 ἔχω
819 1265 845 1283 τι
855 1256 913 1283 τού-

122 1309 172 1328 του
184 1301 275 1336 μεῖζον
289 1301 387 1332 εἰπεῖν,
405 1301 464 1327 οὐδὲ
478 1297 500 1334 ᾧ
514 1301 614 1336 μᾶλλον
624 1300 656 1328 ἂν
668 1301 740 1337 ὑμᾶς
757 1301 892 1338 Εενίσαιμι
903 1311 910 1317 ·

124 1348 174 1375 καὶ
189 1347 340 1383 δεξιοῦμαι,
361 1347 440 1382 ὀλίγα
457 1347 507 1383 μὲν
521 1347 641 1385 γλώσσῃ,
661 1349 696 1375 τὰ
713 1348 796 1375 πολλὰ
809 1349 837 1375 δὲ
853 1349 912 1375 δια-

124 1393 201 1426 νοίας
218 1394 359 1429 κινήμασι.
375 1394 446 1426 Aab;
462 1394 529 1429 ἐμός
540 1403 546 1410 ·
568 1395 634 1430 ἐμὸν
648 1395 702 1430 γὰρ
716 1395 852 1431 ὀνομάζω,
867 1397 912 1423 τὸν

125 1439 265 1474 ὁμόφρονα
280 1439 335 1474 (67)
347 1441 393 1466 καὶ
404 1440 540 1475 ὁμόδοξον,
557 1441 603 1467 xui.
616 1441 689 1476 παρὰ
696 1441 750 1468 τῶν
763 1442 850 1469 αὐτῶν
861 1442 914 1468 Πα-

125 1485 226 1519 τέρων,
249 1485 359 1520 καὶτῆς
376 1486 462 1521 αὐτῆς
484 1486 599 1522 Τριάδος
619 1487 822 1522 προσκυνητήν.
843 1487 913 1519 Aab;

127 1530 194 1565 ὲμός
204 1539 211 1545 ·
227 1530 292 1566 ἐμὸς
303 1530 367 1566 γὰρ,
382 1531 434 1558 κᾶν
450 1531 487 1567 μὴ
504 1521 568 1567 δοκῇ
580 1534 636 1564 τοῖς
643 1521 822 1567 βασκαίνουσι
832 1541 839 1548 ο
855 1521 912 1565 καὶ,

128 1577 173 1603 ἵνα
192 1576 317 1612 πληγῶσι
332 1577 431 1612 μᾶλλον
447 1579 471 1604 οἱ
481 1578 559 1605 τοῦτο
570 1578 730 1614 πάσχοντες,
751 1579 803 1605 ἰδοὺ
819 1579 913 1614 δίδωμι

126 1623 219 1656 δεξιὰς
232 1623 373 1655 κοινωνίας
384 1625 430 1650 ὲπὶ
440 1624 574 1651 τοσούτων
595 1624 752 1660 μαρτύρων,
767 1625 872 1660 ὁρατῶν
884 1634 913 1651 τε

128 1669 177 1695 καὶ
192 1669 317 1705 ἀοράτων
327 1678 334 1686 ·
346 1670 393 1696 καὶ
404 1670 514 1696 ἀπωθοῦ
520 1679 567 1705 μαι
590 1670 643 1705 (68)
661 1669 778 1697 παλαιὰν
791 1670 914 1706 διαϐολὴν

128 1713 177 1748 νέᾳ
189 1713 363 1750 χρηστότητι,
374 1715 446 1746 Aab;
460 1715 525 1749 ἐμός
535 1723 542 1729 ·
559 1715 625 1750 ἐμὸς
636 1715 701 1751 γὰρ,
710 1715 734 1741 εἰ
748 1715 845 1742 καὶτὸν
860 1716 912 1751 (69)

963 304 1028 331 viris
1051 303 1084 330 ad
1109 300 1248 336 sequentia
1273 297 1419 326 certamina
1442 294 1514 322 velut
1533 293 1613 320 arrha
1627 291 1748 320 exsistit.

963 348 1026 377 Haec
1040 352 1114 380 sunt,
1128 346 1254 382 Egypte,
1271 351 1331 379 qua;
1352 342 1384 369 de
1404 345 1429 368 te
1445 340 1524 368 modo
1537 344 1682 368 narrantur
1697 339 1749 367 mi-

959 395 1058 424 racula.

996 442 1027 470 V.
1039 442 1073 469 At
1087 445 1117 468 tu
1134 443 1213 466 antea
1234 436 1385 465 Mendesios
1403 434 1494 462 hircos
1514 433 1639 461 laudibus
1656 433 1751 461 ell'ere-

958 489 1017 521 bas,
1031 493 1058 516 et
1071 484 1272 521 Memphiticum
1286 483 1376 518 Apim,
1390 481 1503 508 vitulum
1521 480 1665 515 quemdam
1679 486 1751 514 prae-

960 535 1084 569 pinguem
1103 535 1131 560 et
1145 532 1270 560 obesum,
1287 533 1316 556 et
1332 527 1410 555 Isidis
1427 533 1516 558 saera,
1530 530 1558 553 et
1581 525 1696 553 Osiridis
1711 524 1751 550 la—

961 579 1122 610 cerationes,
1135 581 1163 604 et
1174 575 1356 604 venerandum
1372 579 1445 600 tuum
1458 572 1627 607 Serapidem,
1636 571 1750 606 lignum,

961 625 1061 657 fabula,
1078 629 1105 652 et
1123 628 1256 657 tempore,
1273 626 1299 648 et
1314 619 1484 649 adorantium
1509 617 1637 646 amentia.
1653 616 1750 643 adora—

962 674 1029 702 tum,
1044 668 1117 696 velut
1134 666 1297 702 incognitam
1311 663 1453 699 quamdam
1469 667 1496 690 et
1509 662 1647 690 caelestem
1664 665 1751 688 mate-

961 716 1040 749 riam,
1056 719 1181 743 caaterum
1196 711 1348 742 materiam,
1359 709 1505 744 quamlibet
1517 716 1533 735 a
1548 707 1688 735 mendacio
1703 706 1752 732 ad-

959 761 1146 797 juvetur;ac,
1161 766 1220 794 quae
1239 757 1281 785 his
1303 757 1383 783 etiam
1407 755 1521 782 foediora
1542 757 1570 780 et
1593 752 1750 780 obsceniora

961 811 1039 839 sunt,
1055 807 1131 833 varia
1146 804 1322 840 quorumdam
1342 801 1497 840 animalium
1514 804 1542 826 et
1565 799 1699 834 reptilium
1720 798 1751 824 li-

961 838 1078 887 gmenta,
1096 838 1163 885 qua:-
1180 848 1270 877 omnia
1291 847 1414 874 Christus
1426 838 1585 877 ‘superavit.
1604 847 1630 870 et
1650 841 1750 870 Chriin

960 903 1120 932 praecones;
1136 899 1192 922 tum
1208 893 1254 921 alii
1271 899 1376 924 omnes,
1393 892 1439 925 qui
1451 897 1498 917 sua
1519 889 1633 923 quisque
1648 892 1750 922 tempe-

963 946 1034 970 state
1060 940 1213 973 fulserunt;
1231 937 1330 965 tumhi
1350 936 1431 964 etiam
1453 934 1558 966 Patres,
1582 940 1650 968 quos
1671 932 1750 960 modo

962 984 1191 1018 commemoravi;
1208 991 1224 1011 a
1247 982 1353 1018 quibus,
1374 989 1391 1008 ο
1407 978 1564 1007 admiranda
1586 977 1672 1013 regio,
1698 977 1749 1004 ho-

923 1031 945 1058 B
959 1031 1053 1059 dierno
1070 1030 1113 1058 die
1131 1028 1218 1064 magis
1238 1025 1406 1063 agnosceris,
1422 1031 1502 1059 quam
1523 1028 1617 1050 omnes
1642 1021 1676 1048 ab
1692 1027 1751 1048 om—

960 1077 1042 1104 nibus
1066 1074 1156 1108 simul,
1172 1079 1227 1102 tam
1240 1071 1350 1108 priscis,
1366 1077 1449 1106 quam
1461 1068 1616 1097 recentibus
1629 1066 1752 1096 historiis

962 1127 1152 1160 agnoscantur.

997 1169 1042 1197 VI.
1056 1168 1189 1202 Quocirca
1207 1170 1234 1194 te
1249 1164 1414 1201 complector
1430 1166 1458 1190 et
1479 1161 1578 1193 saluto,
1591 1158 1751 1195 populorum

961 1215 1063 1249 optime
1080 1212 1237 1246 Christique
1263 1207 1457 1240 amantissime,
1480 1214 1512 1234 ac
1527 1205 1626 1240 pietate
1643 1203 1752 1230 ferven-

963 1248 1079 1292 tissime.
1100 1259 1208 1293 tuisque
1230 1256 1343 1284 ducibus
1357 1255 1455 1289 digne;
1476 1258 1564 1286 neque
1574 1250 1647 1278 enim
1664 1248 1750 1282 majus

963 1305 1124 1341 quidquam,
1138 1303 1210 1339 quod
1225 1302 1324 1333 dicam,
1337 1299 1465 1332 occurrit,
1479 1305 1529 1325 nec
1539 1303 1592 1331 quo
1606 1294 1691 1329 magis
1704 1301 1755 1321 vos

963 1351 1106 1386 excipiam.
1127 1350 1161 1377 Et
1182 1356 1247 1376 vero
1267 1346 1383 1382 excipio.
1406 1352 1501 1380 parum
1524 1343 1630 1379 quidem
1648 1342 1752 1377 lingua,

963 1394 1078 1422 multum
1095 1398 1186 1421 autem
1203 1391 1286 1419 animi
1311 1389 1462 1417 aﬂeetibus.
1481 1387 1584 1422 Popule
1597 1386 1645 1418 mi,
1661 1392 1753 1412 meum

963 1441 1034 1468 enim
1059 1439 1172 1475 appello,
1196 1446 1273 1470 eum,
1300 1436 1346 1471 qui
1364 1435 1458 1463 eadem
1489 1441 1521 1462 ac
1545 1441 1595 1468 ego
1616 1432 1707 1465 sentit,
1724 1435 1753 1458 et

963 1486 1085 1514 eamdem
1101 1485 1180 1513 [idem
1203 1483 1355 1519 proﬁtetur,
1374 1487 1402 1510 et
1416 1481 1450 1508 ab
1470 1480 1564 1508 iisdem
1587 1478 1709 1505 Patribus
1725 1480 1756 1504 et

963 1531 1117 1560 doctoribus
1131 1529 1253 1557 eruditus
1276 1532 1337 1562 est,
1354 1532 1434 1562 atque
1453 1525 1574 1553 eamdem
1593 1522 1755 1551 Trinitatem

965 1578 1069 1605 adorat.
1079 1576 1183 1610 Popule
1195 1575 1243 1607 mi,
1259 1581 1335 1602 meus
1346 1573 1417 1601 enim
1429 1579 1468 1605 es,
1479 1570 1585 1598 etiamsi
1600 1567 1754 1597 hominibus

964 1623 1064 1651 invidia
1080 1621 1266 1650 laborantibus
1279 1620 1359 1648 aliter
1376 1618 1513 1646 videatur.
1528 1616 1627 1651 Atque,
1647 1620 1677 1641 ut
1692 1621 1752 1641 ma-

965 1670 1004 1705 gis
1017 1669 1106 1696 adhuc
1116 1667 1259 1699 feriantur,
1274 1665 1321 1700 qui
1343 1665 1381 1693 ita
1397 1663 1485 1691 allecti
1500 1666 1573 1694 sunt,
1596 1668 1628 1688 en
1644 1660 1755 1687 dextras

965 1714 1102 1743 societatis
1127 1712 1233 1748 praebeo
1257 1718 1348 1739 coram
1375 1714 1415 1737 tot
1441 1708 1576 1740 testibus,
1602 1705 1753 1733 visibilihus

130 1759 258 1794 μέγιστον
274 1761 288 1786 ὁ
307 1761 469 1796 μικρότατος
481 1761 684 1796 σφετερίζομαι.
702 1761 819 1797 Τοιαύτη
833 1761 913 1797 γὰρὴ

965 1761 1038 1794 juxta
1061 1764 1089 1787 et
1110 1758 1306 1789 invisibilibus;
1321 1761 1493 1789 veteremque
1508 1752 1668 1781 calumniam
1684 1757 1757 1778 nova

128 1804 177 1831 τοῦ
199 1805 356 1841 Πνεύματος
387 1806 467 1841 χάρις
481 1814 488 1821 ”
509 1806 656 1841 ὁμοτίμους
682 1808 755 1832 ποιεῖ
777 1808 839 1838 τοὺς
851 1807 916 1841 ὁμό-

130 1859 243 1885 φρονας.
260 1851 332 1882 Aab;
350 1852 414 1886 ἐμός
427 1859 434 1866 ο
451 1852 516 1886 ἐμὸς
530 1852 595 1887 γὰρ,
607 1853 630 1878 εἰ
642 1852 688 1878 καὶ
700 1851 857 1887 πόρρωθεν·
875 1853 916 1878 ὅτι

131 1896 230 1927 οεῖκῶς
244 1897 443 1932 συναπτόμεθα,
459 1898 506 1924 καὶ
521 1898 619 1933 τρόπον
639 1897 726 1931 ἄλλον,
743 1898 760 1932 ἢ
777 1897 805 1924 ὃν
819 1898 847 1924 αἱ
864 1907 915 1924 πα-

130 1941 256 1976 χύτητες.
274 1942 313 1968 Τὰ
329 1943 377 1977 μὲν
391 1942 444 1978 γὰρ
462 1942 576 1977 σώματα
592 1942 668 1977 τόπῳ
682 1942 916 1977 συνάπτεται,ψυ-

130 1987 215 2022 καὶδὲ
232 1987 370 2022 Πνεύματι
395 1988 618 2024 συναρμόζονται.
636 1988 706 2020 Λαδς
721 1988 786 2023 ἐμὸς
802 1988 856 2023 (70)
870 2008 877 2020 ,
903 1989 917 2014 ὁ

130 2033 266 2069 πρότερον
279 2033 328 2068 μὲν
339 2033 492 2068 φιλοσοφῶν
509 2033 538 2060 ’τὸ
552 2034 667 2069 πάσχειν
685 2034 755 2068 ὑπὲρ
778 2033 895 2069 Χριστοῦ
909 2053 916 2065 ,

131 2079 179 2105 νῦν
194 2078 223 2105 δὲ
236 2079 266 2105 τὸ
282 2079 318 2114 μὴ
332 2081 427 2112 ποιεῖν,
440 2080 488 2106 ἐὰν
502 2079 563 2114 ἐμοὶ
576 2079 721 2115 πείθησθε,
736 2079 793 2106 ἀλλ’
811 2078 916 2116 αὔταρ-

131 2133 180 2155 κες
202 2123 297 2158 κέρδος
317 2124 439 2150 τίθεσθαι
463 2124 512 2160 τὴν
533 2124 580 2151 τοῦ
602 2126 687 2151 ποιεῖν
704 2125 828 2156 ἐξουσίαν
841 2145 848 2157 ,
872 2126 918 2151 καὶ

132 2169 261 2205 ἡγεῖσθαι
274 2169 384 2205 Χριστῷ
397 2169 522 2205 λατρείαν
534 2170 680 2205 εἰσφέρειν,
693 2170 787 2205 ὥσπερ
801 2170 861 2196 τότε
869 2170 918 2206 τὴν

133 2213 292 2249 καρτερίαν,
310 2214 396 2246 οὕτως
427 2215 457 2240 ὲν
480 2214 520 2250 τῷ
542 2215 656 2249 παρόντι
682 2214 730 2249 τὴν
758 2215 918 2242 ἐπιείκειαν.

132 2259 217 2291 Λαδς,
231 2259 273 2294 ἐφ’
288 2259 317 2285 ὃν
331 2260 534 2294 παρατέτακται
548 2261 561 2286 ὁ
575 2259 676 2295 Κύριος
690 2259 736 2286 τοῦ
755 2258 784 2287 εὖ
797 2261 918 2296 ποιῆσαι,

134 2305 231 2340 ὥσπερ
248 2305 295 2332 τοῦ
311 2306 491 2341 κακοποιῆσαι
513 2306 575 2337 τοὺς
586 2306 733 2338 ἐναντίους.
745 2306 825 2339 Λαὺς,
843 2307 872 2333 ὃν
881 2307 920 2340 ἐξ·

134 2350 246 2383 ελέξατο
259 2350 347 2385 ἑαυτῷ
353 2351 454 2386 Κύριος
471 2351 502 2376 ὲκ
515 2350 623 2377 πάντων
636 2343 673 2377 ὧν
690 2351 918 2386 προσεκαλέσατο.

134 2397 216 2428 Λαὸς,
235 2397 249 2422 ὁ
265 2395 373 2422 ἐπὶτῶν
390 2395 488 2431 χειρῶν
510 2396 613 2432 Κυρίου
628 2395 867 2432 ἐζωγραφημένος,
886 2393 917 2430 ᾧ,

134 2444 172 2470 Σὺ
183 2443 236 2478 γὰρ
251 2440 276 2469 εἷ
286 2442 390 2478 Θέλημα
403 2443 479 2478 ἐμὸν,
495 2442 569 2476 λέγει
583 2443 700 2478 Κύριος·
718 2443 774 2474 καὶ,
791 2443 823 2469 Δί
834 2444 915 2470 πύλαι

968 1805 1134 1840 benignitate
1149 1803 1279 1839 propella.
1291 1801 1391 1836 Popule
1406 1801 1454 1833 mi,
1466 1807 1542 1826 meus
1558 1799 1629 1826 enim
1646 1805 1686 1829 es,
1701 1796 1754 1823 etsi

967 1852 1112 1878 maximum
1138 1850 1266 1877 minimus
1280 1847 1362 1884 622
1380 1846 1498 1873 vindico.
1512 1843 1585 1871 Talis
1606 1843 1677 1870 enim
1692 1840 1754 1876 Spi-

967 1898 1034 1924 ritus
1047 1897 1132 1932 gralia
1148 1900 1191 1924 est
1204 1904 1211 1922 :
1225 1902 1303 1929 pares
1324 1894 1426 1920 honore
1447 1899 1493 1918 eos
1517 1890 1592 1922 facit,
1616 1889 1661 1923 qui
1683 1888 1760 1916 idem.

967 1943 1094 1970 sentiunt.
1106 1941 1207 1976 Popule
1222 1940 1269 1973 mi,
1283 1946 1359 1966 meus
1374 1938 1445 1965 enim
1460 1943 1499 1968 es,
1514 1935 1562 1963 etsi
1577 1934 1695 1969 procula
1711 1940 1761 1959 me.

968 1989 1129 2022 disiunctus,
1150 1986 1276 2021 quoniam
1293 1984 1422 2012 divinitus
1436 1980 1630 2012 connectitnur,
1649 1979 1754 2013 alioque

969 2034 1058 2066 modo,
1083 2040 1162 2067 quam
1182 2038 1242 2066 quae
1267 2030 1388 2057 crassitie
1413 2027 1524 2062 praedita
1540 2031 1612 2054 sunt.
1635 2025 1754 2059 Corpora

970 2079 1068 2106 etenim
1081 2077 1138 2105 loco
1151 2076 1360 2110 coniunguntur,
1370 2074 1466 2101 anima:
1478 2077 1565 2100 autem
1577 2071 1677 2106 Spiritu
1689 2078 1754 2097 con-

969 2125 1144 2158 glutinantur.
1163 2123 1262 2158 Popule
1276 2121 1325 2154 mi,
1340 2121 1385 2155 qui
1402 2120 1476 2154 prius
1492 2119 1600 2154 quidem
1614 2125 1662 2152 pro
1676 2117 1754 2144 Chr-i-

969 2176 1011 2198 sto
1024 2169 1075 2204 pati
1088 2169 1175 2196 studio
1191 2167 1319 2199 habebas,
1333 2173 1402 2193 nunc
1417 2169 1519 2197 autem,
1530 2164 1551 2191 si
1567 2162 1678 2190 consilio
1695 2169 1755 2189 meo

971 2223 1076 2252 pareas,
1090 2222 1198 2250 operam
1213 2212 1299 2246 dabis,
1315 2219 1348 2239 ne
1363 2211 1427 2247 quid
1444 2209 1506 2238 mali
1521 2209 1632 2241 inferas,
1647 2208 1694 2236 sed
1707 2208 1754 2235 lm—

970 2262 1048 2289 dendi
1063 2265 1220 2295 potestatem
1236 2258 1302 2286 satis
1319 2265 1444 2292 magnum
1459 2257 1562 2284 lucrum
1575 2255 1668 2286 ducas,
1683 2261 1715 2281 ac
1729 2259 1755 2281 te

971 2307 1129 2342 obsequium
1155 2306 1262 2333 Christo
1280 2305 1377 2332 oﬂ‘erre
1390 2303 1528 2331 existimes
1541 2302 1576 2334 ⁵⁸,
1594 2306 1622 2327 ιιι
1636 2306 1691 2328 tum
1708 2309 1756 2335 pa-

971 2354 1104 2385 tientiam,
1120 2353 1156 2380 ita
1180 2360 1254 2381 nunc
1272 2351 1500 2378 mansuetudinem
1518 2349 1653 2382 animique
1668 2347 1756 2375 facili-

973 2405 1065 2426 tatem.
1080 2399 1190 2434 Popule,
1207 2399 1239 2425 ad
1255 2405 1334 2432 quem
1346 2396 1483 2424 beneficiis
1498 2395 1647 2422 ornandum
1662 2394 1755 2421 accin-

969 2450 1028 2472 ctns
1038 2449 1080 2472 est
1095 2445 1164 2471 Dens
1177 2445 1210 2476 '9,
1225 2443 1448 2478 quemadmodum
1462 2441 1494 2468 ad
1517 2441 1586 2467 male
1604 2439 1763 2467 multandos.

135 2497 182 2514 σου
200 2487 328 2523 γλύμμα’
348 2488 455 2514 καὶκὸσσ.
468 2488 524 2519 τοῖς
538 2488 702 2523 σωζομένοις
716 2487 827 2523 ὕστερον
853 2489 913 2524 (Ἠ)

973 2491 1184 2518 adversarios".
1202 2490 1311 2524 Popule,
1331 2496 1408 2523 quem
1433 2487 1503 2514 Dens
1527 2485 1577 2513 sibi
1593 2485 1672 2520 elegit
1684 2486 1705 2500 “
1721 2493 1756 2512 ex

133 2535 217 2566 Λαὸς,
233 2534 281 2561 καὶ⁴
297 2536 334 2569 μή
349 2543 381 2569 με
394 2534 555 2568 θαυμάσητε
569 2533 617 2568 τῆς
641 2533 802 2568 ἀπληστίας,
820 2535 843 2561 εἰ
863 2535 919 2570 (7‘2)

972 2536 1097 2564 omnibus
1120 2544 1187 2571 quos
1206 2536 1312 2564 accivit.
1336 2534 1434 2568 Popule
1458 2533 1484 2560 in
1510 2531 1633 2559 manibus
1651 2531 1754 2558 Domini

173 2590 196 2605 "
209 2589 288 2617 Joan.
307 2597 362 2622 xvr,
381 2589 407 2616 9.
446 2591 469 2606 "
482 2589 595 2617 Malach.
610 2598 628 2620 ι,
642 2590 668 2616 Δ.
708 2590 730 2605 ⁶⁰
740 2588 825 2616 Zach.
838 2593 913 2625 νηιῂ

987 2593 1007 2608 ⁶¹
1023 2592 1093 2620 Psal.
1115 2601 1201 2623 xxxn,
1218 2593 1259 2618 12.

173 2646 230 2681 (67)
245 2645 300 2672 Τὸν
316 2647 479 2680 ὁμόφρονα,
497 2650 549 2673 etc.
569 2645 629 2672 Bill.
657 2655 665 2671 ι
689 2646 733 2680 qui
749 2647 852 2678 eodem,
869 2654 923 2680 quo

137 2689 199 2715 ego.
219 2681 298 2707 modo
323 2681 449 2713 alﬁcitur,
480 2686 505 2708 et
527 2681 619 2708 eadem
636 2684 726 2712 sentit.
742 2687 769 2708 et
783 2682 922 2709 abiisdum

139 2716 274 2747 Ιάιι-ἱΙιιιε,
286 2725 295 2740 ι
312 2721 366 2742 etc.

174 2751 229 2783 (68)
250 2750 303 2785 Κιξὶ
326 2750 508 2785 ἀπωθοῦμαι,
537 2755 589 2777 elc.
618 2750 709 2777 Schol.
732 2751 812 2782 Ἴσως
835 2752 924 2778 διαϐε-

138 2785 267 2820 σλημένοι
280 2783 350 2820 ἦσαν
375 2783 451 2820 αύτῷ
464 2786 594 2821 πρότερον
614 2787 638 2812 οἱ
656 2786 811 2820 Αἰγύπτιοι·
836 2796 845 2812 ‹
859 2787 922 2813 For-

138 2827 186 2856 san
217 2821 287 2854 apud
316 2822 402 2856 ipsum
427 2821 593 2856 calumniam
612 2821 685 2855 prius
715 2822 786 2856 passi
816 2822 922 2849 fuerant

139 2854 270 2890 Egyptii.
284 2864 293 2881 ι
314 2854 414 2890 Allndit
428 2855 481 2885 hic.
497 2855 522 2881 ni
541 2854 666 2886 fallimur,
679 2854 836 2884 adrblaxinti
848 2856 921 2884 ordi-

139 2889 287 2917 nationem.
303 2889 367 2916 Vide
384 2889 523 2921 Monilum,
540 2899 566 2916 ιι.
585 2890 611 2916 4.

175 2926 230 2957 (ϋθὶ
245 2925 277 2950 Εἰ
293 2924 340 2950 καὶ
353 2925 414 2952 τόν,
431 2926 535 2956 κυεην,
556 2925 605 2951 κᾶν
622 2926 675 2951 τόν.

972 2647 1157 2708 “lamin-[lady
1167 2647 1247 2680 ἐμός.
1276 2645 1355 2672 Deest
1373 2645 1437 2680 ἐμός
1451 2644 1477 2672 in
1499 2645 1620 2680 pluribus
1634 2646 1713 2674 codd.
1729 2651 1757 2673 et

972 2690 998 2709 In
1019 2689 1084 2708 ulla.

1007 2716 1061 2752 (Ἠ)
1082 2716 1161 2742 Ὅσα
1175 2715 1237 2748 τοῖς
1255 2714 1431 2752 ιζῳζομένοις
1444 2714 1582 2750 ὕστερον.
1606 2725 1616 2742 ι
1628 2715 1757 2749 Quaecun-

972 2749 1024 2786 que
1037 2749 1142 2784 postea,
1155 2761 1164 2777 ›
1179 2757 1231 2778 etc.
1260 2749 1305 2777 Sic
1331 2752 1521 2784 interpretatur
1542 2751 1624 2783 Elias,
1641 2756 1668 2778 et
1684 2757 1756 2778 recte

975 2785 1093 2820 quidem,
1110 2791 1135 2811 ut
1154 2786 1236 2819 liquet
1247 2793 1280 2812 ex
1297 2785 1451 2820 totorcapite
1468 2794 1501 2812 ιι
1517 2786 1593 2813 Isaia:
1606 2787 1675 2812 unde
1704 2787 1754 2812 ista

976 2819 1114 2849 mutuatus
1127 2826 1169 2856 est
1183 2820 1338 2856 Gregorius.
1357 2819 1449 2847 Dillius
1466 2828 1528 2856 itero
1543 2821 1629 2856 jungit
1643 2820 1756 2856 ὕστερον

975 2863 1035 2883 cum
1049 2855 1222 2890 σωζομένοις,
1249 2860 1276 2882 et
1301 2855 1382 2882 vertit
1408 2864 1414 2881 :
1433 2863 1445 2891 r
1459 2855 1630 2891 Quaecunque
1651 2857 1682 2883 ad
1695 2855 1753 2887 eos,

975 2886 1255 2928 «liti_sa|trlciinostea
1269 2889 1438 2928 consecuturi
1454 2886 1541 2924 erant,
1562 2886 1724 2919 referuntur.
1741 2886 1759 2916 ιη
1787 2886 1790 2891 ’

1011 2926 1065 2961 (72)
1079 2926 1122 2954 El.
1139 2926 1245 2960 Comb.,
1258 2926 1281 2952 εί
1294 2925 1350 2953 καί.
