2029 3127
274 160 327 189 N7

891 164 919 192 S.
939 163 1103 191 GREGORII
1124 163 1296 191 TIIEOLOGI

1841 159 1897 192 '248

275 221 386 256 Icri'pte,
403 221 456 254 cui,
468 220 508 248 'l‘u
523 221 594 249 enim
607 228 636 250 es
649 222 770 249 voluntas
797 229 854 250 mea
875 223 910 255 ",
923 224 988 250 dicit
1007 224 1059 250 Do-

1118 225 1241 256 πολλάκις
1251 225 1323 259 ὑμᾶς
1340 223 1510 258 ἀναστρέψω·
1529 222 1693 257 κατατρυφῶ
1705 222 1758 258 γὰρ
1774 221 1852 257 ὑμῶν
1862 223 1895 259 τῇ

275 268 386 301 minus;
406 272 442 300 et,
462 267 549 294 Portte
574 273 624 295 tute
643 270 780 302 sculptura
794 269 828 302 ",
853 273 879 296 et
894 277 1059 303 qmecunque

275 317 366 348 pbstea
391 314 425 341 ad
447 321 504 347 eos,
523 315 566 348 qui
584 314 696 342 salutent
713 316 882 342 consecuturi
897 320 971 347 sunt,
990 314 1059 342 refe-

1113 270 1236 305 συνεχείᾳ
1252 270 1301 303 τῆς
1316 269 1447 304 κλήσεως,
1464 269 1557 303 ὥσπερ
1573 269 1596 294 οἱ
1621 268 1764 303 Θεαμάτων
1775 268 1894 303 τινῶν,ἢ

1112 315 1292 350 ἀκουσμάτων
1308 314 1453 349 ἀπλήστως
1465 314 1673 349 ἐμφορούμενοι.

276 365 382 387 runtur.
400 359 510 394 Populo,
525 367 556 386 ac
575 367 607 386 ne
630 367 682 391 me,
706 368 806 394 qua-so,
820 365 947 396 tanquam
966 360 1151 392 immodicum,
1180 360 1359 392 admiremini,
1395 360 1417 387 si
1446 367 1492 386 vos
1519 359 1665 386 identidem
1685 358 1833 393 compello;
1856 359 1895 385 in-

275 405 431 432 credibilem
445 405 516 432 enim
531 413 564 431 ex
578 405 655 432 vobis
678 405 783 432 assidua
800 406 950 440 huiusmodi
975 405 1154 439 appellatione
1179 405 1297 432 lzetitinm
1337 406 1424 440 capio,
1466 413 1518 432 non
1558 411 1636 432 secus
1659 404 1794 437 videlicet,
1816 409 1896 439 atque

274 449 320 484 qui
342 450 506 484 spectaculis
519 450 679 483 quibusdam
692 451 732 477 vel
752 451 933 479 auditionibus
946 453 1089 480 insatiabili
1105 454 1220 488 quadam
1238 451 1365 478 aviditate
1381 451 1514 477 fruuntur.

311 493 369 521 VH.
387 494 433 526 At,
449 502 465 520 ο
477 494 522 522 Dei
539 496 646 530 populo,
661 501 687 521 et
703 501 804 528 noster,
824 497 934 530 pulchra
953 499 1033 532 quidt-
1046 509 1060 523 ιι

276 545 334 566 erat
356 548 450 568 recens
473 549 581 575 quoque
605 541 649 567 illa
674 548 761 568 vestra
777 543 926 575 celebritas,
940 552 1017 578 quam
1037 546 1062 571 iu

278 585 345 612 mari
373 585 517 617 statuistis,
533 590 569 618 et,
592 586 613 613 si
630 594 682 620 qua
708 587 772 618 alia,
791 588 875 614 oculis
891 595 965 622 grata
980 593 1007 616 et
1019 589 1062 623 ju-

277 631 375 661 cunda,
388 637 449 657 cum
469 638 543 657 tnare
559 631 700 658 arboribus
723 637 848 665 stratum,
867 638 894 659 et
911 633 1061 660 mamrl'acta

277 676 348 703 nube
367 677 502 704 obtectum
524 677 589 710 vidi,
608 682 634 704 et
659 678 776 710 navium,
795 680 867 705 velut
889 678 922 705 ad
937 686 1059 714 pompam

277 722 480 754 instructarum,
498 723 657 758 elegantiam
677 731 708 750 ac
720 724 895 757 celeritatem,
911 725 1060 752 modicum~

278 775 330 802 que
342 768 376 795 ad
390 769 499 804 puppim
518 774 636 802 ventum,
651 774 759 797 nantem
783 771 808 798 in
831 772 898 798 mari
912 772 1057 803 civitatem,

1147 499 1183 525 Z'.
1207 498 1286 530 Ἀλλ’,
1305 495 1327 525 ὦ
1343 497 1408 523 Θεοῦ
1425 497 1499 528 λαὸς,
1523 497 1569 522 καὶ
1586 496 1727 531 ἡμέτερος,
1751 496 1820 531 καλὴ
1847 495 1896 530 μὲν

1111 544 1188 578 ὑμῶν
1202 545 1248 570 καὶ
1269 545 1285 579 ἡ
1300 543 1396 578 πρώην
1420 543 1475 577 (75)
1498 543 1660 576 πανήγυρις,
1672 542 1705 576 ἢν
1721 541 1766 567 ἐπὶ
1780 541 1831 575 τῆς
1847 540 1896 567 θα·

1111 590 1212 624 λάσσης
1226 589 1384 625 ἐστήσασθε,
1399 590 1446 614 καὶ
1466 588 1544 622 εἴπερ
1557 587 1622 623 ἄλλη
1638 596 1678 619 τις
1687 587 1833 622 ὀφθαλμῶν
1847 587 1896 622 χά-

1114 645 1165 671 ρις,
1183 636 1265 671 ἡνίκα
1290 633 1359 661 εἶδον
1389 634 1585 669 δενδρουμένην
1611 633 1658 669 τὴν
1684 633 1831 665 Θάλασσαν,
1850 633 1896 659 καὶ

1113 682 1296 717 χειροποιήτῳ
1317 681 1390 714 νέσει
1406 680 1626 714 κεκαλυμμένη),
1643 679 1688 704 καὶ
1703 678 1799 709 κάλλος
1813 678 1895 712 νηῶν,

1113 727 1160 753 καὶ
1174 727 1264 761 τάχος,
1281 726 1375 761 ὥσπερ
1390 727 1428 757 εὶς
1439 725 1549 760 πομπὴν
1563 724 1745 759 ἐσταλμένων,
1758 724 1804 750 καὶ
1820 723 1897 749 πνεῦ-

1117 780 1154 806 μα
1171 771 1279 806 μέτριον
1295 770 1364 796 κατὰ
1381 770 1505 805 πρύμναν
1533 769 1684 803 ἱστάμενον.
1700 768 1793 802 ὥσπερ
1819 768 1898 804 δορυ-

279 818 407 849 tanquam
430 815 519 842 dedita
542 822 623 850 opera
646 815 802 850 stipantem,
816 820 897 850 atque
915 817 947 844 ad
968 818 1060 844 urbem

1118 815 1216 851 φοροῦν
1231 815 1400 850 ἐξεπίτηδες,
1422 815 1469 841 καὶ
1485 813 1670 849 παραπέμπον
1683 814 1716 848 τῇ
1735 812 1811 838 πόλει
1825 813 1898 839 πάλιν

283 860 529 894 transmittentem;
546 861 683 896 pulchrior
698 866 786 889 tatnen
808 867 835 889 et
851 862 1064 895 magniﬁcentior

279 905 347 936 haec.
357 912 436 939 quam
453 913 525 932 nunc
535 906 680 933 cernimus.
695 906 749 934 Nec
762 907 833 934 enim
850 914 898 934 vos
909 907 979 942 ipsos
997 907 1063 934 mul-

279 950 386 978 titudini
403 951 596 985 admiscttistis,
621 959 670 979 nec
689 951 827 979 hominum
849 960 962 980 numero
977 953 1062 987 pieta—

279 1001 333 1023 tem
350 993 527 1030 deiiniviStis,
543 1003 591 1024 nec
609 997 773 1024 inconditum
792 998 880 1032 potius
896 997 989 1032 vulgus
1005 1005 1064 1023 esse

278 1042 454 1076 sustinuistis,
466 1050 546 1077 quam
566 1043 689 1078 populus,
702 1042 749 1070 Dei
771 1043 852 1070 Verbo
870 1048 1063 1078 perpurgatus;

278 1095 383 1120 verum,
402 1093 576 1123 posteaquam
601 1088 700 1116 Ctesari
726 1097 785 1124 quae
811 1094 874 1116 sunt
900 1089 1015 1116 Caesaris
1030 1089 1063 1120 “,

279 1137 410 1169 quantum
435 1135 514 1162 oﬁicii
538 1135 606 1162 ratio
632 1136 795 1170 postulabat,
823 1135 986 1169 contulistis,
1012 1136 1064 1166 Deo

279 1181 372 1211 etiam.
387 1188 446 1215 quae
465 1180 510 1208 Dei
527 1185 590 1207 sunt
611 1181 764 1214 tribuistis;
781 1182 818 1208 illi
834 1189 928 1215 nempe
941 1181 1064 1216 vectigal,

279 1225 343 1253 huic
360 1227 484 1253 timorem
493 1226 515 1242 "
526 1235 533 1259 ;
546 1231 574 1254 et
588 1231 729 1261 postquam
745 1227 811 1254 cibis
827 1227 921 1254 vestris
939 1228 1063 1261 populum

279 1270 395 1302 aluistis,
412 1270 462 1305 ipsi
478 1278 594 1305 qttoque,
609 1275 638 1298 ut
660 1279 675 1298 a
692 1272 769 1300 nobis
783 1272 903 1305 alamini,
918 1273 971 1300 huc
984 1280 1061 1300 acce-

280 1315 354 1343 ditis.
376 1315 443 1343 Nam
465 1322 493 1344 et
518 1324 567 1344 nos
588 1318 669 1344 etiam
692 1317 856 1345 frumentum
882 1319 1020 1354 largimur,
1035 1327 1066 1346 ac

280 1361 445 1390 frumentum
463 1363 570 1398 quidem
588 1369 679 1390 vestro
703 1372 870 1399 nequaquam
888 1365 1002 1392 fortasse
1018 1365 1065 1392 de-

282 1408 376 1435 terius.
398 1407 497 1441 Venite,
515 1410 640 1436 comedite
661 1417 754 1441 panem
774 1418 870 1442 meum,
887 1416 909 1437 et
927 1410 1005 1447 bibite
1027 1412 1066 1438 ιιί-

280 1461 354 1487 mmt,
369 1455 439 1489 quod
459 1455 553 1481 miscui
570 1455 640 1481 vobis
659 1455 699 1482 “:
722 1456 755 1482 ad
773 1463 892 1482 mensam
911 1464 997 1484 meam
1021 1464 1066 1484 vos

1117 862 1244 896 πελάγιον
1257 861 1313 895 (74)
1324 870 1330 876 ·
1345 860 1462 887 καλλίων
1476 860 1503 886 δὲ
1520 861 1536 895 ἠ
1549 859 1596 885 νῦν
1612 859 1736 896 ὁρωμένη
1753 859 1799 885 καὶ
1818 867 1899 894 μεγα-

1114 907 1330 944 λοπρεπεστέρα.
1345 907 1382 933 Οῦ
1400 907 1455 942 γὰρ
1481 907 1535 937 τοῖς
1562 905 1667 937 πολλοῖς
1685 905 1812 940 φέροντες
1829 904 1899 939 ὑμεῖς

1115 955 1213 985 αὐτοὺς
1235 952 1392 988 ὰνεμὶξατε,
1415 951 1474 978 οὐδὲ
1505 951 1600 987 πλήθει
1615 951 1664 986 τὴν
1682 951 1821 977 εὐσέϐειαν
1839 951 1899 985 ἐμε-

1119 1002 1169 1036 τρή
1175 1009 1249 1032 σατε,
1263 999 1323 1026 οὐδὲ
1333 998 1416 1034 δῆμος
1431 998 1557 1032 γενέσθαι
1582 997 1681 1033 μᾶλλον
1705 996 1824 1031 ὀχλώδης
1855 997 1900 1031 ἡν-

1116 1046 1238 1082 έσχεσοε,
1251 1045 1267 1080 ἢ
1285 1045 1348 1076 λαὸς
1362 1045 1429 1071 Θεοῦ
1447 1045 1518 1079 λόγῳ
1529 1043 1733 1079 κεκαθαρμένος
1743 1051 1752 1059 ’
1770 1042 1827 1069 ἀλλ’
1842 1043 1903 1068 ὅσον

1116 1092 1199 1124 εἰκὸς,
1223 1091 1344 1126 Καίσαρι
1357 1089 1392 1116 τὰ
1408 1089 1455 1116 τοῦ
1482 1089 1621 1124 Καίσαρος
1638 1086 1849 1121 είσενεγκόντες,
1864 1086 1901 1121 τῷ

1116 1137 1175 1172 Θεῷ
1191 1136 1225 1163 τὰ
1243 1135 1290 1163 τοῦ
1307 1135 1375 1162 Θεοῦ
1400 1134 1597 1171 προσενείματε
1608 1142 1614 1148 ·
1633 1133 1672 1168 τῷ
1697 1133 1745 1168 μὲν
1762 1133 1792 1159 τὸ
1810 1132 1902 1164 τέλος,

1116 1181 1155 1216 τῷ
1171 1181 1199 1208 δὲ
1216 1181 1262 1207 τὸν
1278 1181 1374 1215 φόϐον·
1396 1181 1443 1207 καὶ
1459 1180 1502 1206 τὸν
1517 1179 1601 1214 δῆμον
1615 1180 1670 1210 τοῖς
1686 1179 1829 1214 ὑμετέροις
1842 1178 1903 1214 Θρέ-

1117 1229 1226 1263 ψαντες,
1243 1228 1324 1263 ἥκετε
1354 1227 1400 1253 καὶ
1424 1226 1500 1252 αὐτοὶ
1520 1226 1584 1261 παρ’
1598 1225 1677 1261 ἡμῶν
1691 1225 1902 1261 τραφησόμενοι.

1117 1273 1308 1308 Σιτοδοτοῦμεν
1321 1272 1376 1308 γὰρ
1389 1272 1435 1298 καὶ
1451 1273 1539 1307 ἡμεῖς,
1555 1272 1601 1297 καὶ
1616 1271 1766 1298 σιτοδοσίαν
1777 1271 1842 1302 ἴσως
1854 1270 1904 1304 τῆς

1118 1319 1253 1355 ὑμετέρας
1277 1319 1307 1345 οὺ
1323 1319 1500 1353 φαυλοτέραν.
1525 1318 1624 1349 Δεῦτε,
1642 1317 1750 1352 φάγετε
1767 1317 1820 1343 τὸν
1832 1317 1905 1350 ἐμὸν

1117 1365 1218 1398 ἄρτον,
1233 1365 1279 1392 καὶ
1297 1365 1380 1391 πίε-τε
1388 1364 1480 1396 οἴνων,
1502 1364 1537 1390 ὃν
1558 1363 1704 1397 κεκέρακα
1726 1362 1813 1396 ὑμῖν·
1830 1362 1906 1388 καλῶ

1121 1411 1190 1447 μετὰ
1202 1412 1252 1447 τῆς
1263 1410 1436 1445 σοφίαςὺμᾶς
1447 1411 1486 1441 εἰς
1496 1409 1618 1444 τὴνὲμὴν
1630 1409 1780 1444 τράπεζαν.
1788 1408 1905 1434 Ἐπαινῶ

1120 1457 1173 1491 γὰρ
1185 1457 1233 1491 τῆς
1248 1455 1468 1490 εὐγνωμοσύνης,
1482 1455 1530 1481 καὶ
1541 1454 1702 1490 προστρέχω
1712 1455 1745 1489 τῇ
1755 1453 1904 1488 προθυμίᾳ,

280 1506 341 1527 cum
350 1501 487 1534 Sapientia
505 1501 598 1527 invito.
609 1502 758 1529 Candorem
770 1502 851 1537 623
862 1502 933 1529 enim
950 1508 1066 1530 vestrum

1119 1502 1160 1527 δτι
1175 1501 1213 1532 ὡς
1230 1501 1275 1527 ἐπὶ
1287 1500 1383 1535 λιμένα
1395 1499 1460 1526 ἴδιον
1473 1499 1545 1534 ἡμᾶς
1556 1499 1754 1534 κατηντήσατε,
1771 1498 1809 1533 τῷ
1822 1498 1906 1532 ὁμοίῳ

282 1545 379 1578 laudo,
400 1550 481 1579 atque
503 1546 584 1572 animi
606 1546 816 1580 promptitudine
839 1547 915 1574 vobis
943 1555 1066 1581 occurro,

281 1591 409 1624 quoniam
423 1591 456 1617 ad
470 1598 529 1623 nos,
543 1596 669 1625 tauquam
684 1593 717 1619 ad
734 1597 852 1619 vestrum
866 1597 972 1627 portum
987 1601 1069 1627 appu-

281 1635 361 1667 listis,
378 1636 411 1662 atl
423 1636 537 1663 similem
552 1637 676 1664 videlicet
689 1642 873 1671 occurrentes,
890 1637 1005 1672 ﬁdeique
1019 1645 1067 1665 co-

281 1682 434 1717 gnationem
460 1682 562 1709 honore
595 1683 728 1717 prosecuti
755 1683 838 1715 estis,
867 1683 1070 1718 absurdumque

282 1734 341 1754 esse
365 1727 519 1760 censuistis,
535 1736 596 1755 cum
619 1729 636 1755 ii
652 1729 697 1763 qui
714 1737 758 1757 res
776 1737 887 1764 superas
900 1730 1070 1756 contumeliis

281 1774 461 1805 insectantur,
480 1773 549 1801 inter
565 1782 594 1802 se
610 1775 780 1802 consentiant
794 1780 875 1810 atque
891 1775 1067 1807 concordent,

284 1827 316 1846 ac
327 1820 460 1854 privatam
481 1821 611 1855 cujusque
624 1821 835 1848 imbecillitatem
856 1822 990 1848 communi
1006 1828 1070 1848 con-

283 1872 363 1893 sensu
387 1870 415 1892 et.
436 1866 652 1901 conspiratione,
677 1875 729 1894 non
745 1875 823 1894 secus
838 1875 870 1893 ac
885 1867 996 1894 funiculi
1020 1867 1068 1900 illi,

283 1911 329 1946 qui
353 1915 446 1939 mutuo
466 1919 535 1939 nexu
559 1913 731 1944 roborantur,
751 1912 880 1940 suffulciri
903 1917 1006 1947 putent,
1023 1920 1069 1940 vos

283 1960 374 1984 autem
390 1965 442 1984 non
456 1966 507 1984 una
522 1959 678 1992 convenire,
694 1966 742 1986 nec
755 1966 815 1986 cum
833 1958 867 1985 iis
879 1958 1012 1993 colligari,
1024 1959 1070 1993 qui

283 2003 402 2038 ejusdem
414 2004 555 2031 sententia:
569 2008 642 2036 sunt,
656 2005 752 2038 quibus
767 2009 855 2032 tamen
871 2005 954 2032 multo
967 2005 1070 2039 aequius

284 2052 335 2080 est,
350 2056 410 2075 cum
435 2048 485 2083 ipsi
503 2048 627 2076 deitatem
643 2057 750 2084 quoque
763 2049 968 2084 conjungatnus.
982 2050 1070 2084 Atque

284 2099 314 2121 ttt
328 2101 376 2120 vos
399 2093 469 2120 battd
485 2093 582 2120 frustra
599 2095 631 2121 ad
657 2103 704 2122 nos
718 2097 879 2127 accurrisse,
895 2102 980 2129 neque
994 2100 1022 2121 ut
1036 2095 1070 2122 ad

283 2142 410 2166 externos
422 2144 450 2165 et
462 2139 573 2170 alienos,
586 2139 633 2166 sed
648 2140 681 2167 ad
694 2146 798 2167 vestros
815 2145 909 2175 portus
926 2140 1068 2174 appulisse.

1119 1546 1349 1582 προσδραμόντες,
1373 1547 1418 1572 καὶ
1433 1545 1463 1571 τὸ
1477 1545 1608 1579 συγγενὲς
1618 1545 1667 1580 τῆς
1682 1545 1797 1575 πίστεως
1813 1544 1905 1579 ἐτιμή-

1121 1601 1196 1625 σατε,
1215 1593 1262 1619 καὶ
1278 1592 1333 1618 τῶν
1350 1592 1457 1618 ἀτόπων
1472 1592 1698 1627 ἐνομίσατε,τοὺς
1710 1591 1758 1626 μὲν
1776 1589 1906 1626 ὑὸριστὰς

1119 1639 1173 1666 τῶν
1199 1639 1254 1666 ἄνω
1269 1638 1324 1673 (73)
1340 1639 1504 1673 συμφρονεῖν
1525 1637 1651 1672 ἀλλήλοις
1676 1637 1724 1664 καὶ
1741 1636 1907 1671 συναρμόζε-

1121 1685 1193 1715 σθαι,
1209 1683 1298 1710 καὶτὸ
1313 1683 1373 1710 καθ’
1394 1684 1509 1709 ἕκαστον
1528 1683 1625 1718 σαορὶν
1647 1683 1750 1709 οἴεσθαι
1767 1683 1821 1717 (7G)
1837 1683 1902 1717 διορ-

1120 1729 1231 1756 θοῦσθαι
1244 1728 1283 1763 τῷ
1295 1729 1377 1763 κοινῷ
1392 1729 1440 1763 τῆς
1455 1728 1619 1759 συστάσεως,
1635 1728 1760 1762 καθάπερ
1769 1728 1823 1754 τῶν
1836 1737 1906 1762 σχοι-

1120 1776 1184 1802 νίων
1200 1775 1235 1801 τὰ
1264 1776 1296 1810 τῇ
1321 1774 1407 1810 πλοκῇ
1435 1774 1635 1809 δυναμούμενα,
1654 1775 1731 1800 αὐτοὶ
1744 1775 1771 1800 δὲ
1790 1774 1828 1809 μὴ
1846 1783 1907 1800 σαν-

1122 1820 1190 1846 ιέναι
1208 1819 1276 1853 (77).
1295 1819 1361 1854 μηδὲ
1387 1819 1606 1850 συνδεῖσῡαιτοῐς
1633 1818 1821 1854 ὀμογνώμοσιν
1838 1839 1845 1850 ,
1869 1816 1907 1849 οἷς

1120 1874 1152 1900 γε
1166 1865 1221 1900 (78)
1233 1866 1305 1896 εἰκὸς
1325 1865 1425 1901 μᾶλλον
1439 1874 1444 1880 ’
1465 1865 1540 1892 αὐτοὶ
1552 1865 1605 1900 γὰρ
1624 1864 1775 1898 συνάγομεν
1795 1864 1842 1891 καὶ
1852 1864 1901 1890 Θεό-

1120 1920 1199 1947 τητα.
1218 1912 1273 1938 Καὶ
1290 1912 1333 1938 ἵνα
1350 1920 1380 1946 γε
1402 1911 1501 1946 εἰδῆτε,
1523 1912 1559 1947 μὴ
1587 1911 1674 1946 μάτην
1691 1910 1907 1946 προσδραμόντες

1120 1958 1195 1993 ἡμῖν,
1216 1958 1283 1993 μηδὲ
1300 1958 1337 1989 ὡς
1353 1957 1438 1990 ξένοις
1450 1959 1497 1984 καὶ
1511 1958 1672 1993 ἀλλοτρίοις,
1698 1957 1754 1983 ἀλλ’
1767 1958 1796 1983 ἐν
1811 1957 1908 1992 ὑμετέ-

1099 2033 1101 2035 ,
1123 2012 1178 2039 ροις
1192 2003 1383 2038 καταχθέντες,
1410 2003 1456 2030 καὶ
1479 2003 1569 2033 καλῶς
1593 2003 1770 2037 ὁδηγηθέντες
1792 2002 1845 2029 ὑπό
1860 2002 1906 2028 τοῦ

1119 2049 1287 2085 Πνεύματος,
1317 2049 1420 2086 βραχέα
1433 2050 1497 2084 περὶ
1518 2049 1585 2076 Θεοῦ
1601 2049 1818 2084 φιλοσοφήσομεν
1829 2050 1903 2084 ὑμῖν.

1120 2096 1175 2122 Καὶ
1190 2097 1342 2132 γνωρίσατε
1358 2097 1391 2122 τὰ
1406 2096 1537 2131 ὑμέτερα,
1554 2096 1648 2131 ὥσπερ
1656 2096 1678 2122 oi
1692 2097 1747 2127 τοῖς
1764 2096 1908 2131 ἐπισήμοις

1121 2141 1174 2168 τῶν
1191 2142 1280 2168 ὃπλων
1295 2142 1325 2168 τὸ
1343 2143 1442 2168 οἰκεῖον
1456 2141 1690 2176 διαγινώσκοντες.

284 2184 502 2219 praeclarumque
526 2186 628 2213 itineris
646 2186 727 2212 vestri
751 2188 844 2213 ducem
881 2186 1008 2220 Spiritum
1026 2194 1148 2215 sanctum
1180 2188 1318 2216 exstitisse
1339 2188 1518 2222 cognoscatis,
1553 2195 1637 2222 pauca
1660 2188 1692 2214 dc
1723 2186 1778 2214 Deo
1802 2187 1835 2214 ad
1862 2194 1907 2213 vos

285 2234 457 2266 disseremus.
481 2234 519 2260 Ac
537 2233 627 2264 tacite,
645 2236 672 2258 ιιι
690 2235 779 2258 vestra
798 2232 961 2266 agnoscatis.
974 2234 1199 2268 quemadmodum
1223 2235 1269 2269 qui
1291 2242 1355 2261 suos
1370 2241 1403 2260 ex
1433 2242 1570 2261 armorum
1594 2234 1678 2269 signis
1696 2238 1855 2268 agnoscunt.

322 2279 389 2306 VIII.
406 2279 477 2306 Duas
499 2286 617 2306 sumtnas
638 2278 664 2304 iu
681 2277 723 2308 iis,
737 2285 796 2311 qum
817 2283 890 2309 sunt,
906 2277 1069 2306 dill'erentias
1085 2282 1108 2310 l)

287 2326 404 2359 reperio,
427 2325 638 2352 dominatimiem
662 2331 757 2358 nempe
772 2329 799 2350 et
816 2325 972 2350 servitutem
989 2334 994 2351 :
1016 2333 1068 2352 nou

287 2379 354 2404 quas
375 2373 446 2406 apud
469 2379 528 2403 nos,
554 2370 595 2398 vel
618 2371 740 2404 tyrannis
755 2370 846 2402 scidit,
869 2370 908 2397 vel
927 2375 1072 2404 paupertas

284 2417 433 2452 disjunxit;
449 2418 496 2444 sed
519 2424 587 2451 quas
605 2422 699 2443 natura
721 2416 853 2447 distinxit,
873 2415 895 2442 si
921 2415 963 2442 cui
982 2421 1071 2442 tamen

285 2464 336 2490 hac
358 2470 423 2490 voce
441 2463 479 2489 uti
504 2462 595 2489 libeat.
610 2462 678 2488 Nam
697 2462 766 2495 quod
789 2462 904 2496 primum
927 2465 978 2494 est,
992 2469 1072 2495 supra

285 2513 410 2536 naturam
430 2515 538 2542 quoque
554 2513 605 2535 est.
623 2507 723 2534 llarum
738 2512 826 2534 autem
847 2507 931 2534 altera
952 2506 1073 2533 eﬁectrix

285 2559 337 2586 est,
355 2559 382 2581 et
398 2554 532 2588 princeps,
549 2561 581 2580 ac
596 2558 684 2581 motus
694 2560 808 2588 expers:
824 2554 908 2580 altera
927 2552 1032 2584 ellecta,
1048 2557 1074 2579 et.

323 2612 345 2627 δ’
360 2609 412 2637 lsa.
429 2618 494 2642 LXII,
510 2610 536 2636 4.
576 2610 598 2626 ⁵³
614 2611 664 2638 lsa.
686 2618 741 2643 LIV,
757 2610 806 2642 19.;
825 2618 868 2641 LX,
889 2610 933 2637 18.

322 2668 378 2704 (75)
397 2667 451 2696 Καὶ
477 2668 497 2702 ὴ
518 2667 630 2702 πρώην.
657 2668 753 2696 Comh.
772 2668 893 2696 detracto
911 2670 939 2702 ή,
968 2668 1069 2695 vertit:

288 2708 397 2731 «vestra
413 2704 510 2731 nudius
525 2704 620 2731 tertius
637 2704 789 2737 celebritas,
810 2712 843 2731 ac
853 2708 1009 2731 conventus.
1024 2713 1033 2728 ι

321 2738 377 2773 (74)
398 2739 492 2765 Πόλιν
504 2738 657 2773 πελάγιον.
672 2738 731 2765 Bill.
761 2748 770 2765 ι
797 2740 928 2766 marinam
943 2738 1047 2765 urbem.
1060 2747 1069 2763 ι

321 2772 376 2809 (75)
393 2773 557 2809 ῨξΥΰριστὰς
582 2774 641 2801 τῶν
673 2774 743 2801 ἄνω.
765 2774 857 2802 Schol.
892 2772 1074 2805 Κακοδοξοῦν-

285 2807 333 2840 τας
343 2817 351 2824 ·
367 2807 379 2833 ⁷(
393 2807 550 2836 Ηιιδι-ειιεοδ.
563 2818 572 2834 ι

321 2843 378 2878 (76)
396 2843 526 2870 Οῑεσθιιι.
539 2843 584 2870 Sic
601 2843 646 2870 0r.
660 2844 686 2870 2,
700 2843 727 2870 In
742 2845 784 2871 ed.
798 2844 895 2871 οἴεσθε.

323 2878 380 2914 (77)
394 2878 484 2906 Αὐτοὶ
495 2878 530 2905 δὲ
544 2878 585 2914 μὴ
597 2879 742 2907 συνιέναι.
761 2889 770 2905 ι
781 2879 834 2908 Vos
847 2885 934 2908 autem
954 2888 1006 2910 non
1020 2887 1073 2908 una

971 2609 993 2625 ⁶⁶
1007 2610 1102 2637 Matth.

1158 2283 1199 2307 Ην.
1216 2279 1268 2306 Δύο
1287 2279 1418 2315 διαφορὰς
1439 2281 1468 2306 ἐν
1483 2281 1540 2311 τοῖς
1558 2277 1617 2306 οὖσι
1635 2278 1760 2313 γινώσκω
1778 2279 1828 2309 τὰς
1842 2279 1908 2304 ἀνω-

1119 2326 1202 2358 τάτω,
1217 2325 1374 2352 δεσποτείαν
1386 2333 1416 2351 τε
1431 2325 1477 2352 καὶ
1492 2325 1629 2352 δουλείαν·
1647 2325 1695 2359 οὐχ
1709 2324 1741 2355 ἃς
1754 2324 1818 2359 παρ’
1830 2324 1904 2358 ἡμῖν,

1120 2372 1136 2405 ἥ
1153 2371 1279 2407 τύραννις
1293 2372 1401 2407 ἔτεμεν,
1415 2372 1431 2406 ἢ
1447 2372 1526 2398 πενία
1544 2372 1694 2407 διέστησεν,
1711 2370 1767 2397 ἀλλ’
1782 2370 1815 2401 ἃς
1828 2370 1906 2404 φύσις

1120 2415 1254 2452 διώρισεν,
1274 2417 1301 2442 εῐ
1310 2425 1350 2451 τῳ
1366 2416 1441 2451 φίλον
1459 2416 1529 2443 οὕτω
1543 2416 1644 2442 καλεῖν.
1661 2415 1697 2442 Τὸ
1718 2415 1774 2450 γὰρ
1790 2415 1904 2450 πρῶτον,

1121 2463 1167 2488 καὶ
1187 2462 1256 2498 ὑπὲρ
1272 2462 1322 2498 τὴν
1343 2462 1434 2497 φύσιν.
1457 2461 1565 2488 Τούτων
1579 2462 1617 2494 δὲ,
1640 2463 1663 2496 ἡ.
1676 2461 1724 2496 μὲν
1741 2460 1867 2496 ποιητική
1878 2459 1906 2485 τέ

1120 2508 1188 2536 ὲστι,
1205 2508 1251 2534 καὶ
1271 2507 1383 2543 ἀρχικὴ,
1407 2508 1454 2534 καὶ
1469 2507 1612 2542 ἀκίνητος·
1639 2508 1656 2542 ή
1678 2507 1706 2532 δὲ
1727 2505 1904 2542 πεποιημένη.

1121 2553 1168 2579 καὶ
1183 2553 1234 2579 ὑπὸ
1248 2554 1338 2588 χεῖρα,
1351 2553 1398 2579 καὶ
1415 2552 1632 2587 μεταπίπτονσα.
1647 2551 1702 2577 Καὶ
1714 2550 1755 2576 ἔτι
1773 2548 1906 2583 συντομώ-

1118 2618 1184 2642 xxtt,
1199 2610 1244 2636 21.
1283 2610 1305 2625 °'
1317 2609 1394 2636 llutn.
1410 2617 1471 2641 xm,
1490 2609 1515 2636 7.
1555 2609 1576 2623 “
1590 2608 1668 2636 Prov.
1689 2616 1726 2639 tx,
1743 2607 1760 2634 5

1125 2667 1279 2704 convenire.
1292 2677 1301 2693 ›
1320 2668 1386 2694 Tota
1402 2671 1490 2694 textus
1505 2665 1589 2704 series
1609 2665 1738 2704 postulat,
1752 2669 1781 2690 ut
1794 2664 1838 2704 sic
1856 2665 1908 2704 hate

1125 2703 1205 2729 verba
1231 2703 1387 2733 reddantur.
1407 2701 1552 2734 repetendo
1572 2700 1700 2728 συνιέναι.
1712 2708 1726 2726 a
1744 2700 1828 2726 verbo
1847 2700 1908 2725 σύν-

1125 2746 1199 2769 ειμι,
1223 2747 1232 2762 (
1253 2737 1394 2764 convenio.
1408 2746 1417 2762 ι
1444 2736 1538 2763 Billius
1563 2744 1576 2762 a
1589 2735 1710 2769 Gregorii
1725 2741 1814 2761 mente
1835 2734 1907 2760 aber-

1125 2778 1191 2811 rat,‘
1204 2773 1267 2799 dum
1295 2780 1310 2798 a
1326 2773 1411 2799 verbo
1426 2772 1548 2811 συνιήμι,
1561 2771 1718 2811 ἅίιιιεΙίίεο,
1730 2779 1739 2795 ›
1759 2769 1867 2804 repetit,
1880 2775 1909 2794 ac

1123 2807 1206 2834 vertit
1219 2816 1225 2834 :
1243 2815 1311 2840 (vos
1322 2811 1418 2834 contra
1431 2814 1484 2834 non
1496 2805 1665 2840 intelligere.
1680 2815 1689 2830 ι

1139 2842 1216 2886 7(78)
1233 2839 1282 2874 οἷς
1309 2850 1351 2877 γε.
1369 2840 1476 2874 Comb.,
1503 2841 1530 2867 οἵ
1546 2837 1605 2874 ys.‘
1620 2839 1647 2867 In
1668 2838 1839 2875 quibusdam,
1865 2837 1909 2864 καὶ

1124 2887 1164 2910 οις
1180 2886 1220 2912 γε.
1432 2899 1436 2903 .
