2029 3127
125 194 179 222 249

502 197 629 225 ORATIO
648 197 768 223 XXXIV.
789 212 824 216 —
844 197 875 223 LV
897 197 1135 225 :EGYl’TlOliUM
1158 197 1358 225 ΑΙΝΕΝΤΗΜ,

1696 191 1746 224 230

122 267 206 296 τερον
221 259 318 292 εἰπεῖν,
340 259 357 294 ἡ
376 258 424 293 μὲν
448 258 518 293 ὑπὲρ
539 257 643 292 χρόνον,
661 259 677 292 ἡ
693 257 721 283 δὲ
741 258 792 283 ὑπὸ
807 257 911 291 χρόνον.

966 259 1077 292 imperio
1100 258 1216 292 subjecta
1240 263 1267 285 et
1289 258 1398 284 caduca.
1412 260 1510 290 atque,
1526 261 1555 283 tit
1574 257 1746 292 compendio-

125 306 257 333 Καλεῖται
269 305 297 332 δὲ
314 306 330 340 ἡ
349 305 407 340 μὲν,
428 303 504 336 Θεὸς,
521 304 566 330 καὶ
577 305 605 330 ἐν
617 304 691 338 τρισὶ
704 305 759 335 τοῖς
777 304 913 338 μεγίστοις

126 351 246 383 ἵσταται,
266 351 355 385 αἰτίῳ,
374 351 421 376 καὶ
439 349 605 385 δημιουργῷ,
624 350 668 375 καὶ
686 349 857 384 τελει(ιποιῷ’
875 349 913 383 τῷ

125 397 217 432 Hirpi.
230 397 311 430 λέγω,
326 397 371 423 καὶ
382 396 420 432 τῷ
433 395 501 430 Υἱῷ,
518 395 564 422 καὶ
579 395 617 429 τῷ
629 395 698 429 ἁγίω
713 395 861 429 lli/stipam.
880 395 912 420 "A

129 443 198 478 μήτε
214 442 299 474 οὕτως
316 442 439 477 ἀλλήλων
458 441 692 477 ὰπὴρτηται(79),
715 441 752 472 ὡς
772 440 850 474 φύσει
867 441 908 466 τέ‹

129 487 257 523 μνεσθαι*
276 488 343 522 μήτε
357 487 441 517 οὕτως
453 486 599 512 ὲστένωται
611 488 676 519 (80),
686 486 722 516 ὡς
740 486 778 516 εἰς
790 485 818 511 ἓν
830 485 913 520 πρόσ-

108 542 202 564 ,ωπον
234 532 469 568 περιγράφεσθαι·
493 532 524 558 τὸ
547 532 596 566 μὲν
618 532 673 567 γὰρ
694 533 744 565 τῆς
771 530 912 566 ’Λρειανῆς

129 579 240 614 μανίας,
262 580 292 606 τὸ
310 579 338 605 δὲ
354 579 403 614 τῆς
418 578 690 612 ῂϐελλιανικῆςβι)
709 577 802 608 ἀοεῖας
822 577 910 603 ἐστίν·

84 647 91 654 .
126 625 185 652 ἀλλ’
196 626 265 656 ἐστι,
279 625 332 651 τῶν
348 625 396 660 μὲν
411 625 498 660 πάντη
517 624 658 659 ὄιαιρετῶν
680 623 838 657 ὲνικωτέρα,
857 622 912 648 τῶν

125 672 154 698 δὲ
172 671 281 702 τελείως
291 671 344 705 (82)
365 670 515 706 μοναδικῶν
541 669 726 704 ἁψῆονωτέρα.
747 669 777 694 'Il
799 668 826 694 δὲ
852 667 910 702 μεὺ’

126 717 206 751 ἡμῶν
218 716 248 743 τέ
267 717 336 749 ἐστι,
356 716 403 743 καὶ
422 715 544 742 καλεῖται
559 715 655 747 κτίσις,
675 714 726 741 κᾶν
745 713 810 740 ἄλλα
825 713 911 739 ἄλλων

126 763 276 798 ὑπεραίρῃ,
295 763 364 789 κατὰ
379 763 427 798 τὴν
441 761 586 795 ἀναλογίαν
603 761 652 796 τῆς
677 760 743 795 πρὸς
767 758 831 784 Θεὸν
855 759 910 793 (85)

126 809 286 842 ὲγγύτητος.

963 305 1019 330 sius
1043 304 1130 330 adhuc
1150 304 1256 338 loquar,
1271 302 1354 330 altera
1375 309 1455 336 supra
1475 307 1578 336 tempus
1597 307 1647 335 est,
1661 302 1744 330 altera

966 349 1077 383 tempori
1100 349 1202 375 subest.
1221 347 1339 374 Vocatur
1354 353 1444 374 autem
1465 347 1508 373 illa
1529 347 1648 381 quidem,
1662 346 1744 379 Deus,

963 400 988 420 et
1005 395 1029 420 in
1049 394 1134 420 trihtts
1157 393 1281 420 maximis
1293 393 1430 424 consiSIit,
1445 393 1470 420 in
1484 400 1577 424 cauSa,
1593 393 1618 419 in
1637 392 1744 427 opifice,

963 437 988 463 iu
1012 437 1172 471 perfectore;
1201 437 1250 463 hoc
1272 441 1321 467 est.
1343 437 1369 463 iii
1391 436 1481 469 Patre,
1504 436 1570 463 Filio
1593 441 1618 464 et
1642 437 1744 472 Spiritu

964 485 1067 506 sam-to.
1083 480 1131 511 Qui
1149 480 1257 513 quidem
1282 487 1330 507 nec
1347 481 1382 506 ita
1402 480 1473 507 inter
1487 487 1516 507 se
1534 481 1655 508 distracti
1672 487 1744 511 sunt,

964 531 992 551 ut
1006 529 1100 552 natura
1118 526 1295 553 scindantur:
1313 533 1361 553 nec
1382 534 1474 553 rur5us
1491 526 1527 553 ila
1545 527 1570 553 in
1585 532 1688 554 erctum
1707 536 1747 554 re-

963 573 1039 598 dacta
1056 577 1162 602 natura,
1181 576 1207 598 ut
1220 572 1245 598 in
1259 579 1339 598 unam
1351 572 1590 598 circutnscribatur
1603 579 1746 606 personam

963 618 1039 652 (illati
1063 617 1135 644 enim
1152 623 1193 644 est
1215 617 1312 644 furoris
1330 617 1432 650 Ariani,
1454 618 1504 644 hoc
1521 617 1680 644 SilelllalliB
1698 618 1748 644 im-

963 662 1094 697 pietatis);
1108 663 1153 689 sed
1172 668 1199 688 ut
1215 663 1299 697 magis
1317 663 1462 698 singularis
1473 669 1524 695 est,
1540 672 1620 697 quam
1633 670 1674 695 ea,
1688 671 1747 697 qua:

964 710 989 734 iu
1013 709 1173 735 divisionem
1199 709 1309 735 omnino
1329 709 1440 741 cadtint,
1455 709 1490 736 ita
1507 709 1649 744 copiosior,
1665 717 1744 744 quam

962 761 993 780 ca
1014 760 1072 787 qum
1097 761 1206 787 prorsus
1227 753 1374 788 singularia
1398 759 1471 781 sunt.
1493 753 1554 780 "me
1576 761 1640 781 vero
1662 754 1746 782 altera

963 799 1101 825 uobiscum
1113 803 1164 830 est,
1182 806 1214 825 ac
1227 804 1350 826 creattira
1367 800 1535 833 nominatur;
1554 799 1658 827 tametsi
1677 800 1747 827 inter

963 851 1005 870 res
1023 849 1129 870 creatas
1148 844 1206 870 alite
1223 845 1282 871 aliis
1298 844 1428 879 dignitate
1451 849 1589 878 priestent,
1609 850 1687 872 orout
1707 846 1746 873 vi-

963 890 1060 916 delicet
1075 897 1188 924 qumque
1205 889 1289 917 Deum
1307 891 1482 925 propinquius
1496 892 1610 927 attingit.

160 946 201 974 8'.
214 946 322 973 Τούτων
343 945 372 972 δὲ
393 945 480 976 οὕτως
494 944 618 979 ἐχόντων,
640 944 693 978 ὅτῳ
709 953 757 979 μεν
777 952 793 978 η
813 944 910 979 καρδία

998 934 1080 970 624
1094 934 1139 961 IX.
1153 935 1218 968 Qua:
1231 944 1290 962 culll
1304 937 1340 962 ita
1354 944 1383 963 se
1397 937 1524 967 habeant,
1542 937 1564 963 si
1578 938 1638 972 quis
1652 945 1699 965 cor
1713 940 1746 966 ad

123 991 194 1026 πρὸς
205 991 319 1025 Κύριον,
339 991 387 1017 ιτω
407 989 465 1025 μεθ’
478 989 566 1024 ἡμῶν,
586 989 633 1015 καὶ
653 988 848 1024 προσκυνῶμεν
861 988 909 1023 τὴν

124 1038 191 1074 μιαν
202 1038 232 1064 ὲν
247 1039 303 1069 τοῖς
315 1037 388 1072 τρισὶ
400 1036 524 1071 θεότητα,
540 1035 623 1071 μηδὲν
642 1035 833 1070 ταπεινότητος
849 1035 909 1061 ὅνο-

125 1092 164 1119 μα
176 1084 210 1118 τῇ
225 1082 366 1117 ἀπροσίτῳ
374 1081 438 1117 δόξῃ
449 1080 640 1116 προσάγοντες,
654 1080 722 1106 ἀλλὰ
732 1079 781 1111 τὰς
793 1079 910 1114 ὑψώσεις

121 1129 170 1155 τοῦ
187 1127 246 1160 ἑνὸς
261 1127 327 1154 Θεοῦ
342 1128 370 1153 ὲν
384 1127 440 1157 τοῖς
450 1126 524 1161 τρισὶ
539 1125 685 1156 διαπαντὸς
701 1126 728 1151 ὲν
742 1124 782 1160 τῷ
794 1125 910 1160 λάρυγγι

122 1173 263 1209 φέροντες.
273 1169 326 1203 Ἦς
338 1171 392 1206 γὰρ
405 1171 466 1197 οὐδὲ
478 1170 592 1206 μέγεθος
603 1169 710 1204 φύπεως
724 1169 826 1204 κυρίως
837 1169 910 1196 ἐστιν

122 1219 222 1249 εἰπεῖν,
236 1217 280 1244 διὰ
297 1217 327 1243 τὸ
346 1217 459 1251 ἄπειρον
476 1216 523 1242 καὶ
535 1215 672 1251 ἀόριστον,
693 1215 752 1247 πῶς
767 1214 852 1250 ταύτῃ
863 1223 910 1241 τα-

121 1263 272 1298 πεινότητα
294 1262 488 1297 ἐπεισάξομεν;
511 1262 607 1293 Ὅστις
630 1261 659 1288 δὲ
685 1261 831 1296 ἀλλοτρίως
854 1261 908 1296 ἔχει

121 1308 202 1342 Θεοῦ,
214 1309 262 1335 καὶ
277 1308 321 1335 διὰ
332 1308 410 1334 τοῦτο
421 1308 514 1342 τέμνει
526 1307 576 1343 τὴν
589 1307 652 1342 μίαν
675 1308 722 1333 καὶ
738 1307 808 1342 ὑπὲρ
822 1307 910 1333 πάντα

121 1354 156 1381 τὰ
169 1355 236 1381 ὅντα
244 1353 299 1389 (84)
311 1353 402 1380 οὐσίαν
413 1354 453 1384 εἰς
462 1353 608 1388 ἀνισότητα
619 1353 735 1387 φύσεων,
744 1352 907 1387 Θαυμαστὸν,

121 1401 147 1427 εἰ
161 1399 200 1436 μὴ
216 1401 251 1434 τῇ
267 1399 386 1435 ῥομφαίᾳ
406 1398 585 1434 τμηθήσεται,
609 1398 655 1424 καὶ
678 1398 708 1424 τὸ
728 1398 809 1434 μέρος
827 1397 909 1424 αὐτοῦ

123 1446 194 1482 μετὰ
209 1445 263 1472 τῶν
287 1445 408 1472 ἀπίστων
428 1444 584 1479 τεθήσεται,
603 1443 721 1479 πονηρδν
743 1443 909 1478 δρεπομένου

123 1492 248 1526 πονηρᾶς
260 1490 339 1526 δόξης
351 1491 465 1526 καρπὸν,
479 1490 526 1516 καὶ
537 1489 584 1516 νῦν
595 1490 642 1516 κα).
652 1489 774 1524 ὕστερον.

158 1625 188 1650 l'.
202 1624 270 1659 Περὶ
283 1623 332 1659 μὲν
343 1622 397 1658 γὰρ
415 1623 461 1649 τοῦ
481 1623 597 1657 Ila-rpite,
613 1622 639 1648 τί
650 1622 704 1658 χρὴ
714 1622 761 1649 καὶ
771 1622 868 1656 λέγειν,
880 1619 910 1648 οὗ

122 1672 172 1698 καί
191 1670 223 1696 τὸ
246 1669 322 1705 παρὰ
342 1669 450 1695 πάντων
469 1668 679 1704 συγκεχωρηκὸς
700 1667 836 1702 φείδεσθαι
855 1667 911 1703 (85)

122 1719 184 1749 ταῖς
201 1717 329 1751 φυσικαῖς
354 1715 469 1747 ἐννοίαις
488 1715 767 1750 προκατειλημμένων
790 1714 860 1750 (86);
881 1715 912 1740 Εὶ

123 1762 172 1789 καὶ
187 1762 238 1796 τῆς
249 1761 361 1796 ἀτιμίας
372 1761 407 1788 τὰ
417 1760 514 1796 πρῶτα
523 1759 667 1795 ἠνέγκατο,
682 1760 788 1796 πρῶτος
799 1759 913 1794 τμηθεὶς

123 1811 165 1841 εἰς
172 1808 286 1843 ’Δγαθὸν
297 1808 344 1834 καὶ
350 1810 387 1842 Δη
392 1808 520 1843 μιουργὸν
526 1807 580 1842 (87)
589 1807 664 1842 παρὰ
671 1808 720 1842 τῆς
727 1807 842 1842 ἀρχαίας
849 1816 910 1834 και-

123 1854 262 1890 νοτομίας.
275 1854 343 1889 Περὶ
353 1853 381 1880 δὲ
393 1852 438 1879 τοῦ
451 1852 526 1885 Υἰοῦ,
538 1853 585 1879 καὶ
596 1852 642 1879 τοῦ
654 1852 732 1886 ἁγίου
741 1852 909 1888 Πνεύματος,

125 1901 252 1928 σκοπεῖτε
267 1899 305 1931 ὡς
325 1898 418 1930 ἁπλῶς
435 1898 481 1926 καὶ
498 1898 638 1933 συντόμως
653 1897 837 1933 διαλεξώμεῦα
849 1918 856 1924 .
878 1898 909 1924 El

125 1946 176 1982 μέν
191 1953 234 1976 τις
247 1944 303 1980 ἔχοι
315 1944 418 1970 τούτων
429 1952 456 1970 τι
467 1943 559 1979 λέγειν
569 1943 624 1978 (88)
643 1943 758 1979 ’πρεπτὸν
770 1943 786 1978 ἦ
799 1943 910 1969 ἀλλοιω-

123 1993 182 2025 τὸν,
199 1991 216 2026 ἢ
231 1990 329 2026 χρόνῳ,
349 1990 366 2024 ἦ
390 1989 474 2024 τόπῳ,
492 1989 509 2024 ἢ
530 1989 655 2024 δυνάμει,
675 1989 690 2024 ἢ
711 1989 836 2025 ἐνεργείᾳ
859 1998 909 2024 με·

124 2037 283 2073 τρούμενον,
298 2035 314 2071 ἦ
326 2036 357 2062 οὒ
371 2035 492 2070 φυσικῶς
507 2035 618 2069 ἀγαθὸν,
630 2036 646 2070 ἢ
659 2036 709 2062 οὐκ
723 2035 908 2070 αὐτοκίνητον,

124 2083 142 2118 ἢ
153 2082 204 2109 οὐκ
214 2081 396 2114 αὐτεξούσιον,
407 2081 423 2116 ἢ
434 2081 598 2116 λειτουργὸν,
610 2081 626 2116 ἢ
640 2080 770 2116 ὑμνῳδὸν,
785 2080 800 2116 ἦ
814 2081 910 2114 φοϐού-

127 2138 218 2165 μενον,
235 2129 253 2164 ἢ
275 2127 518 2164 ὲλευθερούμενον,
549 2127 566 2162 ἢ
589 2127 618 2153 οὺ
644 2126 907 2162 συναριθμούμενον·

124 2174 257 2201 δεικνύτω
283 2174 378 2205 τοῦτο,
404 2173 451 2200 καὶ
472 2174 552 2208 ἡμεῖς
573 2173 736 2209 στέρξομεν,
761 2173 909 2200 συνδούλων

963 981 1104 1008 Dominum
1117 982 1206 1013 habet,
1222 982 1359 1009 nobiscum
1374 982 1504 1016 jungatur
1514 983 1547 1015 θ’,
1564 988 1644 1018 atque
1665 991 1746 1011 unam

963 1028 987 1053 iti
1005 1027 1090 1054 tribus
1117 1028 1240 1061 personis
1258 1027 1390 1055 Deitatem
1410 1028 1563 1061 adoremus,
1581 1029 1681 1056 nullum
1697 1030 1748 1057 hu-

963 1073 1086 1100 utilitatis
1101 1081 1201 1100 nomen
1218 1073 1396 1101 it-accessibili
1415 1075 1506 1108 gloria:
1526 1075 1686 1108 tribuentes,
1700 1075 1746 1102 sed

962 1120 1041 1146 unius
1059 1119 1102 1146 Dei
1126 1119 1151 1146 in
1170 1119 1256 1146 tribus
1270 1120 1392 1154 personis
1407 1120 1584 1148 exaltationes
1596 1128 1703 1155 semper
1721 1122 1746 1148 in

961 1169 1070 1199 gutture
1089 1164 1208 1192 ferentes
1220 1165 1253 1191 ‘“.
1270 1165 1352 1200 Cujus
1377 1165 1449 1207 enim
1476 1173 1510 1192 ne
1533 1166 1746 1200 magnitudinem

961 1211 1068 1245 quidem
1083 1215 1196 1242 naturae,
1209 1215 1318 1245 propter
1332 1211 1463 1238 inﬁnitam
1483 1216 1510 1238 et
1531 1211 1611 1239 nullis
1626 1212 1748 1239 terminis

961 1257 1092 1284 inclusam
1113 1257 1197 1291 ipsius
1211 1257 1276 1288 vitii.
1294 1257 1401 1291 praprie
1417 1257 1507 1284 dicere
1523 1264 1677 1292 possumus,
1694 1263 1749 1291 quo

962 1303 1068 1330 tandem
1094 1303 1173 1330 modo
1195 1303 1244 1335 ipsi
1267 1303 1446 1330 humilitatem
1469 1303 1649 1331 inducemus?
1668 1303 1747 1337 Quis-

961 1349 1021 1384 quis
1036 1353 1124 1376 autem
1142 1356 1156 1375 a
1169 1349 1222 1376 Deo
1236 1349 1342 1376 alienus
1357 1353 1384 1376 et
1397 1356 1507 1376 aversus
1523 1354 1574 1381 est,
1588 1349 1622 1376 ob
1635 1357 1748 1384 eamque

960 1402 1081 1426 causam,
1098 1402 1178 1421 tmatn
1194 1394 1266 1421 illam
1288 1395 1419 1429 rebusque
1434 1395 1560 1422 omnibus
1577 1395 1746 1430 superiorem

960 1441 1105 1468 essentiam
1132 1441 1158 1467 iit
1180 1441 1302 1475 dispares
1316 1444 1428 1468 naturas
1451 1441 1556 1474 dividit,
1573 1441 1670 1468 tnirum
1682 1448 1749 1468 sane

961 1478 1052 1519 fuerit,
1067 1487 1089 1514 si
1115 1494 1168 1514 non
1186 1487 1243 1522 ipse
1258 1487 1348 1521 gladio
1365 1487 1508 1520 dividatur,
1526 1494 1644 1521 parsque
1663 1487 1747 1522 ipsius

961 1540 1020 1560 eum
1036 1533 1187 1560 iuiidelibus
1198 1537 1313 1566 ponatur
1324 1533 1356 1565 ‘9,
1372 1539 1484 1567 pravum
1501 1540 1589 1567 prava:
1607 1534 1748 1561 sentetttiie

962 1579 1091 1609 fructum,
1106 1583 1134 1605 et
1148 1586 1228 1610 nunc,
1243 1583 1267 1605 et
1282 1583 1373 1613 postea
1388 1579 1571 1612 percipientis.

924 1615 946 1645 Ο
997 1624 1033 1651 Χ.
1051 1624 1090 1651 Ac
1105 1624 1137 1651 de
1150 1623 1231 1651 Patre
1243 1624 1362 1658 quidem,
1378 1623 1443 1657 quid
1462 1623 1552 1651 dicere
1569 1631 1679 1652 necesse
1696 1629 1747 1658 est,

961 1670 1002 1697 cui
1016 1677 1069 1697 uno
1082 1677 1214 1697 consensu
1229 1677 1334 1702 omnes,
1350 1670 1518 1697 naturalibus
1534 1670 1616 1697 animi
1634 1670 1748 1697 notioni-

961 1717 1011 1744 bus
1025 1716 1113 1744 edocti
1126 1721 1207 1750 atque
1219 1715 1325 1749 imbuti,
1342 1716 1475 1750 parcunt?
1491 1715 1650 1750 Quanquam
1666 1717 1747 1743 etiam

961 1763 1062 1798 primas
1077 1763 1230 1796 ignominia:
1241 1762 1311 1793 tulit,
1328 1766 1419 1796 utpote
1430 1762 1475 1796 qui
1489 1762 1592 1796 priuius
1605 1763 1630 1788 in
1644 1761 1747 1787 Bonum

962 1814 990 1836 et
1005 1808 1134 1842 Opiﬁcem
1152 1816 1167 1835 a
1185 1808 1280 1843 priscis
1301 1809 1475 1835 novatorihus
1496 1808 1628 1835 dissectus
1641 1813 1692 1835 est.
1712 1808 1747 1835 De

963 1851 1031 1878 Filio
1043 1858 1131 1878 autem
1148 1856 1175 1878 et
1191 1852 1294 1886 Spiritu
1315 1857 1419 1884 sancto,
1436 1852 1525 1879 videte
1549 1860 1628 1887 quam
1644 1853 1743 1886 simpli-

963 1897 1030 1924 citer
1043 1903 1070 1924 et
1087 1898 1204 1925 breviter
1223 1898 1399 1925 disseramus.
1422 1897 1450 1925 Si
1474 1899 1534 1932 quis
1555 1899 1651 1925 horum
1669 1898 1746 1925 alter-

963 1948 1064 1977 utrum,
1080 1943 1119 1970 Vel
1134 1944 1301 1970 conversioni
1314 1948 1361 1970 aut
1374 1944 1517 1971 mutationi
1529 1945 1650 1975 subesse,
1664 1944 1704 1971 vel
1722 1945 1746 1971 iu

963 1989 1102 2024 temporis,
1125 1993 1172 2016 aut
1196 1989 1258 2019 loci,
1281 1995 1327 2015 aut
1352 1989 1487 2023 potentite,
1514 1993 1560 2016 aut
1584 1989 1746 2024 operationis

964 2042 1116 2061 mensuram
1134 2034 1241 2066 cadere,
1256 2035 1297 2060 vel
1319 2042 1371 2060 non
1399 2039 1496 2061 natura
1509 2034 1618 2066 bonum,
1632 2034 1673 2061 vel
1695 2042 1746 2061 non

964 2087 1011 2115 per
1025 2087 1054 2107 se
1068 2081 1181 2112 moveri,
1195 2080 1237 2107 vel
1256 2080 1362 2107 arbitrii
1379 2080 1503 2107 libertate
1522 2088 1625 2114 carere,
1643 2080 1684 2107 vel
1699 2080 1745 2107 itii-

964 2127 1089 2159 uistrum,
1101 2126 1142 2154 vel
1156 2127 1251 2154 divinat
1263 2126 1348 2153 laudis
1361 2131 1510 2158 cautorem,
1525 2127 1567 2154 vel
1586 2132 1746 2154 metuentem

963 2173 1004 2199 vel
1022 2173 1147 2200 libertate
1161 2172 1299 2206 donatum,
1315 2173 1355 2200 vel
1370 2181 1424 2200 non
1438 2173 1516 2200 simul
1530 2181 1591 2200 cum
1603 2173 1682 2200 Patre
1696 2176 1744 2200 iiu~

124 2220 270 2256 σεμνότητι
285 2219 468 2254 δοξαζόμενοι,
485 2220 509 2245 εἰ
527 2219 573 2245 καὶ
592 2219 658 2245 Θεὸν
677 2218 858 2254 ζημιούμεθα.
878 2219 909 2245 El

962 2224 1105 2252 meratum,
1123 2220 1212 2247 dicere
1228 2225 1332 2254 potest;
1348 2220 1399 2247 hoc
1409 2219 1544 2252 ostendat,
1558 2224 1584 2247 et
1595 2219 1739 2253 acquiesce-

178 2288 201 2304 ⁸⁷
215 2288 298 2316 Exod.
315 2296 400 2320 uini,
415 2287 460 2314 26.
498 2287 520 2302 ⁸⁸
535 2286 605 2314 Psal.
620 2294 710 2320 cxttx,
723 2287 749 2314 ϐ.
787 2287 809 2302 ⁶⁹
823 2286 887 2314 Luc.
905 2295 952 2318 xn,
967 2287 1008 2314 46.

161 2369 220 2404 (⁸19)
240 2369 424 2404 Ἀπηρτηται.
456 2367 539 2404 (ἒμιίδΙ.
555 2367 582 2404 ﬂ,
604 2367 730 2404 διῄρηται
746 2367 784 2398 ὡς
797 2367 835 2404 εἰς
850 2367 912 2402 τρία

161 2377 220 2404 (ιθ)
244 2377 424 2400 Anim-nitar.
456 2377 539 2395 h'llSI.
556 2377 582 2399 ι,
604 2377 730 2428 conparat
746 2377 784 2398 ως
797 2377 835 2398 εις
850 2377 912 2402 τρια

124 2404 229 2438 ἔκφυλα
243 2403 289 2429 καὶ
304 2402 431 2438 ἀλλότρια
452 2402 612 2437 τέμνεσθαι·
646 2412 655 2427 ι
689 2412 722 2429 on
741 2403 776 2428 ita
799 2403 865 2427 inter
883 2410 912 2429 se

124 2438 377 2469 diriiuuntur,utin
394 2443 447 2464 tres
472 2439 592 2464 diversas
616 2443 696 2470 atque
721 2438 822 2464 alienas
845 2438 912 2464 divi-

125 2477 224 2500 dantur
239 2478 381 2508 naturas.)
401 2471 427 2498 lu
443 2473 588 2508 nonnullis.
602 2472 751 2508 ἀπῄρηται.

161 2509 219 2543 (80)
235 2508 315 2542 Μήτε
333 2507 427 2540 οὕτως
439 2507 607 2539 ἐστένωται,
625 2506 678 2534 etc.
690 2506 802 2541 Nempe,
817 2506 912 2533 δεσπο-

124 2543 196 2576 τεία,
220 2543 396 2572 (dominatio,
407 2551 416 2567 ι
446 2543 471 2568 id
483 2547 533 2574 est,
563 2551 572 2567 ι
585 2547 678 2569 natura
696 2543 794 2572 divitia,
809 2552 817 2567 ι
849 2550 907 2573 seti,

127 2587 139 2604 ι
153 2578 303 2605 essentia.)
329 2577 375 2603 Sic
390 2577 471 2604 etiam
491 2577 523 2603 ad
542 2582 664 2604 naturain
689 2577 817 2610 divinam,
837 2577 909 2604 rei‘e—

127 2614 210 2640 renda
224 2617 287 2640 sunt
301 2612 440 2647 sequentia
454 2614 545 2643 verba,
565 2612 722 2647 ἑνικωτέρα,
739 2617 771 2647 νει
790 2611 910 2646 ἀφθονω-

126 2648 204 2683 τέρα.
225 2647 282 2674 Νοιι
312 2647 382 2674 bene
403 2646 494 2683 Dillius
511 2647 544 2674 ad
557 2646 685 2683 personas
696 2646 794 2683 refert,
809 2655 867 2680 qua:
878 2648 911 2674 de

129 2681 238 2714 natura,
251 2689 298 2709 seu
310 2681 426 2709 essentia
441 2682 528 2709 divina
549 2681 719 2716 intelligenda
740 2683 909 2708 manifestum

126 2722 186 2751 est;
211 2724 291 2751 atque
305 2716 398 2749 etiam,
427 2721 456 2743 ut
470 2716 506 2743 ita
523 2717 714 2751 intelligantur,
735 2724 798 2751 satia
819 2721 910 2751 postu-

127 2752 166 2779 lat
179 2750 325 2786 theologia.
344 2751 390 2778 Sic
410 2751 482 2778 enim
507 2751 593 2779 locum
611 2750 693 2779 vertit
711 2762 716 2778 :
738 2760 746 2776 ι
758 2750 864 2778 Νοοίιο
884 2751 909 2778 in

127 2793 232 2814 arctunt
251 2786 363 2817 redacti,
381 2791 410 2812 ut
434 2786 459 2812 in
472 2794 552 2813 unam
571 2793 713 2819 personam
731 2786 910 2818 includantur,

127 2827 155 2849 et
179 2822 436 2849 circumscribe-itur
531 2822 577 2847 sed
600 2827 628 2846 ut
653 2821 737 2855 magis
761 2822 910 2855 singulares

129 2863 203 2889 sunt,
217 2864 298 2891 quam
309 2863 353 2888 ea,
374 2863 434 2889 quae
448 2856 474 2883 in
505 2856 664 2883 divisionem
675 2857 785 2883 omnino
801 2858 910 2887 cadunt,

127 2891 166 2919 ita
186 2898 285 2919 rursus
300 2891 468 2924 copiosiores
483 2895 555 2924 sunt,
572 2898 651 2925 quam
668 2898 709 2922 ea,
731 2899 790 2925 qua:
802 2900 911 2925 proisus

127 2926 275 2962 singularia
288 2930 361 2953 sunt.
375 2934 384 2951 ν

961 2401 968 2408 κ
998 2367 1311 2407 (8_l)£a6e.1.11armﬁq.
1325 2369 1381 2396 Duo
1390 2369 1474 2405 Regg.
1490 2375 1514 2397 et
1529 2370 1634 2401 Comb.,
1646 2367 1741 2395 Σαϐελ-

961 2411 1199 2472 ΛιῗὲἓῖΤελείως.
1214 2437 1297 2465 Coisl.
1313 2439 1324 2465 l
1340 2443 1367 2465 et
1380 2438 1485 2471 Comb.,
1501 2439 1648 2470 παντελῶς.

997 2473 1052 2506 (85)
1067 2473 1146 2509 Πρρς
1162 2474 1244 2509 θεόῃ.
1265 2475 1291 2499 In
1303 2474 1447 2509 nonnullis,
1465 2474 1533 2509 πρὸς
1552 2475 1596 2500 τὸν
1610 2474 1686 2500 Θεόν.

997 2508 1053 2542 (84)
1067 2509 1105 2534 Τὰ
1118 2508 1198 2534 ὅντα.
1218 2507 1280 2543 Ιιςιέ
1297 2508 1394 2534 desunt
1409 2509 1435 2535 in
1448 2507 1513 2543 ueg.
1525 2518 1550 2534 ιι.

997 2543 1053 2578 (85)
1068 2543 1232 2569 Φείὃεσθαι.
1249 2542 1314 2576 Reg.
1333 2551 1358 2574 ιι,
1384 2544 1465 2571 Coisl.
1484 2542 1497 2570 ί
1514 2549 1542 2570 et
1565 2542 1670 2572 Comb.,
1687 2542 1743 2577 φεί-

958 2577 1049 2646 δεῖἓέἱ.)
1065 2611 1375 2653 Προχατειλημμένων.
1401 2611 1429 2639 lti
1456 2612 1602 2646 nonnullis,
1628 2612 1733 2648 ὴττημέ

959 2656 1050 2717 νωῖέῑ)
1064 2653 1262 2716 ‘32";er
1286 2683 1334 2709 καὶ
1353 2683 1543 2717 Δημιοιιργόν.
1573 2691 1582 2707 ι
1596 2681 1624 2708 ltt
1643 2681 1743 2708 Bonum

959 2718 1135 2751 etUpiliceut.
1150 2727 1158 2742 ι
1179 2719 1234 2744 Duo
1262 2719 1390 2751 principia
1416 2724 1519 2744 veteres
1535 2717 1664 2748 lia'retici,
1687 2724 1742 2742 tiia~

961 2753 1032 2779 xime
1043 2753 1216 2782 Marcionitie,
1231 2753 1439 2784 constituebant,
1456 2752 1567 2779 alterunt
1587 2761 1596 2776 ι
1608 2753 1719 2783 bonum,
1732 2759 1742 2777 ι

960 2789 1071 2815 alterunt
1088 2797 1097 2812 ι
1113 2787 1221 2813 malum.
1235 2796 1244 2812 ι
1275 2787 1324 2814 Per
1345 2798 1353 2812 ι
1367 2787 1475 2820 malum,
1490 2796 1499 2813 ι
1519 2794 1609 2814 reruni
1636 2785 1739 2814 eﬂecto-

961 2831 1026 2854 rem,
1042 2822 1216 2857 δημιουργὸν,
1234 2822 1427 2856 itiielligeliatit.

996 2858 1052 2892 (88)
1067 2855 1181 2891 λέγειν.
1201 2858 1246 2884 Sic
1262 2855 1350 2891 plube
1366 2858 1444 2885 codd.
1459 2862 1485 2886 et
1499 2857 1608 2892 quidem
1622 2855 1742 2884 melioris

961 2899 1039 2920 notat.
1055 2892 1083 2919 lu
1095 2893 1184 2926 editis,
1196 2892 1278 2927 λέγοι.
