2029 3127
300 182 351 212 351

903 183 931 210 S.
953 183 1119 212 GREGORII
1139 183 1311 211 TIIEOLOGI

1877 182 1931 213 95⁸2

302 249 375 273 mus,
392 246 495 276 nasque
512 249 706 269 conservorum
720 242 805 277 gloria
822 247 847 270 et
859 242 989 276 dignitate
1003 243 1087 270 bono-

1141 242 1167 269 δὲ
1180 242 1268 269 πάντα
1281 242 1331 268 ὅσα
1347 241 1404 276 ἔχει
1421 241 1435 268 ὁ
1453 241 1556 276 Πατὴρ,
1574 240 1620 267 τοῦ
1633 240 1697 267 Υἱοῦ
1713 241 1782 273 ἐστι,
1799 240 1871 276 πλὴν
1881 241 1930 277 τῆς

302 287 356 314 rari
370 286 496 318 feremus,
521 287 567 314 Dei
594 287 656 314 licet
677 287 810 321 iacturam
841 288 981 316 faciamus.
1002 288 1036 315 At
1054 288 1086 319 si.

300 331 430 366 quidquid
458 330 537 358 Pater
561 332 652 364 habet,
666 332 748 364 idem,
770 337 867 366 praeter
887 340 1008 365 causam,
1029 332 1087 359 Filii

302 381 362 410 est;
378 377 509 412 quidquid
525 377 588 404 item
610 377 694 405 Filius
710 377 800 411 habet,
818 378 887 405 idem
904 386 1011 413 quoque
1028 378 1089 412 Spi-

301 421 371 449 ritus
392 422 479 448 sancti
503 427 555 454 est,
572 427 669 455 prmter
693 423 859 456 filialiouem,
882 430 966 457 eaque
986 423 1087 455 omnia,

247 496 250 499 _
300 476 360 502 qua:
370 475 499 502 corporea
513 469 615 494 ratione
627 470 658 495 de
674 477 706 496 eo
718 469 908 502 prredicantur,
925 475 1033 503 propter
1045 477 1088 496 me

301 514 448 545 hominem,
470 521 608 548 meamque
625 515 748 546 salutem,
767 520 805 547 ut,
821 515 891 548 quod
913 522 1000 541 meum
1017 521 1086 546 eral,

300 558 436 592 accipiens
448 557 518 591 quod
532 565 608 583 suum
621 563 671 590 est,
685 558 747 585 tnihi
764 566 811 592 per
823 567 918 585 novant
936 559 1003 584 hunc
1015 567 1088 584 corn-

305 603 458 630 tnistionem
481 603 628 638 largimur;
647 604 752 630 tandem
771 605 915 638 aliquando
931 605 1023 638 nugari
1041 606 1086 631 de-

1141 289 1230 321 αἰτίας
1238 288 1309 323 (89)’
1329 289 1416 315 πάντα
1435 289 1463 315 δὲ
1482 289 1532 314 ὅσα
1547 287 1594 314 τοῦ
1615 287 1690 317 Υἱοῦ.
1713 287 1759 313 καὶ
1777 287 1824 314 τοῦ
1845 288 1927 314 [lustio

1143 343 1238 369 ματος,
1256 335 1325 370 πλὴν
1345 335 1394 369 τῆς
1410 335 1543 369 υἰότητος,
1563 334 1610 360 καὶ
1625 333 1679 360 τῶν
1694 334 1744 360 ὅσα
1762 335 1927 368 σωματικῶς

1142 380 1205 415 περὶ
1223 379 1306 406 αὑτοῦ
1328 379 1435 413 λέγεται
1446 379 1489 406 διὰ
1502 379 1548 405 τὸν
1569 379 1634 414 ἐμὸν
1647 379 1788 414 ἄνθρωπον
1797 379 1867 414 (90),
1883 380 1929 407 ul.

1140 426 1190 461 τὴν
1211 425 1279 460 ἐμὴν
1293 425 1439 461 σωτηρίαν,
1465 425 1508 451 ἵνα
1523 425 1553 451 τὸ
1570 425 1635 460 ἐμὸν
1657 425 1757 457 λαϐὼν,
1779 425 1810 452 τὸ
1831 425 1928 453 ἑαυτοῦ

1140 470 1285 506 χαρίσηται
1308 471 1352 497 διά
1374 471 1422 506 τῆς
1449 471 1545 505 καινῆς
1570 471 1763 506 ἀνακράσεως’
1786 471 1928 499 παύσασθε

1141 516 1360 552 παραληροῦντες
1373 517 1420 551 ὀψὲ
1438 516 1515 550 γοῦν,
1526 513 1548 542 ὦ
1565 517 1691 551 σοφισταὶ
1706 517 1792 543 κενῶν
1809 517 1866 552 (91)
1881 519 1927 552 ῥη-

1142 563 1245 597 μάτων.
1263 563 1344 589 αὐτοῦ
1364 563 1533 590 πιπτόντων.
1546 563 1600 589 Καὶ
1622 563 1665 589 ἵνα
1684 563 1710 589 τί
1724 563 1925 598 ἀποθνήσχετε,

1139 605 1212 638 οἶκος
1232 607 1352 643 Ἰσραὴλ,
1381 608 1413 633 ἶν’
1433 609 1464 634 ὲκ
1483 608 1532 642 τῆς
1548 607 1661 643 Γραφῆς
1677 608 1749 643 ὑμᾶς
1769 608 1925 644 (stipulam;

301 647 399 680 sinite,
424 655 440 675 ο
456 647 575 674 inanium
600 650 742 675 \‘crlmrtttn
767 658 799 676 ac
825 650 915 676 statim
937 651 1088 678 cadentium
1108 653 1236 680 artitiees.
1259 654 1293 681 Et
1316 661 1410 689 quare,
1428 658 1501 680 ulex
1527 654 1667 688 Scriptura
1699 661 1745 681 vos
1775 653 1925 688 deplorem,

301 694 465 726 moriemini,
480 695 574 721 domus
591 694 671 721 Israel
691 695 736 721 7°?

338 740 384 768 XI.
398 743 456 775 Ipse
470 740 603 774 equidem,
618 745 644 766 et
662 739 741 766 Verbi
758 741 948 774 ιιριιιςΙΙιιίοιιοε
962 747 1000 769 tot
1012 742 1086 769 scili-

302 792 344 814 cet
366 792 474 822 tamqne
492 794 602 820 magnas
617 791 644 813 et
667 786 804 819 sublimes,
821 787 900 822 625
915 792 941 814 et
956 797 1015 822 quae
1033 789 1087 814 daa-

1176 741 1227 768 IA'.
1248 741 1291 773 Ὠς
1301 741 1388 776 ἔγωγε
1397 741 1523 777 αἰδοῦμαι
1546 742 1595 777 μὲν
1612 742 1661 774 τὰς
1673 742 1719 769 τοῦ
1738 742 1824 777 Λόγου
1842 751 1925 778 προσ-

1139 787 1273 823 ηγορίας,
1294 787 1428 819 τοσαύτας
1452 796 1481 814 τε
1507 787 1606 819 οὔσας,
1635 787 1681 814 καὶ
1709 788 1796 820 οὕτως
1823 788 1925 822 ὑἋλάς

303 833 428 860 monibus
444 834 524 860 etiam
541 833 668 867 pudorem
684 833 866 865 incusserunt,
883 842 1016 862 revereor.
1034 835 1084 861 Re-

1141 835 1185 861 καὶ
1203 834 1333 870 μεγάλας,
1352 834 1385 866 ἃς
1405 834 1452 860 καὶ
1473 833 1599 869 δαίμονες
1615 834 1819 869 ἐνετράπησαν·
1838 834 1924 861 αἰδοῦ-

301 885 397 904 vereor
412 878 492 904 etiam
511 876 628 911 Spiritus
652 877 736 903 sancti
763 878 959 911 aiqnalitatem;
976 887 1007 906 ac
1021 886 1086 905 con-

301 923 423 950 stitutam
446 923 474 950 in
491 930 549 955 eos,
564 922 609 957 qui
635 922 798 957 blasphemis
813 923 901 950 verbis
916 931 976 950 eum
1004 925 1088 959 impe-

301 973 361 997 tunt.
384 969 418 1001 ",
450 969 687 996 contminalionem
717 968 890 1002 pertimesco.
918 968 1087 1004 Blasphemia

301 1022 382 1049 porro
397 1019 448 1048 est,
461 1022 514 1042 non
539 1014 681 1049 theologia,
698 1013 722 1041 ei
742 1013 908 1041 divinitatem
921 1014 1038 1042 auferre.
1058 1015 1087 1042 in

300 1068 355 1096 quo
370 1060 433 1087 illud
443 1060 651 1092 observandum,
663 1060 737 1095 quod
753 1059 787 1091 is,
804 1060 849 1094 qui
863 1060 1029 1096 blasphemis
1040 1069 1087 1088 vo-

300 1107 378 1134 cibus
400 1106 596 1138 incessebatur,
615 1105 744 1133 Dominus
766 1109 840 1139 erat;
865 1105 888 1134 is
921 1111 1022 1139 autem,
1043 1106 1087 1141 qui

300 1152 498 1185 vindicabatur,
515 1151 632 1185 Spiritus
649 1156 769 1184 sanctus,
786 1151 879 1186 prorul
897 1151 978 1179 dubio
993 1157 1022 1179 ut
1034 1152 1088 1180 Do-

300 1199 401 1226 minus.
417 1197 475 1224 Non
491 1197 622 1229 sustineo,
639 1201 700 1232 post
717 1197 939 1224 illuminationem
955 1197 1022 1225 lucis
1040 1205 1088 1225 ex-

300 1252 364 1280 pers
387 1251 457 1276 esse,
471 1241 606 1278 quidpiam
623 1243 703 1270 trium
727 1243 753 1270 in
766 1251 826 1277 quae
846 1242 997 1278 baptizatus
1016 1251 1086 1277 sum,

303 1289 469 1323 adulterans,
485 1296 516 1317 ac
532 1296 594 1316 vere
611 1289 637 1315 in
652 1289 730 1323 aquis
751 1289 869 1322 sepeliri,
885 1296 938 1316 non
955 1289 989 1316 ad
1011 1297 1087 1325 rege—

304 1335 485 1367 nerationem,
499 1335 545 1362 sed
561 1335 593 1362 ad
607 1339 719 1365 mortem
737 1334 871 1362 initiatus.

335 1382 395 1409 ΧΠ.
417 1381 551 1409 Audacius
577 1381 678 1415 aliquid
696 1380 851 1416 proloquar,
868 1387 885 1408 o
900 1379 1037 1414 Trinitas;
1056 1388 1088 1409 ac

300 1427 448 1456 temeritati
467 1427 542 1454 venia
557 1427 634 1454 detur
649 1435 658 1459 ;
679 1435 741 1453 nam
752 1426 786 1454 de
801 1427 897 1454 anima:
911 1426 999 1454 salute
1014 1427 1087 1462 peri-

299 1473 389 1502 culum
403 1479 454 1501 est.
470 1472 515 1500 Dei
530 1479 635 1506 quoque
650 1471 706 1505 ipse
717 1479 774 1498 sum
790 1472 888 1505 imago,
899 1479 1023 1507 superna:
1035 1472 1088 1499 sci-

1141 889 1189 916 μαι
1202 881 1230 907 δὲ
1247 880 1296 916 τὴν
1316 880 1462 916 ὁμοτιμίαν
1483 880 1530 907 τοῦ
1555 880 1728 915 Πνεῦματος·
1750 880 1887 915 φοϐοῦμαι
1898 880 1924 906 δὲ

1137 926 1186 962 τὴν
1200 926 1356 962 ὡρισμένην
1373 927 1488 962 ἀπειλὴν
1502 927 1559 958 τοῖς
1583 927 1624 958 εἰς
1640 926 1706 953 αὐτὸ
1723 926 1923 961 βλασφημοῦσι.

1138 972 1301 1007 Βλασφημια
1315 973 1353 1004 δὲ,
1369 973 1418 1007 οὑχ
1438 974 1454 1008 ἡ
1470 972 1603 1007 θεολογία,
1620 973 1650 999 τὸ
1664 973 1694 1000 δὲ
1709 973 1866 1009 ἀλλοτριοῦν
1878 973 1926 1008 τῆς

1126 1017 1273 1055 θεότητος.
1285 1018 1339 1045 Καὶ
1352 1018 1484 1054 τηρητέον
1497 1018 1623 1050 ἐνταῦθα,
1636 1018 1677 1044 ὅτι
1690 1018 1720 1044 τὸ
1738 1019 1788 1053 μὲν
1806 1018 1925 1054 βλασφη-

1139 1063 1284 1098 μούμενον,
1299 1064 1313 1090 ὁ
1328 1062 1429 1099 Κύριος
1437 1061 1484 1098 ἦν·
1497 1063 1528 1090 τὸ
1543 1063 1570 1090 δὲ
1586 1063 1787 1098 ἐκδικούμενον,
1800 1064 1831 1090 τὸ
1844 1063 1926 1090 Πνεῦ-

1139 1118 1179 1145 μα
1193 1109 1225 1136 τὸ
1239 1110 1328 1143 ἅγιον,
1351 1109 1430 1144 δῆλον
1448 1108 1487 1141 ὡς
1506 1109 1620 1145 Κύριος.
1643 1109 1681 1136 Οὺ
1700 1109 1776 1145 φέρω
1784 1109 1842 1145 (92)
1854 1109 1925 1144 ἀφώ-

1137 1162 1227 1186 τιστος
1251 1151 1320 1181 εἶναι
1346 1153 1416 1189 μετά
1441 1154 1471 1180 τὸ
1498 1153 1636 1189 φώτισμα,
1662 1154 1887 1190 παραχαράσσων
1901 1163 1926 1181 τι

1137 1201 1191 1228 τῶν
1208 1201 1302 1238 τριῶν.
1319 1202 1358 1233 εἰς
1374 1201 1391 1228 ἃ
1408 1201 1604 1236 βεϐἀπτισμαι,
1618 1200 1664 1227 καὶ
1684 1201 1768 1232 ὅντως
1779 1201 1837 1236 (9'5)
1852 1202 1927 1228 ἐντα-

1137 1245 1220 1280 φῆναι
1232 1244 1271 1279 τῷ
1284 1244 1371 1278 ὕδατι,
1386 1245 1436 1272 οὐκ
1449 1244 1489 1277 εἰς
1502 1245 1692 1281 ἀναγέννησιν,
1707 1245 1765 1272 ἀλλ’
1777 1246 1817 1278 εἰς
1827 1245 1928 1281 νέκρω-

1139 1299 1181 1318 σιν
1198 1291 1385 1326 τελειούμενος

1174 1377 1225 1404 1Β’.
1236 1377 1334 1413 Τολμῶ
1350 1387 1376 1405 τι
1392 1377 1570 1413 φθέγξασθαι,
1583 1376 1606 1405 ὦ
1618 1379 1704 1414 Τριάς
1716 1387 1722 1394 ·
1742 1379 1789 1406 καὶ
1807 1380 1927 1414 συγγνώ-

1140 1432 1178 1459 μη
1194 1425 1226 1458 τῇ
1244 1424 1374 1459 ἀπονοίᾳ·
1401 1424 1467 1459 περὶ
1483 1423 1571 1459 ψυχῆς
1594 1424 1649 1459 γὰρ
1663 1425 1677 1450 ὁ
1694 1424 1825 1457 κίνδυνος.
1841 1425 1928 1452 Εξκών

1139 1470 1197 1504 εἰμι
1213 1469 1260 1495 καὶ
1280 1469 1361 1501 αὐτὸς
1382 1468 1462 1500 Θεοῦ,
1479 1469 1529 1504 τῆς
1551 1469 1606 1496 ἄνω
1625 1469 1715 1504 δόξης,
1740 1471 1765 1496 εἰ
1787 1471 1836 1497 καὶ
1856 1471 1928 1498 κάτω

300 1518 364 1547 licet
384 1519 493 1553 glorias,
513 1518 574 1545 licet
595 1518 668 1544 humi
695 1518 809 1552 positus.
835 1517 892 1545 Non
923 1519 1041 1546 adducor
1060 1523 1088 1545 ut

1141 1514 1274 1550 τέθειμαι.
1299 1515 1336 1541 Οὐ
1356 1514 1485 1550 πείθομαι
1499 1514 1536 1549 τῷ
1551 1515 1673 1550 ὁμοτίμῳ
1690 1515 1833 1547 σώζεσθαι.
1850 1516 1881 1542 Et
1893 1516 1928 1552 μὴ

300 1564 421 1595 credam,
438 1563 503 1591 mibi
520 1566 553 1590 ab
571 1563 665 1597 aequali
681 1563 794 1590 salutem
811 1563 913 1591 afferri.
930 1564 957 1591 Si
974 1564 1090 1599 Spiritus

303 1613 415 1636 sanctus
429 1607 498 1635 Deus
523 1616 574 1634 non
597 1613 649 1640 est,
673 1607 744 1636 Deus
759 1609 833 1643 prius
849 1609 992 1641 efﬁciatur,
1010 1615 1091 1645 atque

301 1654 340 1681 ita
364 1654 470 1681 demum
495 1662 548 1686 me,
574 1653 703 1688 aequalem
729 1663 818 1688 suum,
838 1656 920 1682 Detnn
935 1655 1043 1684 efficiat.
1058 1657 1091 1684 At.

301 1707 383 1732 nunc,
396 1706 455 1734 quae
463 1699 518 1726 hrcc
528 1699 772 1734 gratiatimpostura
783 1707 833 1733 est,
843 1701 982 1729 teleorum
993 1703 1089 1737 potius,

301 1746 346 1780 qui
359 1746 473 1780 gratiam
487 1746 617 1777 tribuunt,
634 1745 706 1772 velut
720 1745 746 1772 in
762 1746 843 1772 Deum
858 1747 980 1779 credere,
994 1752 1021 1774 et
1036 1748 1089 1775 Deo

302 1792 427 1820 orbatum
453 1792 598 1818 recedere?
617 1792 694 1819 Aliud
717 1792 866 1827 professum
890 1800 960 1827 esse,
975 1798 1002 1821 et
1019 1794 1091 1821 aliud

301 1838 411 1865 doceri?
426 1837 522 1871 Quales
540 1837 644 1864 furtivae
655 1838 797 1864 verborum
821 1838 937 1871 fraudes,
950 1847 998 1874 per
1012 1839 1090 1866 aliam

301 1883 543 1918 interrogationem
560 1887 588 1910 et
603 1882 811 1916 confessionem,
825 1884 878 1911 alio
892 1884 1032 1911 ferentes?
1051 1885 1091 1912 Me

301 1930 430 1957 miserum
444 1928 598 1963 splendoris
612 1928 692 1963 hujus
707 1929 827 1962 nomine,
844 1930 866 1957 si
881 1935 942 1964 post
957 1930 1090 1958 lavacrum

300 1976 378 2010 niger
393 1975 504 2002 effectus
516 1982 585 2008 sum,
602 1974 625 2001 si
643 1981 690 2001 eos
704 1975 749 2009 qui
765 1975 882 2002 nondum
897 1976 1001 2010 purgati
1018 1980 1089 2008 sunt,

303 2019 501 2054 splendidiores
518 2026 610 2052 cerno,
627 2020 650 2046 si
674 2026 721 2053 per
742 2027 852 2055 pravam
873 2019 1016 2047 initiatoris
1038 2020 1091 2048 mei

301 2065 470 2098 doctrinam,
495 2069 622 2099 tanquam
646 2065 708 2092 talis
731 2065 891 2100 quibusdam
917 2065 1037 2098 deludor,
1067 2067 1090 2094 si

300 2111 513 2146 praestantiorem
524 2110 653 2145 Spiritum
664 2119 768 2146 quaaro,
780 2119 829 2139 nec
843 2112 962 2140 invenio.
975 2112 1013 2139 Da
1026 2113 1090 2140 mihi

300 2157 415 2184 alterum
438 2155 586 2188 lavacrum,
608 2164 639 2184 ac
666 2161 721 2184 tum
746 2158 779 2184 de
799 2157 888 2192 priore
907 2157 977 2184 tnale
992 2158 1089 2192 cogita.

1141 1560 1207 1593 Θεὸς
1220 1561 1250 1587 τὸ
1263 1560 1376 1596 Πνεῦμα
1390 1561 1419 1587 τὸ
1432 1560 1520 1595 ἅγιον,
1535 1561 1664 1596 θεωτήτω
1679 1561 1786 1597 πρῶτον
1799 1561 1866 1596 (94),
1883 1562 1927 1588 καὶ

1141 1605 1212 1633 οὕτω
1229 1606 1331 1633 θεούτω
1349 1615 1383 1642 με
1404 1606 1449 1633 τὸν
1465 1607 1607 1642 ὁμότιμον.
1630 1607 1686 1633 Νῦν
1701 1607 1730 1633 δὲ
1751 1607 1792 1638 τις
1807 1608 1823 1642 ἡ
1839 1607 1927 1634 ἀπάτη

1141 1652 1191 1688 τῆς
1208 1653 1328 1688 χάριτος,
1343 1653 1443 1688 μᾶλλον
1459 1653 1498 1686 δὲ,
1513 1653 1568 1680 τῶν
1583 1653 1707 1680 διδόντων
1723 1653 1772 1688 τὴν
1786 1654 1878 1689 χάριν,
1893 1653 1928 1685 ὡς

1142 1699 1181 1730 εἰς
1196 1699 1262 1725 Θεὸν
1278 1699 1432 1731 πιστεῦσαι,
1457 1700 1504 1726 καὶ
1521 1699 1642 1726 ἀνελθεῖν
1660 1699 1756 1732 ἄθεον;
1780 1700 1845 1726 ἄλλο
1864 1699 1928 1726 καθ-

1142 1744 1319 1780 ομολογῆσαι,
1331 1745 1377 1772 καὶ
1385 1745 1447 1772 ἄλλο
1463 1745 1635 1773 διδάσκεσθαι
1646 1754 1653 1777 ς
1671 1746 1725 1772 οἶαι
1738 1745 1793 1772 τῶν
1805 1745 1893 1780 λόγων
1903 1745 1928 1773 αι

1142 1789 1241 1816 κλοπαὶ
1256 1790 1313 1824 (95)
1339 1791 1386 1817 καὶ
1411 1789 1525 1822 ἀπάται,
1548 1790 1581 1816 δι’
1604 1790 1687 1825 ἄλλης
1708 1791 1870 1826 ἐρωτήσεως
1885 1789 1928 1816 καὶ

1141 1835 1299 1871 ὁμολογίας,
1319 1836 1359 1867 εἰς
1383 1836 1446 1862 ἄλλο
1464 1836 1593 1871 φέρουσαι
1606 1836 1678 1871 (96);
1696 1836 1775 1871 Οἵμοι
1795 1837 1846 1871 τῆς
1865 1837 1922 1872 λαμ

1143 1881 1290 1917 πρότητος,
1320 1883 1344 1908 εἰ
1369 1882 1438 1916 μετά
1463 1882 1508 1908 τὸν
1535 1881 1646 1917 λουτρὸν
1675 1882 1882 1917 μεμελάνωμαι,
1907 1883 1930 1908 εἰ

1141 1928 1351 1963 λαμπροτέρους
1363 1928 1419 1963 ὁρῶ
1434 1928 1497 1960 τοὺς
1511 1926 1587 1954 οὔπω
1609 1927 1842 1962 κεχαθαρμένοιις,
1856 1929 1880 1954 εξ
1898 1928 1929 1961 τῇ

1141 1972 1189 2000 τοῦ
1210 1972 1359 2007 βαπτιστοῦ
1384 1973 1530 2008 κακοδοξίᾳ
1553 1973 1705 2008 κυόεὑομαι
1720 1972 1786 2007 (97),
1809 1973 1834 1999 ει
1859 1971 1930 2008 ζητῶ

1143 2018 1256 2053 Πνεῦμα
1274 2020 1408 2053 κρεῖττον,
1428 2019 1475 2045 καὶ
1498 2019 1547 2053 οὐχ
1569 2019 1702 2054 εὑρίσκωε
1729 2018 1778 2050 Δός
1802 2027 1848 2054 μοι
1874 2019 1930 2045 λου-

1142 2064 1204 2100 τρὸν
1219 2064 1355 2099 δεύτερον,
1368 2065 1413 2091 καὶ
1425 2065 1488 2100 περὶ
1501 2064 1547 2090 τοῦ
1563 2064 1671 2100 πρώτου
1689 2064 1780 2096 κακῶς
1794 2064 1929 2099 ἐννόησον.

1143 2110 1174 2136 Τί
1191 2119 1236 2145 μοι
1259 2110 1366 2144 φθονεῖς
1391 2112 1443 2145 τῆς
1469 2110 1576 2140 τελείας
1598 2111 1822 2145 ἀναγεννήσεως;
1845 2111 1872 2136 τί
1898 2119 1929 2145 με

1144 2158 1240 2188 ποιεῖς,
1256 2156 1318 2182 ναὸν
1343 2156 1408 2183 ὂντα
1422 2156 1469 2182 τοῦ
1490 2156 1646 2191 Πνεὺματος
1659 2156 1696 2187 ὠς
1711 2155 1788 2188 Θεοῦ,
1803 2164 1929 2190 κατοικη-

300 2202 370 2236 Quid
387 2202 452 2229 mihi
473 2201 618 2236 perfectam
642 2203 874 2237 regenerationem
891 2204 1010 2231 invides?
1024 2203 1088 2236 Quid

1145 2203 1239 2238 τήριον
1259 2202 1421 2237 κτίσματος;
1440 2202 1465 2229 τί
1481 2202 1511 2228 τὸ
1529 2202 1579 2237 μὲν
1595 2204 1676 2238 τιμᾷς
1693 2202 1748 2229 τῶν
1772 2203 1848 2238 ὲμῶν
1865 2203 1928 2238 (98),

301 2255 356 2280 me,
366 2256 425 2275 cum
440 2247 566 2282 Spiritus,
584 2252 709 2282 tanquam
722 2248 780 2280 Dei,
800 2248 926 2283 templum
939 2249 989 2275 sim
1003 2249 1036 2280 ",
1056 2250 1092 2276 rei

302 2298 399 2321 creata:
421 2293 583 2321 domiciliqu
611 2294 695 2321 facis?
711 2294 779 2327 Quid
793 2301 835 2327 ea,
849 2301 909 2327 qua:
935 2301 994 2320 mea
1018 2299 1090 2326 sunt,

301 2341 398 2375 partim
421 2340 533 2373 honore,
551 2341 650 2374 partim
670 2340 817 2375 ignominia
837 2340 931 2373 aﬂicis,
950 2341 1048 2367 malum
1065 2345 1091 2368 te

1146 2248 1176 2274 τὸ
1194 2248 1221 2274 δὲ
1238 2248 1380 2283 ἀτιμάζεις
1396 2248 1486 2280 κακῶς
1504 2248 1609 2283 θεότητι
1626 2248 1745 2280 διαιτῶν,
1763 2248 1796 2274 ἵν’
1813 2249 1875 2284 ἐμοὶ
1888 2249 1929 2275 τέ-

1148 2302 1201 2329 μῃς
1214 2294 1270 2330 (99)
1280 2294 1310 2320 τὸ
1322 2294 1456 2330 χάρισμα,
1477 2294 1575 2330 μᾶλλον
1591 2294 1628 2326 δὲ,
1650 2294 1730 2320 αὑτὸν
1751 2295 1803 2329 ἐμὲ
1824 2294 1863 2329 τῷ
1881 2303 1928 2329 χα-

1147 2340 1261 2375 ρίσματι
1272 2339 1325 2374 (1);
1342 2340 1377 2366 Ἢ
1391 2340 1421 2366 τὺ
1436 2341 1489 2367 πᾶν
1504 2339 1628 2374 τίμησον,
1646 2338 1669 2365 ὧ
1682 2340 1803 2375 καινὲω)
1813 2339 1928 2373 θεολὸγε,

336 2397 359 2412 "°
375 2397 472 2424 Ezech.
488 2404 564 2426 xvtn,
577 2396 621 2422 5f.
659 2396 680 2411 “
696 2395 789 2423 Matth.
807 2404 856 2428 xu,
874 2396 918 2423 51.
957 2397 979 2412 ⁷¹
995 2397 1004 2423 l
1018 2397 1078 2424 Cor.
1096 2405 1133 2430 \‘l,
1149 2398 1191 2424 £9.

337 2445 392 2480 (89)
408 2444 494 2477 Πλὴν
507 2443 562 2478 τῆς
575 2445 681 2477 αὶτίιις.
701 2444 782 2471 (Ioisl.
795 2445 820 2476 Ι,
838 2444 936 2478 aliique
959 2453 1009 2471 non
1026 2454 1090 2479 pan-

302 2481 338 2513 ci,
353 2480 422 2515 πλὴν
434 2480 483 2514 τῆς
497 2479 671 2514 ἀγεννησιας,
689 2489 698 2504 ι
714 2485 810 2513 praeter
826 2479 1055 2514 ingeneratiortent
1078 2490 1087 2506 ι

304 2516 514 2551 quodﬂscilicet,
525 2524 534 2540 ι
547 2515 620 2551 solus
634 2522 692 2551 anse
709 2516 754 2541 sit.
769 2523 779 2540 ι

339 2549 394 2585 (90)
419 2550 470 2576 Διὰ
486 2550 539 2576 τὸν
553 2550 625 2584 ἐμὸν
644 2549 808 2582 ἄνθρωπον.
837 2559 846 2574 ι
859 2549 971 2585 Propter
1002 2558 1090 2577 meum

303 2585 451 2613 hominem.
471 2595 480 2611 ι
521 2585 548 2611 Ιιὶ
577 2591 628 2618 esr,
656 2590 765 2618 propter
796 2590 916 2611 naturam
948 2586 1090 2612 humanam

304 2628 384 2682 iniam
400 2621 553 2655 assumpsit,
570 2624 598 2647 et
611 2628 691 2654 quam
709 2619 773 2646 milli
791 2620 989 2650 communicat,
1008 2620 1094 2647 factus

316 2662 407 2681 ιοιιιο.·

316 2662 407 2681 101110.¹

340 2689 395 2724 (91)
412 2689 522 2716 Κενῶν.
535 2690 592 2716 Duo
608 2688 703 2724 Regg.,
719 2689 830 2723 καινῶν,
851 2698 860 2715 ι
876 2697 1016 2717 novorum.
1028 2699 1036 2715 ι

340 2725 396 2760 (92)
415 2725 505 2760 Φέρῳ.
522 2724 616 2760 Comb;
631 2725 714 2756 addit,
734 2724 774 2750 δέ.

350 2760 395 2793 93)
411 2761 464 2786 Kal
480 2759 581 2792 ὄντως.
597 2759 676 2793 Reg.,
688 2760 780 2794 εγω..
795 2759 842 2786 καὶ
856 2759 953 2792 οὕτως.

351 2794 396 2826 9-5)
410 2794 539 2827 Πρῶτον.
553 2794 660 2825 (ἶοιιιΙι.,
675 2795 817 2829 πρότερον.

353 2829 397 2863 95)
424 2830 550 2856 κλοπαί.
572 2829 665 2856 Dillius
694 2830 766 2862 legit,
799 2830 907 2861 πλοκαῑ,
937 2834 964 2857 et
990 2830 1092 2857 vertit:

307 2862 431 2898 IlQnales
449 2866 591 2890 verborum
608 2872 692 2890 nexus
710 2869 735 2889 ct
750 2865 896 2898 captiones.
913 2875 920 2889 ι

345 2899 402 2935 (96)
418 2899 574 2933 Φέρίιινσιιι,
588 2898 652 2932 licg.
669 2899 694 2933 ti,
717 2898 855 2933 φέρεσθαι.

1181 2445 1236 2480 (97)
1255 2446 1290 2472 El
1314 2444 1352 2478 τῇ
1369 2445 1422 2471 τοῦ
1441 2444 1613 2477 βαπτιστοῦ
1632 2443 1793 2477 κακοδοξίᾳ
1815 2445 1929 2470 κυϐεύο-

1141 2489 1205 2515 μαι.
1219 2480 1280 2507 [hec
1298 2480 1324 2506 in
1342 2481 1458 2506 melioris
1473 2486 1541 2507 nota:
1561 2480 1696 2507 codicibus
1710 2480 1832 2512 proxime
1844 2480 1929 2514 legun-

1146 2523 1182 2543 tur
1201 2520 1260 2548 post
1276 2515 1478 2550 μεμελάνωμαι.

1181 2551 1235 2585 (9h)
1252 2548 1281 2576 Τί
1295 2548 1326 2576 τὸ
1337 2550 1395 2584 μὲν
1406 2548 1490 2585 τιμᾷς
1504 2549 1563 2576 τῶν
1571 2548 1657 2584 ἐμῶν.
1673 2549 1719 2577 Sic
1733 2549 1816 2583 Regg.
1830 2556 1856 2579 a,
1873 2549 1929 2585 l_tm_:

1152 2595 1160 2611 ι
1172 2583 1240 2618 Quid
1255 2593 1297 2616 ea,
1318 2583 1377 2618 quit:
1395 2583 1451 2612 mea
1467 2591 1538 2615 stitit,
1550 2594 1558 2609 ι
1577 2586 1601 2611 id
1618 2590 1669 2613 est.
1690 2594 1699 2610 ι
1714 2593 1781 2619 quas
1798 2584 1858 2610 colo
1873 2583 1929 2609 Tri-

1149 2621 1240 2648 nitatis
1259 2628 1401 2654 personas.
1415 2629 1424 2645 ι
1456 2626 1482 2646 ιιι
1503 2626 1575 2646 recte.
1595 2619 1675 2651 I-jlias,
1709 2628 1740 2646 ac
1773 2620 1830 2654 ipse
1846 2623 1930 2645 textus

1149 2656 1277 2689 postulat,
1296 2664 1304 2680 t
1319 2656 1414 2688 partim
1433 2655 1542 2682 honore.
1556 2664 1564 2679 ι
1591 2659 1643 2682 etc.
1670 2655 1729 2681 Bill.
1758 2663 1767 2679 ι
1792 2654 1862 2686 Quid
1880 2661 1930 2683 me,

1147 2691 1255 2725 partim.
1271 2699 1288 2725 »γ
1302 2696 1353 2716 etc.
1371 2689 1398 2716 In
1410 2691 1466 2719 ed.,
1484 2689 1510 2715 τί
1529 2690 1559 2716 τὸ
1575 2690 1623 2724 μὲν
1639 2690 1716 2725 τιμᾷ,
1731 2695 1775 2716 etc

1183 2724 1357 2785 (9'9)Té1mc.
1375 2725 1419 2752 Sic
1442 2725 1538 2759 Regg.,
1554 2722 1608 2757 bin,
1636 2722 1734 2751 Itu'fln
1761 2724 1818 2755 ed.,
1844 2722 1930 2757 Θέλῃς.

1183 2769 1204 2785 ΓΕ
1219 2769 1248 2785 IS.
1262 2769 1270 2785 1

1150 2770 1160 2786 1
1175 2769 1248 2786 \‘CIIS.
1262 2769 1270 2785 1

1184 2796 1221 2830 (1)
1240 2795 1282 2827 Τῷ
1314 2795 1482 2829 χαῃίσματι.
1518 2794 1562 2821 Sic
1589 2794 1677 2829 plores
1691 2793 1768 2821 codd.
1788 2793 1816 2819 in
1836 2792 1890 2822 cd.,
1904 2791 1930 2817 τὶ

1148 2831 1305 2865 χαρίσματι.

1183 2863 1221 2898 (ἐ)
1234 2863 1274 2890 Ὦ
1287 2868 1385 2898 χαψε.
1406 2864 1496 2891 Plures
1515 2863 1609 2898 Rt‘gg,
1623 2873 1637 2892 a
1650 2872 1720 2898 nque
1731 2863 1839 2898 optimae
1853 2867 1931 2893 uota.

1148 2907 1174 2928 et
1190 2901 1269 2931 lilias,
1282 2897 1304 2927 ὧ
1321 2900 1394 2933 κενέ,
1418 2909 1425 2925 ι
1442 2909 1457 2928 υ
1472 2908 1547 2927 \anc.
1563 2909 1571 2925 ι
