2029 3127
137 222 191 250 253

523 224 650 253 ORATIO
670 226 789 254 XXXIV.
810 242 844 249 —-
864 227 898 254 lN
919 227 1158 256 {EGYPTIORUM
1176 227 1364 255 ADVENTUM

1700 229 1755 257 254

137 282 154 316 ἦ
173 281 203 308 τὺ
222 280 275 307 πᾶν
291 281 433 317 ἀτίμασον,
457 283 508 314 ἵνα,
529 283 578 310 κᾶν
600 285 711 321 ὰσεὸῇς,
732 286 799 313 ἀλλὰ
816 287 938 322 σεαυτῷ.

978 287 1103 315 livinitati
1127 287 1258 314 arbitrum
1285 278 1559 321 prmbens‘,‘ut:mihi
1583 287 1755 321 baptismum,

135 334 170 360 γε
189 327 334 359 ἀκόλουθος
354 326 397 364 ᾖς,
416 328 452 362 μὴ
474 329 572 363 κρίνων
597 331 696 363 ἀνίσως
727 331 807 366 φύσιν
835 333 926 368 ὁμότι-

978 332 1014 360 vel
1031 340 1073 360 me
1096 333 1182 367 ipsum
1209 332 1296 367 potius
1319 340 1368 367 per
1395 331 1567 366 baptismum,
1600 332 1692 359 seces?
1704 333 1759 360 Ant

113 387 118 394 .
139 380 191 406 μον
204 372 253 407 (3).

975 383 1059 405 totum
1076 379 1178 406 honore
1194 386 1366 413 prosequere,
1383 385 1400 405 ο
1416 385 1483 404 novc
1505 377 1635 410 theologe,
1651 382 1697 404 aut
1717 382 1758 405 to-

139 422 196 443 tum
212 425 319 452 sperne,
333 421 372 450 ut,
385 418 489 446 etiamsi
514 419 609 454 impius
624 421 671 453 sis,
690 422 736 449 tibi
756 426 844 451 tamen
867 421 924 457 ipse
943 427 1060 456 constes,
1099 429 1221 450 naturam
1258 423 1358 450 honore
1378 431 1468 458 parem
1487 424 1689 460 haudquaquam
1702 426 1760 454 dis-

138 463 198 497 pari
212 463 292 490 modo
306 465 469 498 expendens.

176 509 227 534 lI".
244 509 396 544 Κεφάλαιον
418 510 446 536 δὲ
467 511 513 537 τοῦ
531 511 628 545 λόγον’
653 512 729 539 Μετὰ
752 513 806 540 τῶν
830 522 924 550 χερον-

140 552 192 587 ὄὶμ
201 553 240 587 (Il)
257 553 377 585 δόξασον,
395 556 561 589 συναγόντων
578 556 626 587 τὰς
639 559 712 592 τρεῖς
729 558 874 593 ἁγιότητας
885 560 924 591 εἰς

142 597 209 633 μίαν
224 599 381 634 κυριότητα,
403 601 450 626 καὶ
469 601 593 628 τοσοῦτον
617 603 852 636 παραδεικνύντων
875 605 925 639 τῆς

141 642 254 678 πρώτης
270 644 373 677 οὐσίας,
390 645 450 672 ὅσον
466 646 640 681 ὑπανοίγουσι
656 649 711 679 τοῖς
727 649 879 682 φιλοπόνοις
896 651 924 676 αἱ

140 689 287 725 πτέρυγες.
305 690 382 717 Μετὰ
401 691 481 718 Δαεὶδ
501 693 659 728 φωτίσθητι,
676 694 744 729 πρὸς
758 695 788 721 τὸ
805 696 862 730 φῶς
886 696 925 722 λέ‹

139 743 236 770 γοντος
244 744 250 750 ·
266 736 317 762 Ἐν
328 737 367 769 τῷ
376 738 450 771 φωτί
463 744 521 764 σου
535 739 667 772 ὀψόμεθα
679 739 751 774 φῶς,
764 739 818 767 οἷον
830 742 924 778 ὥσπερ

141 781 172 806 ὲν
192 780 231 815 τῷ
256 781 393 817 Πνεῦματι
411 783 455 809 τὸν
470 783 548 810 Υίὸν·
563 782 594 810 οὗ
610 785 636 811 τί
648 785 681 812 ἂν
702 787 805 820 γένοιτο
825 789 925 823 τηλαυ-

141 826 288 862 γέστερον;
308 828 385 855 Μετὰ
412 829 533 856 Ἰωάννου
555 830 710 866 βρόντησον,
737 833 782 859 τοῦ
805 833 863 860 υἱοῦ
877 835 926 870 τῆς

143 873 269 909 βροντῆς,
287 875 369 910 μηδὲν
383 876 446 911 περὶ
467 876 534 902 Θεοῦ
550 878 675 904 ταπεινὸν
690 879 774 913 ἠχῶν,
798 879 858 915 μηδ’
873 880 926 906 ἀπὸ

141 919 205 954 γῆς,
234 920 290 946 ἀλλ’
307 921 406 956 ὑψηλὸν
431 922 477 948 καὶ
504 923 640 958 μετέωρον
666 924 720 958 (τὸν
747 925 775 952 ἐν
804 926 872 960 ἀρχῇ
895 935 925 952 τε

141 965 218 996 ὄντα,
234 966 281 992 καὶ
296 966 363 1000 πρὸς
378 967 422 994 τὸν
437 968 502 993 Θεὸν
521 969 594 999 ὅντα,
616 970 663 995 καὶ
675 970 740 996 Θεὸν
753 971 846 1004 Λόγον,
860 971 924 998 Θεὸν

140 1011 296 1045 γινώσκων,
313 1012 360 1038 καὶ
376 1012 442 1038 Θεὸν
464 1013 588 1048 ἀληθινὸν
607 1015 636 1047 ἐξ
658 1015 785 1051 ἀληθινοῦ
809 1017 923 1053 Πατρὺς,

141 1056 201 1082 ἀλλ’
214 1057 244 1082 οὐ
263 1056 401 1084 σύνδουλον
419 1058 530 1092 ἀγαθὸν,
549 1059 608 1086 υἱοῦ
625 1062 795 1097 προσηγορίᾳ
809 1062 876 1099 μόνῃ
887 1063 924 1099 (5)

140 1102 340 1137 τετιμημένον·
366 1103 413 1129 καὶ
435 1103 481 1130 τὸν
505 1105 584 1131 ἄλλον
611 1105 801 1141 Παράκλητον,
826 1108 925 1144 δηλαδὴ

141 1146 222 1173 ἄλλον
237 1146 284 1173 τοῦ
297 1146 436 1181 λέγοντος·
455 1147 522 1174 Θεοῦ
536 1148 564 1175 δὲ
580 1148 619 1183 (6)
634 1150 647 1175 ὁ
667 1149 763 1185 Λόγος)
775 1159 782 1165 ·
800 1151 846 1177 καὶ
862 1151 925 1177 ὅταν

142 1191 205 1226 μὲν,
223 1191 298 1226 Ἐγὼ
311 1192 359 1218 καὶ
369 1194 385 1219 ὁ
397 1193 499 1227 Πατὴρ
511 1193 546 1220 ἓν
557 1194 661 1229 ἐσμεν,
676 1195 865 1232 ἀναγινώσκῃς
876 1197 924 1232 (7),

141 1237 173 1263 τὸ
195 1237 312 1271 συναφὲς
332 1238 381 1273 τῆς
406 1239 499 1270 οὐσίας
524 1240 766 1276 ὲνοπτριζόμενος·
792 1242 855 1268 ὅταν
881 1242 924 1274 δὲ,

140 1283 220 1316 Πρὸς
234 1282 328 1309 αὑτὸν
345 1284 539 1318 ἐλευσόμεθα,
565 1286 614 1311 καί
635 1285 734 1320 μονὴν
756 1287 823 1320 παρ’
847 1287 926 1319 αὐτῷ

141 1331 340 1363 ποιησόμεθα,
363 1329 393 1356 τὸ
409 1330 572 1366 διῃρημένον
590 1331 644 1357 τῶν
662 1332 836 1358 ὑποστάσεων
851 1332 926 1366 λογι-

142 1374 270 1409 ζόμενοςη
285 1375 350 1401 ὅταν
363 1375 402 1405 δὲ,
421 1375 453 1401 τὸ
474 1376 590 1412 Πατρὸς,
613 1376 660 1403 καὶ
683 1376 746 1403 Υἱοῦ
758 1397 764 1409 ,
787 1377 835 1404 καὶ
849 1378 926 1412 ἁγίου

142 1421 215 1447 Πνεύ
220 1430 303 1456 ματος
314 1421 409 1456 δνομα,
423 1422 470 1454 τὰς
484 1424 559 1458 τρεῖς
577 1422 720 1458 ἰδιότητας.

179 1511 228 1537 1Δ’.
249 1511 325 1538 Μετὰ
349 1511 439 1538 Λουκᾶ
455 1511 647 1547 ὲμπνεύσθητι,
664 1514 723 1544 ταῖς
739 1513 856 1548 Πράξεσι
873 1513 926 1540 τῶν

142 1556 299 1583 ἀποστόλων
315 1557 497 1592 προσομιλῶν.
513 1557 545 1583 Τί
563 1558 631 1592 μετὰ
651 1558 771 1584 Ἀνανίου
784 1559 866 1594 τάττῃ
879 1559 925 1585 καὶ

1008 514 1080 541 ΧΗΙ.
1090 513 1130 541 Sil
1141 518 1230 540 autem
1241 513 1291 539 hoc
1303 512 1433 539 orationis
1445 519 1523 547 caput
1533 523 1538 540 :
1548 513 1631 549 626
1642 514 1758 541 divinam

973 560 1084 595 gloriam
1101 567 1161 586 cum
1176 558 1327 591 seraphinis
1344 558 1470 591 przedica,
1483 559 1526 592 qui
1541 564 1593 585 tres
1605 559 1760 587 sanctitates

974 606 999 633 in
1018 612 1097 632 uuam
1125 605 1333 631 dominationem
1349 603 1372 618 ⁷³
1386 604 1559 636 contrahunt,
1592 605 1761 638 primamque

973 652 1114 680 essentiam
1130 651 1260 678 hactenus
1287 650 1417 681 indicant,
1432 655 1566 684 quatenus
1581 658 1639 677 eam
1658 651 1760 677 studio-

973 698 1010 725 sis
1022 697 1173 724 hominibus
1187 704 1279 723 eorum
1297 696 1344 722 alae
1356 695 1490 730 paululum
1506 696 1638 729 aperiunt.
1658 696 1759 722 lllumi-

974 750 1038 770 nare
1057 750 1116 770 cum
1139 742 1247 774 Davide,
1266 741 1310 776 qui
1330 741 1368 768 sic
1385 741 1474 767 lumen
1490 741 1652 775 alloquitur:
1668 741 1700 767 In
1714 741 1755 767 lu-

973 788 1041 814 mine
1054 792 1097 814 ιαο
1110 786 1250 814 videbimus
1268 786 1355 812 lumen
1375 785 1408 818 7‘,
1426 785 1476 812 hoc
1493 791 1533 812 est
1554 786 1579 812 in
1597 786 1696 819 Spiritu
1713 786 1758 813 Fi-

974 832 1037 858 lium
1052 841 1058 858 ι
1074 839 1126 866 quo
1140 832 1202 866 quid
1220 830 1345 864 fulgidius
1369 837 1428 857 esse
1451 831 1552 864 possit?
1573 831 1638 858 Cum
1655 830 1759 857 Joanne

975 878 1031 910 illo,
1049 877 1158 904 tonitrui
1183 877 1237 903 lilio
1252 877 1286 909 ⁷⁵,
1304 877 1407 908 intona,
1426 876 1491 903 nihil
1507 877 1538 902 de
1556 877 1610 903 Deo
1626 877 1757 910 abjectum

978 930 1008 950 ac
1035 928 1170 950 terrenum
1200 922 1338 954 insonans,
1365 921 1411 948 sed
1439 921 1575 948 excelsum
1602 925 1628 948 et
1647 921 1760 948 sublime

977 968 1084 1004 (nempe
1108 966 1225 994 Verbum
1252 967 1326 998 illud,
1349 966 1420 1001 quod
1451 966 1475 992 in
1493 967 1622 1001 principio
1645 971 1717 998 erat,
1733 971 1761 992 et

976 1015 1044 1048 apud
1061 1014 1142 1041 Deum
1159 1017 1229 1046 erat,
1245 1018 1273 1039 et
1290 1013 1360 1040 Deus
1374 1017 1432 1040 erat
1447 1012 1479 1042 ⁷⁵,
1498 1012 1580 1039 Deum
1603 1019 1760 1047 agnoscens,

975 1063 999 1085 Cl
1013 1058 1094 1085 Deum
1108 1065 1200 1085 verum
1214 1065 1247 1085 ex
1260 1057 1338 1084 Patre
1351 1065 1424 1090 vero,
1437 1064 1490 1084 non
1502 1061 1588 1083 autem
1603 1064 1760 1083 conservum

975 1105 1086 1137 bonum,
1103 1104 1159 1132 solo
1171 1103 1230 1131 Filii
1243 1104 1351 1132 nomine
1367 1107 1491 1131 ornatum
1504 1109 1512 1130 :
1524 1109 1603 1136 atque
1618 1102 1698 1129 alium
1712 1102 1762 1129 Pa-

975 1153 1114 1185 racletum,
1127 1151 1220 1185 alium,
1235 1151 1354 1186 inquam,
1378 1152 1412 1179 ab
1423 1158 1456 1178 co
1467 1151 1512 1185 qui
1527 1151 1703 1185 loquebatur;
1715 1151 1760 1178 Dei

975 1203 1054 1232 porro
1068 1196 1182 1223 Verbum
1192 1196 1377 1231 loquebatur);
1392 1202 1505 1229 eamque
1519 1195 1649 1222 rationem
1664 1195 1750 1221 iniens

975 1247 1001 1270 ul
1017 1250 1077 1269 cum
1095 1242 1137 1269 illa
1152 1241 1217 1276 legis
1231 1251 1238 1267 :
1263 1240 1319 1276 Ego
1336 1247 1358 1268 et
1378 1241 1458 1268 Pater
1476 1249 1557 1267 unum
1570 1249 1659 1267 "tum:
1674 1240 1708 1274 ⁷⁷,
1720 1248 1762 1267 es-

975 1288 1068 1316 sentia:
1080 1287 1295 1322 contiunctionetn
1310 1287 1357 1314 tibi
1377 1287 1411 1313 ob
1425 1286 1519 1314 oculos
1532 1294 1665 1321 proponas
1679 1295 1686 1313 :
1699 1293 1760 1313 cum

976 1338 1064 1360 autem
1091 1333 1134 1359 illa
1150 1342 1156 1359 :
1174 1333 1214 1358 Ad
1235 1341 1293 1359 eum
1313 1332 1452 1362 veniemus,
1465 1336 1490 1358 et
1514 1331 1673 1358 mansionem
1690 1331 1760 1366 apud

975 1386 1033 1405 eum
1046 1378 1170 1412 faciemus
1182 1377 1216 1409 ",
1229 1384 1401 1412 personarum
1422 1376 1619 1403 distinctionem
1642 1377 1759 1411 cogites:

975 1431 1035 1450 eum
1059 1428 1122 1451 vero
1145 1423 1243 1455 Patris,
1269 1427 1294 1450 et
1318 1423 1391 1455 Filii,
1414 1428 1442 1449 et
1462 1423 1579 1457 Spiritus
1608 1423 1693 1450 sancti
1713 1430 1761 1450 no-

974 1476 1035 1496 men
1045 1470 1080 1502 ”,
1098 1474 1152 1496 tres
1165 1469 1340 1504 proprietates
1352 1475 1467 1503 spectes.

1009 1514 1078 1542 XIV.
1106 1514 1173 1542 Cum
1196 1515 1267 1542 Luca
1296 1515 1422 1542 divinitus
1447 1515 1557 1547 alllare,
1580 1514 1761 1549 apostolorum

975 1561 1040 1588 Acta
1058 1561 1158 1596 legens.
1173 1561 1240 1594 Quid
1257 1566 1281 1587 te
1291 1561 1401 1588 Ananim
1409 1561 1583 1595 Saphirzeque
1591 1561 1614 1576 ⁸ο
1629 1560 1763 1595 adjungis,

142 1603 303 1638 Σαπφείρας
314 1602 367 1629 τῶν
379 1603 478 1629 καινῶν
488 1603 525 1637 (8)
536 1603 686 1638 νοσφιστῶν
697 1604 735 1638 (εἴ
742 1613 773 1638 γε
785 1604 876 1630 καινὸν
886 1604 922 1639 (9)

978 1606 1053 1633 novis
1069 1606 1122 1633 illis
1137 1608 1256 1640 pecuniae
1279 1606 1397 1633 furibus?
1415 1606 1494 1642 (nova
1509 1606 1608 1633 etenim
1627 1606 1696 1632 haud
1712 1606 1763 1632 dn-

141 1648 227 1680 (ιν-τως
241 1649 258 1684 ή
274 1648 327 1675 τῶν
343 1648 415 1675 ἰδίων
433 1648 543 1684 κλοπὴ),
561 1649 607 1675 καὶ
624 1648 710 1675 ταῦτα
722 1649 923 1684 νοσφιζόμενος,

143 1696 195 1721 οὐκ
208 1694 348 1730 ἀργύριον,
362 1694 416 1721 οὐδ’
433 1694 495 1721 ἄλλο
506 1703 533 1721 τι
546 1694 600 1721 τῶν
615 1695 729 1721 εὐτελῶν
744 1695 790 1722 καὶ
807 1696 923 1732 μικρῶν,

143 1736 200 1766 οἷον
213 1739 339 1773 γλῶσσαν
357 1741 470 1775 χρυσῆν,
490 1739 507 1775 ἢ
523 1739 675 1776 ψιλὴν(10),
691 1740 706 1776 ἢ
719 1740 876 1776 δίδραχμον,
888 1741 925 1774 ὥς

144 1793 211 1810 ποτε
225 1783 393 1820 στρατιώτης
405 1784 550 1820 ἄπληστος,
567 1785 623 1811 ἀλλ’
635 1785 718 1819 αὐτὴν
733 1785 856 1812 κλέπτων
867 1786 926 1813 θεό-

143 1838 223 1866 τητα,
250 1829 296 1856 καὶ
313 1829 486 1864 ψευδόμενος,
510 1830 560 1856 οὐκ
581 1829 733 1865 ἄνθρωπον,
760 1829 828 1856 ἀλλὰ
849 1830 925 1862 Θεὸν,

144 1877 214 1912 ὅπερ
233 1876 367 1911 ἡκουσαςς
393 1875 441 1907 Τίς
469 1875 544 1910 Μηδὲ
570 1875 618 1910 τὴν
647 1875 771 1907 ἐξουσίαν
796 1876 856 1912 αίδῇ
881 1876 927 1903 τοῦ

144 1923 314 1957 Πνευματος,
332 1922 372 1956 ἐφ’
385 1921 431 1952 οὓς
443 1921 525 1953 θέλει,
537 1921 584 1948 καὶ
594 1922 739 1957 ἡνίκα,καὶ
753 1923 815 1949 ὅσον
830 1923 926 1949 πνέον-

144 1975 207 1999 cog;
229 1966 437 2000 Ἐπιδημεῖτοῖς
452 1966 515 2002 περ).
523 1965 671 2001 Κορνήλιον
691 1965 744 2001 πρὸ
766 1966 811 1992 τοῦ
830 1966 928 2001 βαπτί-

146 2020 259 2047 σματος,
269 2012 357 2043 ἄλλοις
371 2011 438 2046 μετὰ
449 2011 480 2037 τὸ
495 2011 633 2046 βάπτισμα
640 2011 683 2037 διὰ
696 2011 750 2037 τῶν
763 2012 926 2040 ἀποστόλων.

146 2058 229 2084 ’Ὠστε
245 2057 448 2092 ἀμφοτέρωθεν,
465 2057 496 2084 ἐκ
505 2066 535 2084 τε
546 2054 582 2084 ὧν
599 2057 790 2092 ὲπιφοιτᾷῌ1)
807 2057 929 2084 δεσποτι-

145 2103 212 2134 κῶς,
231 2102 288 2129 ἀλλ’
300 2103 330 2129 οὑ
354 2102 492 2134 δουλικῶς,
509 2103 556 2129 καὶ
572 2104 600 2136 ἐξ
623 2099 660 2130 ὤν
677 2103 846 2138 ἐπιζητεῖ-ται
862 2104 930 2139 πρὸς

144 2148 196 2183 τὴν
211 2147 360 2180 τελείωσιν,
372 2148 420 2184 τὴν
433 2147 546 2183 θεότητα
562 2148 756 2184 μαρτυρεῖσθαι
771 2149 817 2175 τοῦ
844 2149 930 2175 Πνεύ-

147 2202 233 2229 ματος

182 2239 234 2265 1Ε¹.
250 2238 328 2266 Μετὰ
339 2239 445 2266 Παύλου
459 2238 626 2274 θεολόγησον,
642 2239 688 2265 τοῦ
702 2240 769 2275 πρὸς
782 2239 871 2274 τρίτον
886 2240 931 2265 οὐ-

978 1652 1020 1679 bie
1033 1656 1074 1678 est
1086 1652 1253 1686 propriarum
1274 1659 1361 1678 rerum
1375 1651 1534 1685 subreptio),
1551 1651 1632 1686 idque
1649 1659 1699 1678 non
1716 1658 1762 1684 pc-

977 1698 1093 1730 cuniam,
1109 1702 1155 1724 aut
1168 1697 1241 1724 aliud
1258 1697 1396 1732 quidpiam
1412 1697 1469 1725 lere
1485 1703 1510 1725 et
1528 1698 1617 1732 exigui
1631 1698 1707 1732 pretii
1723 1705 1764 1724 su-

977 1751 1099 1774 surrans,
1115 1747 1143 1770 ut
1168 1743 1284 1778 linguam
1313 1751 1434 1777 auream,
1458 1743 1686 1777 paludamentum,
1717 1747 1764 1769 aut.

978 1787 1143 1820 didrachma,
1162 1792 1191 1815 ut
1205 1788 1340 1822 quondam
1355 1795 1451 1815 avarus
1467 1788 1544 1814 miles
1556 1788 1589 1819 '",
1603 1788 1649 1815 sed
1680 1789 1763 1822 ipsam

978 1832 1142 1860 divinitatem
1154 1833 1317 1867 subripiens,
1331 1840 1362 1860 ac
1375 1833 1428 1860 Deo
1439 1841 1491 1859 non
1507 1833 1606 1860 homini
1620 1834 1761 1866 mentiens,

980 1882 1008 1904 ut
1022 1877 1166 1911 Scriptura:
1178 1879 1265 1905 verbis
1279 1883 1338 1905 utar
1351 1879 1385 1906 ⁸³.
1401 1878 1490 1911 Quid?
1504 1878 1542 1905 Ne
1557 1879 1639 1912 ipsam
1655 1878 1761 1912 quidem

981 1924 1114 1951 revereris
1121 1924 1236 1958 Spiritus
1242 1928 1410 1958 potestatemI
1419 1924 1474 1958 qui.
1487 1924 1511 1950 in
1521 1931 1598 1958 quos.
1612 1928 1637 1950 et
1647 1923 1761 1957 quando,

983 1974 1009 1995 et
1022 1975 1150 2003 quantum
1165 1969 1221 1996 vult
1243 1969 1329 2004 spirat
1339 1969 1381 1995 "?
1396 1969 1435 1996 Ad
1457 1969 1609 1996 Cornelium
1634 1973 1697 1995 ante
1718 1968 1761 1994 ba-

979 2015 1105 2048 ptismum
1130 2015 1256 2045 accedit;
1285 2015 1318 2041 ad
1356 2015 1432 2047 alios,
1467 2015 1645 2048 apostolorum
1671 2021 1760 2047 opera,

981 2064 1040 2093 post
1051 2059 1212 2094 baptismum
1224 2062 1255 2089 ⁸³,
1265 2059 1302 2086 Ita
1319 2060 1453 2093 utrinque,
1469 2067 1564 2094 nempe
1573 2063 1600 2086 et
1612 2066 1681 2086 exeo
1694 2058 1762 2092 quod

982 2105 1069 2137 herili,
1085 2113 1137 2132 non
1153 2110 1240 2132 autem
1252 2105 1342 2132 servili
1355 2105 1432 2131 modo
1443 2104 1553 2135 accedit,
1567 2108 1591 2131 et
1603 2111 1634 2131 ex
1647 2111 1678 2130 eo
1692 2103 1762 2138 quod

984 2151 1018 2177 ad
1029 2151 1188 2185 baptismum
1201 2151 1326 2178 omnibus
1339 2151 1455 2178 numeris
1468 2150 1660 2178 absolvendum
1675 2151 1761 2185 requi‘

983 2197 1064 2228 ritur,
1081 2196 1197 2231 Spiritus
1210 2197 1294 2223 sancti
1309 2197 1433 2224 divinitas
1447 2201 1542 2224 testata
1558 2197 1725 2230 relinquitur.

1017 2241 1076 2270 XV.
1091 2243 1156 2270 Cum
1168 2243 1249 2270 Paulo
1268 2243 1300 2269 de
1314 2244 1393 2270 rebus
1404 2243 1498 2270 divinis
1512 2243 1624 2273 dissere,
1635 2250 1693 2268 cum
1709 2242 1762 2275 illo,

149 2284 229 2320 ρανὸν
257 2284 431 2319 ἀναχθέντος·
459 2285 522 2311 ποτὲ
552 2285 602 2320 μὲν
628 2283 855 2319 συναριθμοῦντος
880 2285 930 2316 τὰς

981 2288 1189 2323 inquam,quiad
1197 2289 1302 2314 tertium
1310 2289 1404 2315 ctelmn
1413 2293 1521 2315 evectus
1531 2293 1572 2314 est
1588 2288 1629 2321 ”;
1644 2288 1689 2322 qui
1697 2295 1762 2314 non-

147 2332 222 2366 τρεῖς
239 2330 410 2362 ὑποστάσεις,
423 2330 469 2356 καὶ
485 2329 564 2356 τοῦτο
577 2330 791 2365 ἐνηλλαγμένως,
806 2330 836 2356 οὐ
849 2338 927 2364 τετη-

149 2375 275 2411 ρημένως
293 2376 352 2407 ταῖς
367 2374 471 2407 τάξεσι,
491 2374 734 2410 προαριομοῦντος,
751 2375 929 2410 ὲναριΟμοῦν-

185 2445 208 2461 ⁷³
222 2445 275 2471 lsa.
292 2453 328 2476 γι,
345 2445 372 2472 5.
410 2444 433 2460 ⁷⁵
443 2444 514 2471 Psal.
531 2452 612 2477 xxxv,
624 2445 666 2472 10.
704 2444 727 2460 ⁷⁸
741 2444 823 2472 Marc.
841 2452 880 2474 Ill,
898 2445 938 2471 17.

185 2480 278 2507 Matth.
293 2487 390 2507 xxvm.
409 2479 451 2506 19.
494 2479 517 2495 ⁸ο
529 2479 590 2507 Act.
604 2487 630 2507 v.
644 2480 654 2505 1
671 2484 696 2505 et
710 2486 786 2507 seua.
827 2479 849 2494 ⁸¹
864 2479 919 2507 Jos.
936 2489 938 2493 τ

988 2445 1011 2460 ⁷⁸
1028 2444 1105 2472 Joan.
1125 2453 1144 2477 ι,
1163 2445 1189 2471 1.
1240 2446 1262 2461 ⁷⁷
1279 2445 1356 2473 Joan.
1378 2454 1404 2478 κ,
1425 2445 1468 2472 50.

978 2501 984 2507 .
1000 2480 1044 2507 21.
1082 2481 1104 2496 ⁸¹
1116 2481 1175 2507 Act.
1193 2489 1218 2507 ν.
1233 2481 1259 2507 4.
1298 2481 1321 2496 ⁸⁸
1335 2480 1411 2507 Joan.
1427 2489 1468 2507 Ill.
1485 2480 1501 2506 8

898 2488 919 2506 ε.
936 2488 984 2513 vn,
1000 2488 1044 2508 ιιι.
1082 2488 1104 2496 οι
1116 2488 1175 2507 Act.
1193 2489 1218 2513 ν,
1233 2488 1259 2507 4.
1298 2488 1321 2496 θ’
1335 2488 1411 2508 Joan.
1427 2489 1468 2513 III,
1485 2488 1510 2506 δ.

147 2480 171 2496 ⁷³
184 2480 278 2507 Matth.
293 2487 390 2512 xxvm,
409 2479 451 2506 19.
494 2479 517 2495 ⁸ο
529 2479 590 2509 Acl.
604 2487 630 2511 v,
644 2480 654 2505 1
671 2484 696 2505 et
710 2486 786 2514 seqq.

148 2523 206 2546 xtx,
218 2514 248 2541 2.
283 2515 306 2531 ⁸⁸
320 2514 342 2541 ιι
353 2515 415 2542 Cor.
428 2522 476 2546 xu,
488 2514 517 2541 2.

184 2571 222 2604 (3)
248 2571 344 2597 Φύσιν
359 2571 509 2605 ὁμότιμον.
539 2571 583 2598 Sic
610 2570 676 2605 Reg.
696 2577 722 2602 a,
748 2571 793 2601 hu.
813 2571 932 2603 Cuisl.l,

984 2340 1118 2367 utinquam
1125 2339 1176 2360 tres
1184 2333 1264 2369 627
1275 2341 1402 2368 personas
1408 2337 1590 2366 eonnumerat,
1599 2333 1675 2367 idque
1682 2333 1762 2365 varie,

985 2386 1034 2405 nec
1048 2379 1184 2406 nominum
1199 2380 1292 2406 ordine
1306 2384 1420 2411 servato,
1436 2380 1484 2406 sed
1494 2372 1614 2406 eamdem
1626 2386 1763 2413 personam

1521 2446 1543 2462 ⁷⁵
1560 2444 1636 2472 Joan.
1652 2452 1707 2477 xtv,
1719 2445 1763 2471 25.

1561 2480 1585 2496 ⁸⁵
1597 2481 1657 2506 Act.
1678 2488 1705 2512 ι,
1718 2480 1764 2512 M;

988 2445 1011 2460 ”
1028 2444 1105 2472 Joan.
1125 2453 1144 2477 ι,
1163 2445 1189 2471 1.
1240 2446 1262 2461 ⁷⁷
1279 2445 1356 2473 Joan.
1378 2454 1404 2478 κ,
1425 2445 1468 2472 50.

1020 2570 1197 2607 (10)7Ψιλήν.
1225 2568 1253 2595 In
1270 2567 1438 2607 quibusdam,
1458 2566 1574 2607 ψέλλιον,
1593 2565 1642 2607 ‘vel
1664 2565 1765 2600 ψέλιον,

149 2600 258 2639 Camb"
274 2611 327 2632 etc.
351 2600 382 2632 Ιιῖ
404 2600 574 2640 quibusdam,
589 2600 722 2632 ἱσὸτῖιιονζ
750 2606 778 2632 1η
787 2600 845 2638 ed.,
861 2600 934 2633 ἁσώέ

986 2600 1180 2636 {armillam}
1208 2611 1259 2637 qua
1272 2600 1338 2640 voce
1362 2603 1402 2628 usi
1421 2600 1484 2628 sunt
1593 2600 1765 2640 ln-te‘rpretes,

152 2648 247 2675 ματον,
271 2649 280 2666 ι
293 2641 413 2674 corporis
429 2646 576 2675 expertem.
592 2650 601 2666 ι

186 2676 224 2710 (4)
239 2676 393 2716 ξῐερσυϐίμ.
428 2674 455 2702 lu
472 2676 641 2710 quibusdam,
659 2679 685 2702 et
701 2675 729 2702 in
756 2674 825 2702 Isaia
855 2683 889 2708 VI,
905 2677 932 2709 2,

151 2718 181 2736 σε
187 2718 283 2737 οαωιυ..

187 2718 337 2780 ῗέῗῗίἇνῃ.
346 2745 452 2772 Addunt
463 2745 537 2780 editi,
551 2753 588 2777 τι,
604 2744 673 2778 quod
683 2745 709 2771 in
721 2743 839 2778 pluribus
850 2744 933 2780 Regg.

151 2786 205 2808 non
222 2780 318 2813 legitur
330 2788 336 2794 -
350 2780 465 2813 ideoque
480 2779 542 2805 illud
556 2779 710 2806 delevimus.

188 2814 227 2848 (6)
246 2814 320 2841 Θεοῦ
335 2813 377 2840 δέ.
391 2813 435 2841 Sic
453 2819 507 2840 tres
525 2815 605 2849 llegg.
623 2814 701 2840 Deest
712 2813 753 2849 δέ,
763 2813 788 2839 in
804 2815 844 2842 ed;

200 2849 226 2882 7)
249 2848 472 2882 Ἀναγινώσκῃς.
490 2849 555 2883 Reg.
566 2847 628 2881 ﬁlim,
642 2847 843 2882 ἀναγινώσκεις.

199 2883 227 2917 8)
242 2883 365 2910 Καινῶν.
382 2883 409 2910 1η
424 2884 592 2917 quibusdam,
611 2885 705 2911 κενῶν.

189 2918 227 2954 (9)
237 2919 357 2946 Καινόν.
373 2918 400 2946 In
415 2918 558 2952 nonnullis,
568 2918 654 2945 κενόν.

983 2641 1032 2669 Job
1047 2649 1092 2671 XL,
1110 2634 1156 2666 21.
1172 2634 1269 2666 Verum
1288 2638 1348 2664 ideo
1373 2640 1496 2664 constare
1507 2637 1595 2666 debet,
1615 2634 1706 2696 ψιλῖγν,
1723 2643 1762 2662 ve-

985 2684 1040 2696 ηηι
1058 2683 1117 2696 ρςςρ
1148 2674 1298 2696 Inc-tionem.
1327 2672 1396 2696 nnod
1411 2670 1555 2696 Gregorius
1572 2675 1645 2696 notat
1676 2675 1762 2696 urtum

985 2684 1040 2702 ram
1058 2683 1117 2702 esse
1147 2674 1298 2705 lectionem,
1327 2672 1396 2706 quod
1411 2670 1555 2706 Gregorius
1572 2675 1645 2697 notat
1665 2670 1765 2696 furtum

983 2711 1087 2741 Achan,
1100 2709 1144 2742 qui
1160 2709 1264 2734 furatus
1280 2704 1320 2733 est
1333 2704 1412 2742 ψιλὴν
1432 2704 1592 2742 ποικίληνηι
1604 2708 1703 2730 vestem
1720 2711 1766 2742 va-

984 2747 1063 2777 riam,
1080 2739 1090 2770 i
1110 2739 1139 2771 ut
1161 2743 1257 2774 legitur
1275 2739 1345 2776 apud
1361 2739 1644 2777 septuaginta,‘.losue
1658 2746 1704 2777 vn,
1718 2739 1763 2765 2L

984 2774 1060 2813 Quod
1075 2783 1165 2805 autem
1179 2778 1200 2803 Τ
1203 2774 1362 2813 beodoretus
1382 2774 1488 2813 στολήν,
1506 2783 1515 2798 ι
1526 2779 1636 2813 vestem,
1651 2782 1660 2798 ›
1683 2775 1765 2813 inter-

984 2807 1115 2849 pretatur,
1130 2812 1245 2847 Cyrillns
1273 2819 1333 2849 esse
1360 2810 1426 2844 vult,
1443 2807 1643 2849 deperitura-qv
1658 2807 1764 2842 στολήν,

986 2845 995 2874 ἒ
1009 2845 1241 2883 palmlmnehlum._
1251 2856 1259 2872 ι
1273 2845 1399 2883 ytllgata,
1430 2854 1438 2869 ι
1452 2845 1558 2878 pallium
1572 2845 1736 2883 coccineum.
1750 2851 1762 2869 ι

1019 2884 1074 2918 (11)
1094 2881 1252 2917 Ἐπιφοιτᾷ,
1269 2880 1373 2914 Cutnb.,
1390 2878 1595 2914 προσεπιφοιτᾷ,
1618 2887 1626 2903 ι
1637 2884 1762 2912 δυροῑνθη

984 2918 1033 2945 nil.
1043 2927 1052 2943 )
