2029 3127
289 114 344 144 359

908 110 936 139 S.
957 110 1026 138 GllE
1032 110 1124 139 GORll
1144 111 1316 140 TllEOLOGI

1858 114 1916 141 260

290 172 386 200 rietum
398 169 548 202 eﬂ‘ossores,
565 168 714 202 prtetloncs,
732 171 757 194 et
773 174 796 194 ε.
823 166 882 202 [uid
897 167 968 193 aliud
984 168 1072 194 noctis

1128 167 1273 199 ταδύονται,
1287 167 1332 193 ἐπὶ
1346 166 1465 202 κεφαλὴν
1479 167 1599 203 ἀλλήλων
1618 168 1755 204 ἐχόμεναι.
1767 168 1915 196 Πέπαυται

287 225 356 252 opus
381 222 442 248 est,
470 220 564 242 exorto
592 214 666 249 pacis
689 213 813 245 lumine,
838 213 956 239 latebras
985 213 1072 247 petiit.

287 263 410 298 Quandiu
427 269 506 297 porro
519 269 569 287 nox
590 261 633 287 illa
649 265 717 292 erat,
732 259 833 286 erroris
849 259 964 292 caligine
977 262 1073 285 cuncta

287 310 455 342 obscuratis,
477 307 565 342 qualia
583 306 689 333 tandem
717 306 790 332 luere
807 312 867 339 quae
891 303 1073 339 gerebantur?

289 356 352 383 Haec
364 355 495 390 siquidem
511 353 644 380 oblivione
661 351 769 386 altoque
793 351 874 385 digna
899 351 1006 377 silentio
1020 370 1027 383 ,
1046 354 1075 376 ut

289 409 323 429 ne
336 401 452 428 tristium
468 406 557 426 rerum
574 398 704 425 memoria
728 404 846 431 praesens
861 396 986 430 gaudium
1007 403 1073 422 con-

288 447 444 474 taminatur.
467 445 588 478 Quonam
611 443 683 470 enim
704 443 784 469 modo
797 463 805 474 ,
819 449 879 477 quae
898 447 954 468 tutu
970 446 1074 475 patrata

289 497 351 520 sunt
370 491 457 523 mala,
477 491 610 524 quispiam
638 488 759 515 dixerit?
788 495 820 514 ac
839 494 956 521 quonam
983 494 1075 512 rursus

289 538 368 564 modo
382 545 413 565 ea
425 536 555 563 tacuerit?
570 535 631 568 quis
643 534 675 560 ad
689 533 760 560 hunc
773 533 881 559 modum
898 541 928 558 cx
944 532 1071 566 tragoedia

288 587 437 611 commotus
450 582 511 609 est?
526 588 586 615 qua:
606 580 695 607 fabula
711 585 798 606 tantas
811 579 976 604 calamitates
998 578 1073 604 ellio—

289 629 346 656 xit?
363 629 421 662 quis
444 627 580 661 tragoedus
596 633 651 652 rem
678 629 730 651 tam
751 625 901 651 luctuosam
927 632 976 657 pro
993 631 1072 650 seeua

288 673 483 702 conclatnarit?
499 672 639 699 Sermonis
662 671 815 697 facultatem
833 669 974 696 calamitas
997 677 1075 703 snpe-

289 725 351 748 rat:
370 719 468 753 majora
497 722 559 745 sunt
583 717 663 750 mala,
688 724 768 751 quam
793 721 822 743 ut
847 716 908 750 quis
930 715 1017 742 verbis
1043 723 1074 742 ea

289 772 383 792 enarra
389 771 416 790 re
432 763 531 797 possit.

324 851 370 877 ιιι.
392 851 496 876 Chorus
514 849 568 881 ille,
586 848 686 876 diaboli
703 848 781 875 sedes
796 853 822 874 et
845 848 1072 882 propugnaculum

288 901 356 923 erat.
373 896 420 923 Hic
436 896 486 922 sibi
501 895 650 922 exercitum
667 895 854 925 constituerat,
870 902 901 920 ac
916 893 1073 920 defensores

289 947 317 969 et
329 941 456 968 satellites
473 941 499 967 in
516 948 549 967 eo
569 939 724 967 collocarat.
751 939 799 966 llic
825 938 956 965 mendacii
971 943 1072 968 castra,

288 986 389 1014 erroris
411 991 638 1020 propugnatores,
662 985 814 1011 daemonum
840 983 996 1017 expeditio,
1023 982 1074 1009 im-

289 1032 448 1059 mundorum
471 1031 610 1065 spirituum
633 1030 767 1064 legiones;
794 1037 836 1061 ac,
863 1030 884 1056 si
910 1029 973 1062 quid
990 1029 1072 1055 etiam

291 1083 464 1104 externorum
487 1077 624 1103 nominum
649 1082 780 1108 usurpare
796 1075 870 1105 licet,
893 1074 954 1101 hinc
977 1081 1074 1108 pravus

291 1122 431 1150 Furiarum
444 1123 577 1149 exercitus
590 1121 718 1148 adversus
729 1120 875 1147 Ecclesiam
895 1120 1074 1147 debacchatus

290 1173 341 1196 est.
357 1168 403 1196 Sic
421 1168 492 1196 enim
517 1168 646 1200 adducor,
669 1171 700 1194 ut
729 1174 776 1194 eas
799 1166 912 1194 feminas
930 1165 1075 1200 appellem,

290 1222 350 1249 qua:
365 1221 444 1248 supra
460 1218 582 1240 naturam
598 1213 630 1240 ad
648 1213 748 1239 malntn
767 1213 861 1240 viriles
879 1220 938 1239 sese
953 1212 1074 1247 prmbue-

291 1264 363 1286 runt.
376 1258 433 1286 Una
448 1265 506 1286 erat
518 1260 544 1286 in
557 1259 649 1286 diebus
663 1259 726 1285 Elite
746 1257 855 1285 Iezabel
869 1258 998 1285 adversus
1014 1265 1076 1292 pro-

290 1306 386 1341 phetas
409 1305 512 1332 Domini
535 1306 634 1332 caedem
648 1304 777 1332 anhelans
790 1305 829 1336 ";
847 1311 963 1338 eamque
989 1304 1074 1338 inspi-

291 1355 350 1378 rata
364 1351 489 1378 divinitus
506 1351 644 1386 Scriptura
656 1351 814 1385 proscindit,
831 1355 871 1382 ut,
888 1358 946 1377 mea
962 1351 1073 1384 quidem

291 1397 441 1429 sententia,
462 1404 541 1424 omne
561 1397 688 1430 deinceps
709 1396 834 1423 sacculum
848 1416 859 1427 ι
877 1395 1021 1430 pctulantis
1045 1403 1077 1423 ac

292 1443 431 1477 impudica:
443 1442 561 1470 mulieris
576 1442 775 1473 recordatione,
793 1441 943 1468 erudiatur.
959 1440 1073 1472 Verum,

291 1493 358 1523 quot
379 1488 496 1516 Jezabeli
520 1489 581 1515 huic
600 1487 719 1519 similes,
737 1489 810 1514 velut
831 1487 918 1514 cicuta
930 1507 938 1519 ,
955 1495 990 1514 ex
1004 1494 1069 1521 agro

292 1539 404 1569 repente
425 1534 605 1569 pullularunt,
625 1534 720 1567 majori
741 1533 821 1569 631
843 1540 948 1567 quoque
972 1533 1074 1560 saevitia

291 1587 363 1611 eam,
390 1587 470 1614 quam
495 1579 724 1610 commemoravi,
750 1583 921 1614 superantes.
948 1577 1024 1611 Quod
1053 1578 1076 1605 si

293 1625 373 1651 ﬁdem
385 1625 501 1651 sermoni
518 1633 577 1652 meo
591 1632 644 1651 non
658 1624 758 1651 habeas
769 1643 776 1655 ,
795 1624 936 1651 historiam
959 1623 1075 1658 inspice.

293 1670 339 1697 Illa
363 1670 470 1705 quidem
495 1669 598 1696 Naboth
618 1670 723 1696 vineam
751 1669 876 1696 maerenti
905 1668 998 1695 Achab
1023 1673 1077 1695 tra-

293 1714 375 1748 didit,
391 1719 420 1741 ut
432 1722 465 1741 ex
480 1714 555 1741 vinea
574 1715 681 1741 hortum
698 1713 799 1740 faceret
814 1732 822 1744 ,
844 1713 921 1739 luxus
936 1718 1079 1739 ornament-

295 1767 349 1788 tum
361 1782 369 1793 ,
388 1761 532 1788 muliebres
558 1760 688 1792 delicias;
707 1761 761 1786 ista:
779 1763 866 1785 autem
879 1777 887 1790 ,
904 1765 951 1792 per
976 1758 1078 1791 seipsas

294 1807 345 1834 hoc
369 1807 466 1833 tnalutn
491 1810 698 1841 perpetrantcs,
715 1805 802 1831 vivam
825 1804 870 1830 Dei
895 1804 1000 1830 vineam
1016 1822 1024 1834 ,
1052 1802 1078 1829 id

293 1856 345 1883 est,
364 1851 529 1883 Ecclesiam,
554 1850 659 1884 penitus
675 1850 701 1876 vi
722 1849 811 1876 delere
832 1856 863 1875 ac
878 1852 1000 1875 evertere
1019 1852 1078 1874 ten-

296 1902 396 1925 tarunt.
410 1896 549 1930 Quodnam
565 1896 626 1931 ejus
641 1896 712 1931 quod
730 1894 819 1922 relero
833 1893 985 1928 exemplum
1002 1899 1080 1927 repe-

295 1942 382 1970 riam?
406 1949 517 1977 ecquam
542 1942 621 1975 hujus
637 1940 779 1980 pravitatis
807 1948 839 1967 ac
867 1939 994 1974 nequitiae
1011 1939 1079 1965 ima-

295 1989 382 2023 ginem
398 1988 576 2023 excogitabo?
603 1987 664 2015 Vidi
682 1988 709 2014 in
736 1986 859 2014 dealbato
874 1985 978 2020 pariete
992 1985 1080 2019 pictu—

295 2042 352 2062 ram
367 2035 516 2070 (iguoscite
533 2035 621 2060 animo
645 2033 777 2060 malorum
795 2032 982 2059 recordatione
1002 2029 1079 2057 exul-

294 2086 403 2112 cerato;
427 2081 482 2107 imo
496 2081 584 2114 potius
608 2086 656 2106 vos
679 2079 730 2114 ipsi
750 2079 869 2105 dolorem
895 2081 1016 2103 nostrum
1030 2076 1080 2102 do-

295 2125 366 2157 lete;
392 2129 484 2152 nostra
499 2124 616 2158 quippe,
634 2131 687 2150 non
707 2122 794 2150 aliena
813 2121 881 2148 mala
906 2119 1078 2155 narramus).

295 2169 423 2203 Quaenam
438 2169 519 2203 igitur
530 2168 574 2195 illa
586 2172 644 2195 erat
661 2168 778 2202 pictura,
790 2174 869 2201 quam
887 2167 967 2192 rebus
979 2166 1080 2193 nostris

296 2215 443 2249 comparo?
459 2222 557 2248 procax
575 2221 607 2240 ac
621 2213 787 2247 praeputliosa
815 2211 937 2245 quaedam
952 2215 1008 2236 erat
1024 2218 1080 2237 tnu-

296 2261 392 2289 lierum
413 2261 510 2287 chorea
524 2280 532 2292 ,
547 2259 600 2286 alia
623 2258 649 2285 in
665 2258 745 2285 aliam
773 2257 882 2291 triputlii
910 2256 1025 2290 speciem
1047 2264 1080 2283 ac

298 2305 528 2341 gesticulationem
551 2311 611 2332 sese
635 2304 835 2337 distorquentcs
857 2301 942 2335 (tales
965 2301 1079 2328 feminas

296 2352 428 2380 Maenadas
442 2350 538 2378 fabulae
552 2348 677 2384 vocant).
695 2348 735 2375 Ad
750 2355 822 2375 aura;
834 2348 929 2374 [latum
942 2355 1025 2375 coma:
1040 2348 1080 2374 in-

296 2397 444 2425 volitabant
459 2405 466 2423 :
493 2399 617 2430 aspectus
640 2393 739 2434 [proris
753 2393 840 2420 aditus
861 2397 920 2420 erat
937 2399 1079 2420 :accensa:

296 2442 370 2470 faces
386 2441 508 2469 manibus
523 2440 708 2475 gestabantur,
722 2446 757 2465 ex
772 2438 870 2473 quibus
879 2437 1005 2470 ﬂammae,
1017 2445 1079 2465 cor-

297 2495 393 2523 porum
405 2486 579 2518 volutatione,
595 2485 754 2513 rotabantur
769 2493 776 2510 :
794 2491 859 2510 aura
875 2483 901 2509 in
919 2483 978 2509 sinu
993 2483 1080 2517 peplo-

296 2542 357 2563 rum
372 2535 531 2562 concinnam
545 2533 705 2568 gravitatem
722 2539 753 2558 ac
777 2530 937 2558 modestiam
953 2530 1080 2559 deturpa-

332 2580 355 2596 ⁹¹
367 2580 399 2607 Ill
411 2580 476 2615 lleg.
487 2587 545 2613 ut,
565 2579 591 2607 l.

333 2628 389 2664 (26)
404 2627 539 2664 Ὀνχορός.
547 2625 690 2664 ιθυνθιιὶι1;
701 2624 774 2660 legit,
782 2624 798 2659 ἠ
807 2622 893 2658 χώρα,
905 2631 915 2648 ‹
927 2621 1060 2649 locusille.
1071 2631 1080 2648 ι

335 2659 390 2698 (27)
407 2659 497 2698 ossa.
515 2661 581 2698 Reg:
596 2661 650 2692 bm,
662 2659 759 2698 οὕτως.

333 2691 390 2734 (28)
402 2696 538 2734 Φονῶσα.
555 2691 734 2734 Montacutius
759 2692 1016 2734 putatnlegendum,
1037 2691 1085 2734 (ρο-

296 2727 344 2762 νον
359 2727 499 2762 ὠδίνουσα,
515 2741 524 2756 t
541 2732 626 2758 caedes
633 2727 796 2763 parturiens.
810 2739 819 2755 ι
835 2728 949 2755 Budteus
965 2727 1082 2762 scripsit,

335 2769 383 2798 νᾷν
397 2768 465 2794 idem
477 2766 576 2798 valere,
594 2773 626 2792 ac
643 2774 652 2790 t
668 2764 748 2792 caedis
764 2765 870 2792 avidum
887 2769 957 2790 esse.
971 2771 980 2787 ι

335 2795 392 2838 (ΞΩ)
410 2801 465 2830 Τοῦ
473 2800 556 2828 Θεοῦ.
569 2795 617 2828 Sic
630 2800 695 2829 Rev.
710 2800 764 2827 bm.
785 2799 814 2826 In
834 2798 876 2827 ed.
891 2798 966 2826 deest
977 2795 1034 2824 τοῦ.

1125 213 1168 239 διὰ
1178 213 1226 248 τῆς
1242 213 1348 248 ἡμέρας
1372 213 1472 248 ταύτης
1496 213 1529 240 τά
1556 214 1610 240 τῶν
1625 214 1779 250 κωμαστῶν
1791 216 1839 241 καὶ
1857 215 1916 240 τῶν

1127 258 1278 294 μεθυόντων
1294 259 1477 293 συντάγματα.
1488 259 1655 291 Λωποδύται,
1672 260 1719 286 καὶ
1736 260 1914 295 τοιχωρύχοι,

1126 300 1171 326 καὶ
1186 300 1308 331 κλέπται,
1322 301 1368 327 καὶ¹
1381 301 1407 326 εἴ
1417 309 1442 327 τι
1452 301 1514 327 ἄλλο
1529 301 1578 336 τῆς
1586 300 1681 332 νυκτὸς
1692 301 1771 337 ἔργον
1785 302 1915 333 ἐστὶ,τοῦ

1126 346 1212 380 φωτὸς
1229 347 1276 381 τῆς
1287 347 1397 382 εἰρήνης
1409 347 1641 380 ἐπανατείλαντος,
1654 347 1816 382 κέκρυπται.
1837 348 1916 379 Ἕως

1125 391 1152 418 δὲ
1162 390 1194 426 ἦν
1208 393 1223 426 ἡ
1241 391 1288 423 νὺξ
1302 392 1392 427 ἐκείνη
1415 392 1453 427 τῷ
1478 394 1526 427 τῆς
1543 393 1649 427 ἀπάτης
1664 393 1755 428 γνόφῳ
1772 393 1806 419 τὰ
1821 393 1915 419 πάντα

1126 437 1368 470 κατασκοτίζουσα,
1382 436 1425 465 οἷα
1436 437 1470 474 ἦν
1484 440 1517 465 τὰ
1528 439 1701 474 πραττόμενα
1713 448 1720 472 ;
1739 439 1831 474 Λήθης
1848 439 1915 472 ἄξια

1126 483 1172 509 καὶ
1187 483 1296 517 βαθείας
1313 485 1401 519 σιγῆς.
1427 484 1464 516 ὡς
1480 486 1512 511 ἂν
1537 485 1573 520 μὴ
1589 486 1683 520 μνήμῃ
1707 484 1760 511 τῶν
1784 485 1915 520 ἀηδεστέ-

1127 537 1190 563 ρων,
1203 530 1219 563 ἡ
1234 529 1356 564 παροῦσα
1370 530 1448 565 χάρις
1471 530 1692 565 καταμολύνοιτο.
1718 529 1779 561 Πῶς
1801 531 1856 565 γὰρ
1877 530 1913 556 ἄν

1126 582 1167 605 τις
1188 574 1258 600 εἴποι
1274 574 1307 600 τὰ
1322 575 1381 600 κατ’
1406 575 1489 610 αὐτῆς
1508 575 1595 608 κακά;
1623 575 1681 606 πῶς
1704 575 1732 601 δὲ
1745 575 1777 601 ἄν
1803 583 1847 605 τις
1863 575 1915 600 καὶ

1129 620 1292 653 σιωπήσειε;
1319 621 1344 645 τί
1371 620 1455 651 πάθος
1487 621 1519 646 ὲκ
1535 620 1686 655 τραγῳδίας
1713 619 1851 650 τοιοῦτον;
1868 619 1915 651 τίς

1128 662 1210 697 μῦθος
1227 663 1367 698 συμφορὰς
1396 664 1590 696 ἀναπλάσσων;
1610 664 1652 695 τίς
1670 665 1783 699 ποιητὴς
1802 665 1912 699 δραμά-

1125 718 1178 736 των
1195 709 1312 735 τοιοῦτον
1341 710 1386 736 ἐπὶ
1402 710 1503 744 σκηνῆς
1517 709 1600 741 πάθος
1615 710 1743 745 ὲϐὁησεν;
1767 710 1852 744 ’Υπὲρ
1868 710 1912 736 λό-

1126 762 1172 788 γον
1194 755 1209 788 ἡ
1230 755 1364 790 συμφορά·
1382 755 1451 789 ὑπὲρ
1472 755 1519 790 τὴν
1533 755 1646 782 δύναμιν
1660 755 1714 782 τῶν
1724 756 1912 791 διηγουμένων

1126 802 1160 826 τὰ
1175 800 1258 835 πάθη.

1160 844 1196 870 I".
1221 845 1402 880 Ὀρμητήριον
1424 843 1458 880 ἦν
1482 845 1527 872 τοῦ
1548 846 1670 872 διαϐόλου
1701 848 1715 873 ὁ
1742 847 1821 882 χορὸς
1841 845 1910 882 ('26).

1131 890 1263 917 Ἐνταῦθα
1276 891 1306 916 τὸ
1331 891 1509 926 στρατόπεδον
1527 891 1615 926 ἐαυτῷ
1641 893 1842 927 κατεστήσατο,
1863 893 1912 919 καὶ

1125 936 1188 967 τοὺς
1203 936 1283 968 ἰδίους
1309 936 1480 967 ὑπασπιστὰς
1503 937 1531 962 ἐν
1555 937 1629 971 αὐτῴ
1643 937 1831 973 καθιδρύσατο.
1851 937 1913 964 Ἐν-

1125 983 1211 1009 ταῦθα
1226 983 1239 1009 ὁ
1255 984 1368 1018 στρατὸς
1383 983 1429 1009 τοῦ
1455 983 1584 1018 ψεύδους,
1602 985 1627 1010 οἱ
1651 985 1699 1019 τῆς
1715 985 1822 1019 ἀπάτης
1843 985 1912 1020 πρό-

1129 1036 1220 1062 μαχοι,
1239 1029 1254 1063 ὴ
1270 1027 1322 1054 τῶν
1345 1028 1478 1062 δαιμόνων
1490 1029 1661 1064 ἐκστρατεία,
1674 1031 1701 1056 αἱ
1713 1030 1846 1064 λεγεῶνες
1857 1030 1913 1056 τῶν

1126 1073 1287 1109 ἀκαθάρτων
1312 1074 1484 1109 πνευμάτων·
1506 1075 1530 1100 εί
1553 1075 1580 1101 δὲ
1593 1075 1646 1110 χρὴ
1671 1075 1718 1101 καὶ
1735 1076 1789 1101 τῶν
1811 1075 1913 1108 ἔξωθεν

1127 1119 1265 1154 ὀνομάτων
1279 1119 1378 1151 εἰπεῖν,
1389 1119 1524 1147 ’ἐντεῦθεν
1542 1121 1557 1146 ὁ
1576 1121 1694 1156 πονηρὸς
1705 1120 1760 1147 τῶν
1776 1121 1913 1156 δαιμόνων

1127 1163 1255 1198 ὲριννύων
1269 1163 1381 1197 στρατὸς
1403 1164 1474 1190 κατὰ
1494 1165 1543 1199 τῆς
1563 1165 1724 1200 Ὲκκλησίας
1754 1165 1911 1201 ἐκώμασεν.

1127 1209 1203 1235 Οὕτω
1220 1209 1275 1243 (27)
1296 1209 1349 1244 γὰρ
1371 1209 1512 1243 ὀνομάζειν
1538 1209 1588 1241 τὰς
1603 1212 1731 1244 γυναῖκας
1743 1210 1912 1246 προάγομαι,

1131 1255 1159 1281 αἳ
1174 1255 1243 1290 ὑπὲρ
1267 1254 1314 1289 τὴν
1329 1255 1408 1288 φύσιν
1423 1255 1463 1286 είς
1476 1255 1505 1281 τὸ
1518 1256 1602 1282 κακὸν
1618 1255 1782 1291 ὴνδρίζοντο.
1803 1258 1861 1283 Μία
1877 1255 1914 1292 ἦν

1128 1301 1156 1326 ὲν
1177 1303 1235 1332 ταῖς
1248 1301 1365 1336 ἡμέραις
1384 1300 1472 1327 Ἦλιοῦ
1495 1302 1511 1335 ὴ
1532 1301 1658 1334 Ἰεζάΰελ,
1685 1302 1753 1328 κατὰ
1771 1303 1823 1329 τῶν
1845 1311 1914 1338 προ-

1128 1345 1219 1380 φητῶν
1231 1346 1277 1372 τοῦ
1287 1347 1387 1381 Κυρίου
1403 1346 1510 1380 φονῶσα
1524 1342 1590 1382 (:3),
1607 1348 1653 1374 καὶ
1663 1348 1814 1383 στηλιτεύει
1826 1349 1914 1384 αὐτὴν

1127 1392 1143 1426 ἡ
1157 1391 1332 1423 θεόπνευστος
1347 1391 1461 1427 ἱστορία,
1477 1392 1514 1423 ὠς
1536 1392 1569 1418 ἂν
1583 1391 1670 1428 οἶμαι,
1688 1395 1720 1429 τῇ
1747 1395 1841 1429 μνήμῃ
1865 1395 1913 1421 τοῦ

1128 1436 1275 1463 ἀκολάστου
1289 1437 1467 1470 γυναίου,πᾶς
1477 1438 1490 1463 ὁ
1502 1438 1570 1472 μετὰ
1580 1438 1663 1465 ταῦτα
1677 1439 1733 1474 βίος
1747 1440 1912 1467 παιδεύοιτο.

1129 1482 1261 1508 Τοσαῦται
1274 1483 1362 1508 τοίνυν
1388 1483 1458 1509 κατὰ
1477 1483 1526 1518 τὴν
1554 1483 1670 1515 Ἰεζάϐελ
1685 1485 1801 1519 ἐκείνην,
1819 1486 1914 1521 ὥσπερ

1127 1538 1153 1555 τι
1168 1529 1289 1561 κώνειον,
1306 1529 1339 1555 ὲκ
1350 1528 1399 1563 τῆς
1416 1529 1506 1564 χώρας
1521 1528 1626 1564 ἀθρόως
1639 1530 1819 1565 ἐϐλάστησαν,
1831 1531 1915 1557 νικῶ-

1128 1583 1172 1601 σαι
1188 1575 1237 1610 τὴν
1255 1575 1486 1610 μνημονευθεῖσαν
1495 1576 1527 1610 τῇ
1536 1575 1585 1610 τῆς
1594 1576 1706 1610 πικρίας
1722 1576 1870 1612 ὑπερϐολῇ.
1882 1577 1915 1603 Εἰ

1126 1619 1154 1646 δὲ
1166 1620 1289 1651 ἀπιστεῖς
1301 1619 1340 1655 τῷ
1354 1620 1435 1655 λόγῳ,
1450 1621 1499 1656 τὴν
1511 1621 1629 1656 ἱστορίαν
1643 1622 1800 1657 ἐπίσκεψαι.
1815 1623 1913 1658 Εκείνη

1126 1666 1175 1701 τὴν
1189 1666 1307 1701 ἄμπελον
1315 1666 1360 1691 τοῦ
1369 1666 1506 1692 Ναϐουθαὶ
1513 1666 1552 1701 τῷ
1566 1667 1669 1701 ἐκλύτῳ
1681 1668 1783 1703 Ἀχαὰϐ
1792 1669 1913 1704 ἐχαρίζε-

1127 1719 1168 1742 το,
1189 1711 1232 1737 ἵνα
1252 1711 1351 1745 ποιήσῃ
1368 1710 1455 1745 κῆπον
1470 1712 1519 1746 τὴν
1534 1711 1665 1746 ἄμπελον,
1687 1712 1792 1747 τρυφῆς
1812 1714 1913 1747 ἐγκαλ-

1128 1755 1266 1790 λώπισμα,
1285 1757 1443 1790 γυναικείαν
1464 1757 1565 1792 χλιδήν
1590 1754 1668 1784 αὗται
1694 1758 1742 1793 τὴν
1756 1758 1847 1791 ζῶσαν
1867 1760 1912 1786 τοῦ

1127 1801 1194 1827 Θεοῦ
1215 1801 1269 1836 (29)
1287 1801 1418 1836 ἄμπελον,
1437 1802 1483 1837 τὴν
1505 1803 1666 1838 Ἐκκλησίαν
1689 1803 1769 1837 λέγω,
1790 1806 1831 1835 είς
1846 1813 1914 1831 παν-

1127 1846 1190 1880 τελῆ
1217 1846 1367 1881 ἀφανισμὸν
1388 1849 1560 1881 μετενεγκεῖν
1586 1848 1747 1880 ἐϐιάσαντο,
1781 1847 1863 1876 αὗται
1879 1851 1914 1877 δι’

1129 1891 1232 1917 ἑαυτῶν
1248 1891 1278 1917 τὸ
1298 1892 1382 1918 κακὸν
1401 1893 1572 1928 ἐνεργοῦσαι.
1592 1894 1670 1921 Ποῖον
1687 1894 1759 1930 εὕρω
1774 1895 1821 1922 τοῦ
1834 1896 1913 1930 λόγου

1129 1936 1319 1972 παράδειγμα;
1351 1938 1410 1964 τίνα
1431 1939 1480 1974 τῆς
1493 1940 1591 1971 κακίας
1611 1941 1711 1976 ταύτης
1725 1942 1862 1976 ὲπινοήσω
1877 1944 1915 1968 εἱ·-

1130 1982 1212 2015 κόνα;
1228 1981 1305 2009 Εἶδον
1333 1984 1378 2019 ἐπὶ
1400 1985 1561 2020 κονιάματος
1589 1985 1644 2021 (50)
1669 1987 1759 2022 τοίχου
1785 1988 1915 2024 τοιαύτην

1129 2030 1237 2063 γραφήν
1263 2030 1328 2064 (51)·
1350 2030 1396 2056 καί
1422 2039 1473 2065 μου
1495 2031 1646 2066 βαστάσατε
1675 2033 1725 2068 τὴν
1745 2035 1860 2069 καρδίαν
1881 2038 1914 2071 τῇ

1129 2075 1184 2102 τῶν
1209 2077 1301 2102 κακῶν
1320 2078 1412 2114 μνήμῃ
1433 2079 1673 2113 περιοιδαίνουσαν·
1699 2081 1799 2116 μᾶλλον
1813 2081 1853 2113 δὲ,
1877 2083 1916 2118 τῷ

1131 2121 1203 2156 πόνῳ
1219 2122 1266 2148 καὶ
1283 2122 1360 2156 ὑμεῖς
1380 2122 1573 2158 συναλγήσατε·
1588 2124 1709 2159 ἡμέτερα
1728 2125 1792 2160 γὰρ,
1808 2126 1855 2152 καὶ
1867 2127 1916 2152 οὐκ

1131 2166 1257 2203 ἀλλότρια
1282 2168 1448 2203 διηγούμεθα
1461 2169 1544 2203 πάθη·
1553 2197 1560 2202 _
1572 2171 1613 2201 τίς
1626 2170 1740 2206 τοίνυνὴ
1758 2171 1862 2206 γραφὴ,
1882 2172 1917 2207 ἦν

1132 2214 1302 2248 προσεικάζω
1317 2215 1373 2245 τοῖς
1390 2215 1546 2250 πράγμασι;
1568 2217 1661 2251 χορεία
1676 2226 1716 2248 τις
1731 2215 1765 2252 ἦν
1779 2218 1917 2252 γυναικῶν

1132 2258 1332 2293 ἀσχημονοῦσα,
1351 2259 1432 2294 ἄλλης
1449 2261 1507 2286 κατ’
1525 2260 1588 2287 ἄλλο
1603 2271 1629 2287 τι
1648 2262 1739 2297 σχῆμα
1753 2263 1917 2298 ὀρχηστικὸν

1131 2302 1230 2338 ἑαυτὴν
1260 2303 1497 2340 διαστρεῦλούσης.
1525 2306 1664 2338 Μαινάδας
1698 2308 1723 2333 οἱ
1757 2308 1837 2343 μῦθοι
1866 2309 1916 2340 τὰς

1131 2348 1256 2380 τοιαύτας
1289 2351 1419 2383 γυναῖκας
1449 2350 1587 2378 καλοῦσιν.
1613 2352 1704 2386 Κόμαι
1729 2354 1789 2384 ταῖς
1819 2353 1918 2389 αὔραις

1132 2394 1356 2430 ἀνασοὸούμεναι,
1373 2395 1483 2430 βλέμμα
1498 2397 1595 2431 μανίας
1617 2398 1742 2433 πάροδον,
1763 2401 1862 2435 πυρσοὶ
1872 2400 1918 2427 διὰ

1133 2440 1230 2476 χειρῶν
1246 2441 1399 2475 φερόμενοι,
1419 2443 1465 2468 καὶ
1493 2442 1591 2476 φλόγες
1618 2445 1649 2470 ἐκ
1667 2444 1769 2472 τούτων
1788 2447 1821 2481 τῇ
1840 2455 1917 2481 περι-

1133 2487 1234 2521 στροφῇ
1255 2486 1308 2511 τῶν
1323 2487 1455 2521 σωμάτων
1474 2488 1695 2523 ὲνειλισσόμεναι”
1715 2489 1786 2525 αὖρα
1805 2492 1835 2517 ὲν
1854 2492 1911 2518 κόλ-

1134 2538 1195 2562 ποις
1206 2530 1253 2566 τὴν
1266 2531 1470 2566 εὐσχημοσύνην
1478 2532 1533 2568 (52)
1541 2533 1594 2559 τῶν
1602 2534 1712 2561 πέπλων
1721 2535 1916 2573 λυμαινομένηδ

1237 2620 1427 2658 ιςονιάματος.
1439 2620 1544 2658 Cotnb.,
1558 2623 1748 2658 κονιάσματος.

1168 2655 1224 2690 (51)
1239 2655 1374 2697 ςραερτῇκ..
1387 2656 1460 2697 ’[ξςβ.
1478 2657 1533 2689 bm,
1549 2655 1746 2693 ὲπιγραῷήν,⁷«
1763 2660 1919 2695 inscriptio-

1133 2697 1206 2717 nem.
1225 2699 1234 2715 ι
1254 2689 1298 2717 Sic
1311 2691 1373 2723 legit
1387 2689 1489 2718 Billius.

1169 2725 1224 2766 (5‘2)
1238 2725 1547 2766 Τῇνεῠςχημοσιξνην.
1565 2727 1610 2766 _Sic
1627 2728 1690 2766 legit
1710 2728 1917 2766 Lenvenklaius.

1133 2760 1198 2793 Quae
1212 2760 1289 2802 lectio
1302 2769 1316 2787 a
1333 2761 1497 2791 Montacutio
1512 2760 1666 2798 probatur:
1678 2764 1707 2791 ln
1724 2765 1802 2798 edit.,
1822 2768 1855 2801 τῇ
1875 2766 1903 2792 εὐ

1135 2803 1185 2830 σχη
1189 2803 1300 2832 μοσυνῃ.
