2029 3127
277 113 329 141 265
905 114 934 142 S.
956 113 1118 142 GREGORII
1139 113 1312 141 THEOLOGI
1843 111 1902 140 εει

285 188 1897 204 ww

519 266 599 302 633
622 274 910 320 MONlTUM
950 274 1010 318 IN
1048 273 1403 320 ORATIONEM
1439 274 1660 319 XXXVI.

1067 375 1101 382 ..-

318 439 342 469 1.
366 437 437 473 Quo
464 436 513 466 die
536 435 737 465 Theodosius
766 435 901 474 Magnus
923 435 1096 466 Catholicis
1124 436 1295 471 ecclesias,
1323 445 1394 474 quae
1421 440 1480 466 tam
1507 436 1662 466 diuturno
1688 440 1830 475 tempore
1854 438 1897 467 ab

281 478 410 508 Arianis
430 479 590 514 occupalm
611 474 747 509 fuerant,
774 475 925 509 restituit,
953 484 990 504 eo
1017 476 1085 513 ipso
1109 475 1172 510 die,
1194 479 1226 505 ut
1245 485 1282 505 ex
1300 475 1444 513 Gregorii
1467 475 1664 506 carminibus
1686 474 1894 513 perspicuum

278 520 326 547 est
351 515 426 554 (1&3),
445 513 587 544 unanimi
607 522 766 544 consensu
782 513 820 544 ab
840 514 1031 552 imperatore
1051 520 1263 552 poposcerunt
1278 515 1637 554 Constantinopolitani,
1656 518 1690 545 ut
1708 515 1897 554 episcopale

278 556 395 586 solium
418 553 644 584 conscenderet
668 553 866 590 Theologus.
900 553 989 583 Tunc
1014 561 1087 583 vero
1116 555 1291 592 expugnari
1318 562 1380 584 non
1411 554 1514 593 potuit
1540 553 1640 591 ipsius
1663 553 1834 589 modestia,
1861 558 1895 583 ιιι

279 603 446 625 assensum
479 593 642 630 praeberet.
670 592 759 623 Victa
791 596 896 632 tamen
924 593 1139 631 postmodum,
1169 593 1230 622 inin
1252 593 1358 630 potius
1379 597 1484 623 coacta
1506 597 1536 624 et
1551 601 1703 632 oppressa
1737 597 1796 623 est.
1828 593 1893 630 Qui

279 637 384 664 autem
402 634 433 662 in
451 641 524 663 eum
545 632 619 662 odio
633 631 818 669 ﬂagrabant,
836 631 873 661 ad
893 631 922 661 id
944 632 1155 668 improbitatis
1172 637 1202 661 et
1216 632 1363 662 amentia)
1382 637 1556 667 venerunt,
1576 631 1618 661 'ut
1631 655 1639 669 ,
1667 633 1753 670 vagis
1771 640 1897 663 sermoe

281 673 387 706 nibus,
415 676 510 710 atque
530 671 645 709 injusta
664 671 847 700 ambitionis
864 671 1086 704 accusatione.
1114 672 1328 710 undequaque
1355 671 1455 709 ipsius
1478 671 1568 702 fama:
1592 671 1757 702 dedecoris
1784 676 1893 702 notam

280 712 411 742 inurere
429 715 599 741 tentarent.
620 711 698 740 Eum
715 718 867 747 namque,
894 710 980 740 velut
996 711 1102 740 inanis
1126 710 1234 746 glorire
1257 711 1422 749 cupidum,
1447 720 1481 740 ac
1504 711 1648 741 simulata
1668 711 1798 746 virtute,
1825 712 1895 749 epi-

280 751 418 790 scopalis
434 750 520 780 sedis
538 750 675 779 honores
692 749 897 783 ambientem,
911 749 1115 790 exhibebant.
1131 750 1304 790 Gregorius
1322 758 1410 786 vero,
1425 750 1547 790 tametsi
1563 750 1694 790 minime
1706 755 1761 780 aut
1778 759 1892 789 parum

281 789 564 820 his'sermonibus
597 793 791 823 moveretur,
820 796 883 819 non
913 789 1073 819 dubitavit
1103 793 1207 819 tamen
1232 789 1289 820 hac
1318 790 1463 820 oratione
1487 789 1615 828 injustis
1634 790 1892 819 adversariorum

280 829 450 859 calumniis
466 828 671 865 resriondere.
696 827 834 857 Primum
860 836 970 858 causas
995 828 1127 866 inquirit
1146 828 1235 858 illius
1251 829 1346 859 studii
1362 850 1370 862 ,
1397 829 1481 867 quod
1508 829 1567 858 sibi
1591 837 1606 857 a
1634 828 1804 858 (Iatholicis
1830 834 1890 858 tam

280 869 428 898 ardenter
460 868 683 906 praestabatur;
713 871 743 896 et
771 866 959 902 posthabitis
984 867 1033 896 his
1058 868 1220 902 omnibus,
1240 878 1277 898 ex
1298 866 1416 904 quibus
1443 867 1543 905 ipsius
1569 868 1666 905 gloria
1693 868 1892 906 praestantior

281 907 382 937 videri
401 905 520 946 posset,
536 915 588 946 eas
610 906 646 936 ad
667 905 732 935 haec
749 907 806 936 tria
822 906 924 945 capita
936 911 1062 936 revocat
1078 917 1084 936 :
1100 907 1146 936 vel
1164 910 1249 944 quod
1263 917 1279 937 a
1294 907 1657 946 (.‘onslanlinopolitanis
1672 905 1804 943 accitus,
1822 907 1890 943 ipse

282 947 369 977 velut
389 946 551 985 proprium
570 945 696 976 illorum
715 953 796 983 opus
812 954 847 975 ac
864 946 1024 981 peculiare
1042 946 1160 975 bonum
1187 946 1357 976 haberetur
1375 956 1382 976 :
1403 946 1449 975 vel
1474 946 1559 984 quod
1587 945 1722 984 simplici
1741 950 1771 976 et
1788 946 1892 984 philo-

282 984 410 1024 sophica
436 985 564 1014 vivendi
587 985 709 1014 ratione
725 988 831 1020 utens,
856 984 918 1014 sibi
937 985 1010 1014 inde
1026 993 1135 1014 eorum
1158 985 1412 1015 benevolentiam
1438 985 1625 1015 conciliaret
1646 996 1653 1015 :
1672 985 1718 1015 vel
1745 986 1890 1022 demum,

280 1027 365 1064 quod
385 1025 505 1055 invidia
522 1033 557 1064 ac
574 1023 852 1064 persecutionibus
870 1032 1058 1061 oppressus,
1079 1024 1146 1061 ipse
1170 1024 1296 1055 cllarior
1327 1025 1491 1063 magisque
1509 1024 1625 1054 civium
1647 1032 1754 1054 amore
1771 1024 1889 1062 dignus

281 1063 468 1094 eﬂiccretur.
492 1063 612 1103 Deinde
628 1063 813 1103 ambitionis
840 1067 945 1103 notam
963 1072 980 1092 a
997 1072 1031 1093 se
1048 1063 1189 1093 modeste
1207 1064 1342 1102 repellit.
1355 1102 1360 1103 γ
1372 1064 1493 1096 Caelum
1516 1068 1694 1103 terramque
1709 1068 1889 1098 attestatur.

235 1103 238 1106 λ
280 1112 314 1133 se
333 1111 494 1142 nunquam
514 1101 823 1142 constantinopolim
842 1102 982 1142 venisse,
996 1106 1032 1131 ut
1047 1101 1286 1142 «episcopalem
1304 1102 1482 1132 cathedram
1499 1101 1659 1133 aﬁ‘ectare’t
1674 1103 1717 1141 (η.
1735 1102 1782 1142 6);
1802 1114 1816 1129 ιω
1832 1104 1888 1133 sed

281 1142 362 1172 hanc
378 1141 472 1172 unam
488 1141 636 1172 veniendi
655 1149 780 1171 causam
803 1141 925 1181 fuisse,
945 1147 978 1170 ut
1003 1141 1074 1181 fidei
1100 1142 1362 1179 patrocinaretur,
1383 1143 1551 1180 viduaque
1566 1142 1718 1172 Ecclesiae
1733 1150 1889 1181 sponsum

281 1191 317 1212 ea
334 1182 467 1220 dignum
491 1183 685 1219 procuraret.
703 1180 785 1211 Hinc
802 1180 984 1210 Catholicos
1009 1179 1162 1216 hortatur,
1189 1185 1223 1211 ut
1241 1182 1317 1211 tales
1338 1186 1465 1220 tamque
1483 1179 1613 1220 iniquos
1628 1179 1887 1211 adversariorum

280 1219 446 1251 sermunes
463 1220 705 1259 parvipendant,
722 1228 757 1250 ac
774 1219 833 1249 soli
851 1220 930 1255 Deo,
954 1220 1009 1258 qui
1034 1220 1178 1249 omnium
1194 1221 1287 1251 corda
1304 1219 1458 1257 intuetur,
1482 1219 1549 1250 haec
1563 1221 1769 1258 disceptanda
1787 1219 1888 1250 relin-

280 1264 392 1299 quant.
425 1258 674 1299 Docetrinsuper
690 1259 908 1296 improborum
921 1258 1101 1299 calumnias
1118 1267 1280 1299 nunquam
1301 1260 1369 1290 viro
1394 1261 1491 1298 probo
1515 1268 1630 1290 nocere
1651 1267 1761 1299 posse;
1790 1264 1821 1289 et
1850 1260 1889 1290 ad

281 1300 444 1336 auditores
459 1298 636 1329 orationem
656 1303 846 1328 convertens
863 1309 875 1338 :7
891 1298 997 1331 «Vos,
1030 1298 1132 1336 inquit
1159 1298 1203 1336 (η.
1229 1299 1290 1338 10),
1314 1299 1411 1337 gloria
1440 1308 1508 1329 mea
1531 1301 1643 1335 estote,
1677 1298 1889 1338 defensioque

282 1347 350 1369 mea
367 1339 450 1376 apud
467 1347 534 1373 eos,
550 1337 605 1376 qui
622 1345 672 1367 me
684 1337 838 1377 judicent.
858 1337 1112 1377 Obtrectatorum
1130 1337 1273 1368 meorum
1291 1338 1456 1368 maledicta
1472 1338 1642 1377 superabo,
1657 1338 1754 1368 modo
1772 1337 1886 1372 Patris.

282 1382 313 1409 et
331 1378 414 1412 Filii,
430 1381 460 1408 et
475 1376 729 1417 Spiritusrsancti
746 1376 982 1417 confessionem
1000 1376 1118 1417 lirmam
1133 1377 1341 1417 acintegram
1359 1376 1532 1408 retineatis.
1548 1388 1573 1417 ν»

321 1417 360 1447 ll.
380 1429 393 1445 α
410 1415 565 1457 Baronius
579 1415 763 1457 egistimare
776 1415 916 1457 ’vidctur,
932 1426 950 1457 n_
964 1415 1114 1457 inquiunt
1132 1416 1420 1457 Bollandistzeﬂtla),
1439 1428 1454 1444 α
1469 1416 1556 1457 quod
1576 1416 1641 1447 hanc
1657 1416 1759 1457 oratio
1773 1416 1884 1457 habita

281 1457 334 1492 sit,
353 1462 520 1495 postquam
539 1455 572 1485 in
590 1455 739 1495 thronum
756 1454 794 1484 ab
811 1454 968 1492 episcopis
983 1454 1044 1495 fuit
1057 1459 1186 1485 evectus
1202 1454 1414 1494 GregoriusJ
1441 1454 1507 1494 Ipsi
1527 1465 1600 1486 vero
1622 1460 1719 1486 antea
1730 1455 1882 1491 habitam,

283 1501 317 1526 ut
347 1494 555 1525 verisimilius
586 1494 797 1529 arbitrantur;
813 1502 872 1524 nec
889 1494 1048 1524 immerito
1067 1494 1209 1532 quidem.
1238 1496 1298 1525 Sed
1325 1503 1390 1525 non
1414 1495 1456 1525 ita
1475 1498 1558 1525 recte
1575 1495 1748 1532 conjiciunt
1765 1495 1885 1526 eruditi

281 1536 353 1569 viri,
385 1543 456 1565 cum
486 1536 565 1564 hanc
589 1533 764 1563 orationem
790 1534 828 1563 ad
853 1541 993 1563 mensem
1019 1532 1160 1570 Aprilem
1189 1534 1423 1572 pronuntiatam
1443 1534 1593 1565 referunt.
1621 1532 1672 1564 Sic
1700 1534 1786 1564 enim
1819 1542 1885 1564 rem

281 1581 448 1613 exponunt
472 1573 531 1612 ιῐιῦὶ
550 1584 557 1603 :
575 1585 589 1600 α
605 1573 640 1602 1η
658 1572 802 1602 Carmine
826 1572 861 1602 de
885 1572 951 1601 vita
975 1580 1042 1613 suo.
1064 1573 1287 1613 nonmeminit
1308 1578 1437 1603 sanctus
1464 1573 1559 1613 hujus
1581 1573 1751 1609 violentiaz,
1782 1581 1888 1612 eoque

281 1611 443 1643 dillieilius
459 1618 506 1643 est
523 1617 673 1646 statuere,
688 1619 753 1650 quo
769 1616 910 1650 tempore
930 1611 1059 1648 praecise
1074 1611 1103 1640 ei
1121 1612 1206 1642 illata
1216 1612 1349 1643 fuerit...
1362 1613 1407 1643 Sit
1424 1611 1519 1649 igitur
1535 1613 1600 1643 haec
1617 1621 1666 1643 res
1681 1613 1761 1642 facta
1777 1611 1888 1642 mense

282 1652 456 1682 Februario
470 1656 524 1682 aut
545 1651 673 1686 Martio;
702 1651 802 1681 oratio
822 1659 894 1681 vero
911 1650 1144 1690 habitaﬁmense
1160 1652 1293 1688 Aprili,»
1318 1656 1378 1682 etc.
1407 1652 1543 1687 Verum,
1566 1660 1629 1682 non
1653 1651 1693 1680 ita
1715 1652 1889 1690 conjicien-

281 1692 358 1722 dum
376 1691 576 1721 arbitramur.
593 1691 668 1720 Nam
686 1698 749 1729 quo
767 1691 866 1728 magis
883 1690 961 1729 ipsis
978 1689 1139 1729 dillici_lius
1151 1691 1316 1720 videbatur
1335 1699 1399 1721 rem
1417 1695 1568 1727 statuere,
1586 1700 1623 1721 eo
1641 1691 1741 1729 magis
1756 1689 1886 1729 singula

281 1739 418 1769 qumque
437 1730 657 1769 perpendenda
674 1727 780 1764 erant;
802 1727 976 1769 pi-zesertitn
1005 1727 1088 1763 634
1112 1738 1183 1759 cum
1207 1731 1371 1766 adnotent,
1393 1731 1497 1768 ipsum
1516 1731 1669 1760 Hermant
1688 1727 1835 1765 censere,
1859 1731 1889 1759 id

281 1768 399 1800 factum
414 1768 515 1799 fuisse
536 1770 644 1804 paucis
669 1772 739 1807 post
765 1768 972 1799 ecclesiarum
1003 1769 1238 1808 restitutionem
1263 1769 1390 1800 diebus.
1408 1770 1561 1805 Quamvis
1578 1769 1663 1799 enim
1682 1777 1740 1799 nos
1756 1777 1889 1808 quoque

283 1810 450 1844 fateamur,
467 1809 655 1845 Gregorium
671 1809 702 1838 in
715 1808 898 1846 supradicto
915 1807 1066 1847 carmine,
1083 1816 1146 1838 non
1164 1809 1350 1838 meminisse
1364 1809 1523 1839 violentia;
1538 1808 1600 1838 sibi
1615 1817 1630 1837 a
1649 1807 1890 1847 populo’illata‘.

283 1848 342 1878 etsi
361 1849 542 1878 meminerit
558 1847 645 1878 illius
659 1856 754 1886 quam
772 1847 913 1885 episcopi
934 1846 965 1886 in
985 1847 1118 1877 concilio
1134 1848 1303 1877 coadunati
1321 1848 1380 1886 ipsi
1399 1849 1601 1886 postmodum
1619 1848 1809 1883 intulerunt,
1827 1856 1890 1877 nou

281 1887 358 1918 inde
385 1892 489 1917 tamen
516 1887 595 1917 hanc
623 1885 687 1916 rem
710 1888 747 1916 ad
769 1894 911 1915 mensem
935 1885 1143 1916 Februarium
1160 1891 1212 1916 aut
1230 1885 1378 1917 Martium
1399 1885 1626 1917 remittendam
1654 1887 1889 1917 concludimus.

283 1926 413 1956 Constat
432 1927 605 1965 siquidem,
624 1926 693 1964 ipso
708 1927 760 1956 die
775 1934 839 1964 quo
856 1924 1028 1965 Catholici}
1044 1925 1198 1956 restitutae
1213 1930 1287 1956 sunt
1305 1927 1462 1960 ecclesiae,
1483 1925 1607 1965 plebem
1632 1926 1753 1963 magnis
1774 1928 1892 1955 clamo-

283 1966 372 1995 ribus
395 1965 434 1996 ab
462 1963 650 2004 imperatore
679 1963 913 2004 expostulasse,
941 1967 974 2004 ut
997 1963 1171 2004 Gregorius
1196 1965 1380 2003 episcopale
1395 1963 1510 1995 solium
1533 1968 1772 1995 conscenderet.
1800 1965 1892 1995 Hunc

283 2003 679 2042 multitudinis’impetum
705 2013 787 2043 aegre
807 2005 913 2035 ferens
941 2003 1134 2041 Theologus,
1153 2006 1205 2034 vix
1229 2013 1284 2043 pro
1309 2009 1482 2040 momento,
1507 2003 1635 2042 collega:
1654 2004 1834 2034 ministerio
1860 2014 1893 2034 ac

283 2053 360 2074 voce
381 2048 485 2080 utens,
504 2044 590 2074 brevi
608 2045 753 2074 oratione
766 2044 899 2074 sedavit.
916 2043 1004 2073 Unde
1022 2043 1287 2073 verisimillimum
1306 2049 1365 2079 est,
1391 2044 1582 2082 Gregorium
1602 2051 1665 2073 non
1686 2044 1786 2073 niulto
1810 2048 1893 2081 post,

281 2084 566 2113 elfervescentibus
583 2084 685 2113 adhuc
703 2083 830 2118 animis,
854 2087 948 2121 atque
976 2082 1138 2112 ardentius
1153 2083 1275 2113 iteratis
1303 2084 1384 2121 apud
1413 2083 1635 2121 imperatorem
1669 2082 1893 2121 petitionibus,

285 2124 435 2153 thronum
465 2123 679 2153 conscendere
700 2127 827 2152 coactus
854 2122 965 2151 fuisse.
994 2122 1027 2150 Id
1055 2121 1216 2160 colligitur
1238 2130 1315 2152 sane
1341 2131 1378 2152 ex
1406 2122 1455 2152 his
1479 2123 1575 2152 istius
1606 2123 1760 2152 orationis
1789 2121 1895 2152 verbis

283 2161 337 2200 (τι.
354 2162 391 2200 2)
412 2171 418 2190 :
437 2173 450 2188 «
463 2162 531 2191 Hoc
542 2163 745 2200 perspicuum
760 2161 875 2191 factum
894 2165 951 2194 est.
969 2169 1006 2190 ex
1025 2168 1106 2190 novo
1122 2170 1159 2191 ρο
1175 2161 1326 2196 facinore,
1344 2163 1428 2200 quod
1446 2162 1526 2191 circa
1545 2170 1594 2191 me
1611 2161 1693 2190 haud
1711 2160 1752 2189 ita
1774 2161 1893 2198 pridem

286 2201 444 2237 edidistis,
459 2209 531 2230 cum
557 2210 622 2237 vos,
639 2201 695 2239 qui
717 2200 807 2238 plebs
823 2200 913 2234 estis,
946 2200 1013 2239 zelo
1031 2203 1060 2229 et
1077 2200 1239 2231 iracundia
1257 2203 1428 2237 ferventes,
1450 2201 1638 2230 clamantem
1655 2209 1704 2230 me
1721 2204 1751 2229 et
1772 2201 1894 2230 lamen-

286 2245 403 2270 tantem
422 2241 453 2269 in
471 2240 527 2270 hac
542 2240 617 2270 sede
633 2238 849 2270 collocastis.»
876 2239 945 2268 Non
963 2238 1048 2268 enim
1066 2239 1184 2270 rationi
1200 2244 1449 2270 consentaneum
1467 2243 1531 2274 est,
1550 2244 1656 2277 pacata
1673 2239 1894 2272 multitudine,

287 2279 412 2316 plebem
431 2282 500 2318 post
517 2283 580 2308 tres
596 2278 734 2309 subinde
755 2283 809 2307 aut
825 2283 963 2317 quatuor
981 2285 1109 2318 menses
1132 2278 1170 2309 ad
1191 2279 1223 2309 id
1250 2279 1409 2308 violentize
1430 2279 1626 2317 prorupisse.
1653 2278 1731 2318 Nam
1755 2278 1783 2308 si
1809 2278 1895 2308 illata

283 2319 441 2356 Gregorio
456 2318 503 2347 vis
520 2319 557 2348 ad
576 2326 716 2348 mensem
733 2317 949 2356 Februarium
964 2321 1019 2346 aut
1034 2317 1177 2355 Aprilem
1202 2318 1390 2353 remittatur,
1411 2318 1561 2356 culpandi
1577 2322 1652 2348 sunt
1669 2317 1895 2347 Constantino-

288 2355 419 2396 politani
450 2357 548 2391 cives,
580 2357 756 2395 culpandus
781 2361 811 2386 et
841 2356 908 2393 ipse
936 2355 1122 2393 Gregorius,
1150 2358 1237 2396 quod
1267 2356 1506 2395 episcoporum,
1539 2357 1594 2394 qui
1625 2357 1894 2390 convocabantur,

287 2397 456 2426 adventum
474 2405 536 2426 non
553 2396 778 2434 exspectarint.
801 2396 859 2425 His
875 2395 917 2424 ita
931 2395 1116 2433 perpensis,
1137 2395 1229 2426 nobis
1245 2405 1316 2425 cum
1334 2396 1488 2426 Hermant
1504 2400 1536 2426 et
1550 2395 1756 2426 Tillemontio
1776 2395 1892 2426 verisi-

285 2435 396 2465 milius
413 2437 550 2471 videtur,
582 2433 766 2465 violentiam
795 2434 949 2474 Gregorio
967 2442 983 2463 a
1001 2433 1092 2474 plebe
1114 2435 1232 2465 illatam
1259 2435 1433 2472 contigisse
1454 2435 1564 2473 paucis
1595 2439 1665 2474 post
1689 2435 1895 2465 ecclesiarum

287 2475 523 2515 restitutionem
543 2475 674 2515 diebus,
702 2473 847 2515 hancque
873 2473 1048 2515 orationem
1071 2472 1400 2515 fuissenon‘multo
1426 2472 1495 2513 past
1525 2472 1773 2513 pronuntiatam.
1802 2475 1896 2504 Recte

286 2513 384 2552 igitur
401 2515 506 2544 medio
522 2514 646 2544 circiter
664 2521 773 2544 mense
788 2513 958 2544 Decembri
975 2513 1050 2542 anni
1068 2513 1127 2543 380
1142 2513 1291 2544 collocari
1310 2518 1424 2552 potest.

321 2606 378 2640 (4⁵5)
397 2606 485 2634 Carm.
500 2608 532 2634 de
548 2607 600 2633 vita
613 2615 672 2639 sua,
686 2614 756 2634 vers.
771 2606 835 2634 1581
852 2606 886 2641 cli
900 2613 975 2640 seqq.

722 2614 756 2634 rs.
771 2606 835 2634 1581
852 2606 886 2641 cli
900 2613 975 2640 seqq.
1156 2607 1209 2642 (45)
1229 2607 1293 2635 Ibid.
1308 2612 1364 2635 not.
1378 2616 1401 2640 e,
1417 2615 1444 2642 p.
1461 2607 1523 2635 41‘2.

319 2642 376 2677 (ta;
396 2643 412 2669 9
425 2642 487 2669 Mali
512 2647 568 2670 not.
587 2642 614 2674 ά,
633 2650 660 2677 p.
674 2642 736 2669 ML
