2029 3127
107 132 162 159 265'
191 147 194 151 -

603 137 729 166 ORATIO
750 139 869 167 XXXVI.
891 155 925 160 —-
945 141 987 168 DE
1008 141 1136 174 SEII‘SO,
1158 143 1234 170 ETC.

1676 148 1728 174 26h

114 209 1382 231 Ἠ

365 289 544 333 ΛΟΓΟΣ
562 291 650 334 ΛΨ.

1140 303 1330 342 ORATIO
1358 304 1542 344 XXXVI'.

106 386 305 436 Ειςηέίξυτὸις.
328 389 469 436 καιῑλξιρὸς
479 391 562 436 ⁷ξὀὺς
577 393 723 428 λέγοντας
738 395 887 436 έςειθυμεῗι

946 397 982 424 De
1001 399 1095 432 scipso,
1108 404 1133 425 et
1150 401 1184 428 ad
1199 409 1241 428 eos
1254 403 1299 436 qui
1324 403 1408 436 ipsum
1426 405 1577 432 cathedram
1599 406 1728 435 Constan-

140 422 236 463 αρτ-ὼς
248 422 302 456 τῆς
313 422 463 463 fatisia/iac
476 422 833 463 Ῑςωνάτανὶνινουέῑόλεωςῖ
845 431 893 458 καὶ

140 458 184 499 εἰς
205 457 333 499 τὴνγούΔ
349 457 426 499 ,ῖᾳόῦ
448 457 506 496 (46)
531 464 714 498 προθυμίαν,
729 464 770 499 ῆν
783 457 894 493 siden—

140 491 233 523 ξαντο
245 494 288 526 εἰς
299 495 402 521 αὐτόν.

139 569 180 596 Α’.
204 569 275 603 Ἐγὼ
297 570 446 606 θαυμάζω,
469 573 496 600 τί
521 574 587 601 ποτέ
603 575 677 602 ἐστιν
696 576 711 602 ὃ
737 578 805 611 πρὸς
830 579 893 610 τοὺς

103 614 189 649 ἐμοὺς
208 616 359 643 πεπόνθατε
385 617 497 652 λόγους,
515 620 562 647 καὶ
589 621 670 648 πόθεν
692 624 818 651 τοσοῦτον
843 625 892 659 ἧτ-

103 659 187 694 τησθε
202 661 251 696 τῆς
264 662 400 697 ἡμετέρας
417 663 509 698 φωνῆς
520 684 527 696 ,
542 666 592 700 τῆς
618 667 764 702 ὑπερορίου
786 669 833 695 καὶ
849 678 894 705 μι-

103 705 175 740 κρᾶς
193 705 268 738 ἴσως,
281 708 327 733 καὶ
338 708 412 734 οὐδὲν
427 709 542 745 ἐχούσης
558 712 699 747 ἐράσμιον,
712 713 781 741 ὥστε
795 716 904 742 ταυτόν’

105 759 153 785 μοι
171 751 273 778 δοκεῖτε
290 753 357 788 πρὸς
371 755 444 790 ἡμᾶς
461 757 638 791 πεπονθέναι,
656 759 670 785 ὅ
687 760 754 795 πρὸς
769 761 819 796 τὴν
841 770 892 796 μα-

104 796 201 831 γνῆτιν
225 798 280 832 (47)
299 799 371 825 λίθον
394 800 428 826 τὰ
452 801 569 837 σιδήρια.
595 803 676 840 Ἐμοῦ
699 813 729 831 τε
748 805 800 842 γὰρ
829 807 891 842 κρέ-

105 842 196 877 μασθε
212 843 277 878 (48),
295 844 341 871 ναὶ
358 845 479 881 ἀλλήλων
497 845 537 879 εἷς
548 848 597 875 τοῦ
620 849 679 882 ἐνὸς
694 850 827 886 ἐχόμενοι,
844 853 891 880 καὶ

101 886 173 913 Θεοῦ
196 889 312 921 πάντες,
333 890 362 923 ἐξ
376 888 406 918 οὗ
428 892 462 918 τὰ
487 894 575 920 πάντα
595 894 662 929 (49),
676 897 723 922 καὶ
741 898 780 929 εἰς
805 898 833 924 ὃν
855 899 890 925 τὰ

102 933 204 959 πάντα.
224 935 255 960 Ὠ
274 935 323 970 τῆς
347 936 500 972 Θαυμασίας
527 939 666 973 ἁλύσεως,
690 942 722 977 ἥν
746 942 844 978 πλήκει
861 945 891 975 τὸ

101 978 216 1014 Πνεῦμα
224 980 253 1006 τὶ
266 980 342 1014 ἃγιον
350 982 458 1018 δεσμοῖς
470 984 576 1016 ἀλύτοις
589 994 654 1021 συνη
660 987 805 1023 ρτισμένην
817 989 870 1024 (⁸50)
881 991 887 1017 ι

102 1024 140 1050 Τὸ
154 1025 182 1051 δὲ
194 1026 288 1057 αἴτιον,
300 1026 361 1054 οὔτε
375 1036 401 1054 τι
416 1027 474 1069 οἶδα
485 1030 541 1064 ἐγὼ
553 1031 608 1057 τῶν
622 1032 708 1059 ἄλλων
725 1034 888 1070 σοφώτερον,

100 1070 153 1097 ὅσα
178 1071 288 1106 ἐμαυτῷ
312 1074 525 1111 συνεπίσταμαι·
545 1077 568 1103 εἱ
597 1079 634 1113 μή
659 1087 701 1110 τις
719 1079 797 1106 τοῦτο
823 1081 888 1108 αὐτὸ

100 1115 173 1151 ἐμὴν
189 1118 284 1151 σοφίαν
298 1119 482 1155 ὑπολαμϐάνει
500 1122 555 1157 (51)
570 1123 600 1149 τὸ
614 1124 722 1156 ειδέναι,
739 1125 779 1152 ὅτι
792 1125 829 1162 μὴ
847 1135 889 1152 σο-

101 1161 151 1195 φὸς
179 1163 246 1198 εἴην,
267 1164 333 1199 μηδὲ
357 1166 406 1200 τῆς
432 1166 564 1203 ἀληθινῆς
590 1169 638 1195 καὶ
658 1169 769 1206 πρώτης
794 1161 889 1206 σοξρίας

100 1207 200 1242 ἐγγύς·
225 1208 239 1235 ὃ
256 1209 345 1245 πολλῷ
364 1211 420 1247 (52)
442 1212 531 1239 δέουσι
552 1215 618 1249 περὶ
642 1215 746 1242 ἑαυτῶν
767 1217 889 1253 ὑπολαμ-

100 1254 196 1281 6ἁνειν
212 1255 237 1281 οἱ
253 1255 299 1282 νῦν
315 1256 391 1292 σοφοί
405 1266 411 1272 ·
431 1258 523 1294 ἐπειδὴ
545 1260 642 1295 ῥᾷστον
660 1261 755 1288 ἑαυτὸν
771 1263 887 1299 ἁπατᾷν,

100 1300 148 1326 καὶ
161 1300 264 1328 οἴεσθαι
277 1300 346 1328 εἶναι
359 1311 396 1334 τι,
408 1304 484 1330 οὐδὲν
497 1304 571 1338 ὄντα,
586 1306 638 1332 ὐπὸ
652 1307 700 1342 τῆς
714 1308 796 1343 κενῆς
810 1309 889 1345 δόξης

100 1346 273 1382 φυσώμενον.
291 1349 360 1375 Οὔτε
382 1349 490 1385 πρῶτος
510 1351 575 1386 ὑμῖν
594 1352 639 1378 τὸν
661 1353 711 1388 τῆς
735 1354 889 1390 ὀρθοδοξίας

99 1390 179 1426 λόγον
198 1393 318 1429 ἐκήρυξα
330 1414 338 1427 ,
355 1393 385 1422 οὗ
408 1396 525 1431 μάλιστα
552 1399 728 1434 περιέχεσθε,
757 1400 843 1435 ἴχνεσι
859 1401 888 1428 δὲ

99 1438 253 1475 ἀλλοτρίοις
272 1441 499 1478 ἐπηκολούθησα,
524 1444 571 1470 καὶ
587 1445 692 1477 τούτοις
713 1445 769 1482 (53)
792 1447 889 1482 ὑμετέ-

102 1493 173 1520 ροις·
192 1486 332 1521 εἰρήσεται
346 1489 400 1524 γὰρ
416 1488 551 1524 τάληθές·
571 1490 650 1526 εἴπερ
666 1491 744 1526 ὑμεῖς
765 1491 888 1524 Ἀλεξάν-

99 1531 164 1567 δρου
184 1532 238 1567 (54)
256 1534 375 1570 μαθηταὶ
388 1535 434 1562 τοῦ
450 1535 536 1568 πάνυ,
550 1536 597 1563 τοῦ
619 1537 736 1572 μεγάλου
759 1538 809 1572 τῆς
825 1539 888 1574 Τρι-

99 1577 163 1610 sae;
180 1579 331 1612 ἀγωνιστοῦ
348 1589 379 1607 τε
396 1582 443 1608 καὶ
457 1582 588 1617 κήρυκος,
607 1583 656 1610 καῖ
670 1583 741 1619 λόγῳ
755 1584 802 1611 καὶ
815 1584 888 1620 ἔργῳ

99 1623 148 1659 τὴν
164 1625 292 1653 ἀσέϐειαν
307 1626 486 1663 ἐξορισαντος.
503 1629 650 1665 Μέμνησθε
667 1630 721 1666 γὰρ
739 1630 789 1666 τῆς
807 1631 887 1657 Ἀπο-

100 1671 231 1707 στολικῆς
245 1673 354 1709 ἐκείνης
367 1675 450 1710 εὐχῆς
462 1676 529 1710 (55),
542 1677 558 1711 ἢ
572 1677 617 1703 τὸν
631 1677 751 1713 ἀρχηγὸν
762 1679 810 1712 τῆς
823 1678 886 1704 ἀσε-

979 444 1180 479 ιίηυῃοιίιαηανη
1196 449 1319 482 affectare
1334 451 1465 484 dicebant,
1478 458 1502 478 et
1519 453 1549 480 tle
1565 455 1653 486 populi
1669 454 1727 482 ala-

978 490 1082 522 critate,
1099 498 1178 526 quam
1191 501 1253 527 erga
1266 502 1323 521 eum
1337 496 1499 523 ostenderat.

977 579 995 604 l.
1016 579 1146 612 Demiror.
1163 581 1290 615 quidnam
1306 583 1412 610 tandem
1427 584 1497 612 istud
1510 585 1552 616 sit.
1568 587 1638 621 quod
1651 587 1727 615 vobis

942 625 1012 652 circa
1028 632 1165 654 sermones
1186 635 1260 655 meos
1276 629 1382 661 accidit,
1398 634 1425 657 et.
1449 638 1529 666 quam
1554 633 1588 659 ob
1616 640 1725 661 causam

942 671 1081 706 peregrina
1098 673 1147 700 hac
1162 678 1252 701 nostra
1264 682 1339 708 voce,
1353 681 1380 703 et
1397 677 1492 712 exigua
1509 677 1634 709 fortasse,
1650 686 1726 713 qua:-

942 723 994 749 que
1007 717 1074 743 nihil
1092 725 1183 746 amore
1196 719 1304 753 dignum
1339 721 1446 755 habeat,
1468 723 1505 750 ita
1521 724 1590 751 cauti
1607 724 1675 755 silis,
1697 729 1726 751 ιιι

941 762 1034 788 eodem
1059 763 1137 790 modo
1153 764 1217 792 mihi
1233 772 1296 800 crga
1314 774 1357 794 me
1377 767 1464 795 all‘ecti
1485 776 1544 796 esse
1569 769 1724 801 videamini,

941 813 993 849 quo
1008 807 1107 835 ferrum
1121 815 1183 844 erga
1198 816 1358 845 magnetem.
1371 813 1438 840 Nam
1456 818 1482 841 et
1497 821 1528 841 ex
1541 823 1583 842 me
1592 817 1724 849 pendetis.

941 844 967 879 ἐι
979 853 1024 880 alii
1036 861 1068 882 ex
1088 854 1159 887 aliis,
1175 860 1267 883 mutuo
1281 864 1350 885 nextt
1367 858 1436 886 inter
1450 867 1497 887 vos
1510 861 1686 893 cohaerentes,
1698 865 1725 888 et

940 907 1034 926 omnes
1044 908 1076 927 ex
1089 900 1152 934 Deo,
1165 909 1198 929 cx
1213 909 1266 937 quo
1275 904 1375 937 omnia,
1389 910 1416 931 et
1433 905 1458 932 in
1471 914 1548 940 quem
1561 907 1649 934 omnia
1659 907 1692 933 ".
1701 908 1724 935 0

940 945 1125 973 admirabilem
1137 952 1272 982 catenam,
1287 957 1367 984 quam
1376 950 1492 986 Spiritus
1505 957 1614 980 sanctus
1628 953 1720 985 nectit.

941 991 1101 1019 ﬁrmissimis
1113 992 1225 1020 vinculis
1241 1000 1406 1028 compactam
1416 1001 1443 1023 et
1454 1002 1604 1031 coaptatam
1616 999 1622 1025 !
1637 989 1721 1034 Ctijus

941 1038 978 1064 rei
996 1038 1094 1065 nullam
1109 1039 1231 1073 equidem
1238 1040 1318 1076 635
1330 1049 1437 1068 causam
1449 1043 1576 1077 suspicari
1587 1051 1665 1078 queo;
1676 1051 1724 1071 ne-

940 1091 992 1117 que
1003 1085 1074 1111 enim
1090 1085 1155 1113 alios
1168 1087 1298 1121 sapientia
1320 1087 1372 1114 ullo
1385 1089 1463 1114 modo
1471 1096 1579 1123 supero,
1593 1095 1722 1125 quantum

940 1129 1045 1164 quidem
1060 1131 1124 1158 mihi
1138 1132 1260 1159 conscius
1272 1140 1349 1166 sum;
1366 1133 1417 1160 nisi
1431 1134 1644 1170 quisliocipsum
1657 1136 1722 1163 mihi

939 1176 1077 1209 sapientia:
1091 1177 1273 1212 ducat,quod,
1283 1186 1325 1205 me
1334 1179 1480 1213 sapientem
1494 1188 1622 1214 nonesse,
1635 1182 1722 1209 uecad

939 1228 1030 1248 veram
1045 1227 1072 1249 et
1101 1223 1256 1257 primariam
1277 1225 1434 1259 sapientiam
1461 1227 1591 1254 accedere
1603 1247 1611 1260 ,
1627 1228 1723 1255 intelli-

939 1275 998 1302 gam
1013 1276 1020 1294 :
1037 1269 1107 1302 quod
1121 1270 1280 1301 permullum
1296 1271 1390 1303 abest,
1403 1277 1432 1299 ut
1449 1272 1526 1306 hujus
1540 1273 1667 1308 temporis
1681 1282 1723 1301 sa-

939 1312 1041 1345 pientes
1054 1314 1085 1340 de
1099 1321 1128 1342 se
1150 1315 1322 1349 existiment;
1336 1318 1550 1353 quandoquidem
1571 1319 1636 1346 nihil
1656 1319 1724 1347 faci-

939 1357 990 1386 lius
1008 1364 1059 1388 est.
1072 1367 1151 1393 quam
1167 1365 1195 1387 ut
1208 1361 1323 1395 seipsum
1336 1363 1397 1398 quis
1417 1363 1499 1395 fallat.
1518 1373 1549 1392 ac
1578 1373 1607 1393 se
1623 1366 1722 1400 aliquid

938 1411 997 1431 esse
1011 1410 1094 1438 putet,
1111 1414 1171 1432 cum
1189 1407 1255 1434 nihil
1269 1408 1305 1434 sit
1319 1408 1352 1441 “,
1369 1409 1442 1436 inani
1458 1409 1581 1437 videlicet
1597 1411 1723 1446 opinione

939 1449 1056 1477 inﬂatus.
1071 1450 1125 1478 Nec
1140 1460 1203 1480 vero
1221 1458 1299 1480 rectas
1322 1453 1381 1481 ﬁdei
1399 1455 1560 1488 doctrinam,
1581 1464 1661 1490 quam
1679 1465 1723 1484 ar-

938 1495 1059 1524 ctissimo
1073 1497 1212 1532 complexu
1232 1499 1338 1531 tenetis,
1355 1500 1432 1527 vobis
1448 1501 1550 1536 primus
1567 1502 1720 1536 praedicavi,

938 1542 984 1568 sed
997 1542 1083 1570 aliena
1095 1543 1206 1578 vestigia
1218 1551 1328 1572 secutus
1347 1553 1418 1578 sum,
1446 1552 1474 1574 et
1497 1547 1604 1582 quidem
1632 1553 1721 1576 vestra

938 1587 1020 1621 (vera
1036 1588 1108 1615 enim
1136 1589 1268 1624 loquar):
1299 1599 1345 1618 vos
1375 1592 1507 1627 siquidem
1531 1593 1622 1621 eximii
1650 1594 1722 1622 illius

937 1633 1081 1661 Alexandri
1099 1635 1221 1670 discipuli
1235 1637 1310 1669 estis,
1325 1638 1370 1671 qui
1383 1645 1496 1673 magnus
1517 1638 1568 1666 fuit
1583 1639 1722 1668 Trinitatis

941 1685 1122 1715 propugnator
1148 1687 1176 1709 et
1203 1690 1300 1716 prmco,
1318 1685 1418 1718 quique
1442 1692 1576 1717 sermone.
1602 1691 1629 1713 et
1642 1686 1722 1714 rebus

99 1715 175 1748 σείας
201 1718 348 1745 κατέλυσεν
364 1720 393 1746 ἐν
418 1720 508 1753 τόποις
526 1721 611 1754 ἀξίοις
629 1723 681 1748 τῶν
697 1722 747 1757 τῆς
761 1722 885 1756 γλώσσης

941 1725 1016 1759 ipsis,
1029 1726 1190 1761 impietatem
1200 1715 1390 1757 exturbavitac
1401 1731 1432 1757 de
1443 1731 1531 1758 medio
1543 1732 1660 1759 sustulit.
1668 1731 1720 1759 Ne-

99 1763 305 1799 ἀμειρευμάτων
329 1766 395 1800 (56),
421 1767 454 1792 ἵν’
475 1767 552 1803 ὕϐρις
575 1767 652 1803 ὓϐριν
668 1768 822 1804 ἀμύνηται,
841 1769 887 1795 καὶ

100 1810 260 1846 πηλιτευοῇ
281 1811 386 1847 Θανάτῳ
402 1812 497 1847 δικαίῳ
513 1813 626 1845 θάνατος
640 1813 733 1849 ψυχῶν
750 1813 849 1846 ἄδικος.

939 1777 991 1804 que
1005 1772 1076 1798 enim
1095 1773 1220 1800 memoria
1236 1774 1311 1801 vobis
1325 1776 1426 1802 excidit
1441 1776 1586 1810 apostolica
1602 1777 1646 1803 illa
1663 1785 1720 1811 pre-

938 1816 1019 1848 catio,
1035 1824 1095 1851 qua:
1122 1818 1267 1852 impietatis
1293 1820 1390 1847 ducem
1406 1821 1433 1847 iu
1449 1822 1514 1848 locis
1538 1822 1718 1856 impurissima

100 1856 188 1890 lingua
199 1857 285 1891 dignis
299 1859 442 1892 oppressit,
457 1863 485 1885 ut
500 1859 625 1886 nimirum
639 1861 799 1887 contumelia
821 1862 1009 1889 contumeliam
1032 1863 1217 1898 ulcisceretur,
1246 1869 1328 1900 atque
1359 1867 1510 1894 animarum
1536 1867 1635 1902 injusta
1647 1875 1719 1895 mors

97 1900 168 1935 iusta
182 1907 268 1929 morte
282 1903 315 1930 ad
326 1908 453 1930 mleruam
469 1903 606 1931 infamiam
624 1907 793 1938 plecteretur.

134 1948 172 1974 B’.
189 1948 227 1974 Οὺ
243 1948 320 1984 ξένην
338 1946 383 1976 οὖν
405 1950 494 1985 πηγὴν
518 1950 582 1985 ὑμῖν
600 1949 767 1986 ὲρῤήξαμεν,
789 1950 882 1986 ὥσπερ

98 1994 132 2029 ἢν
147 1994 268 2028 Μωῡσῆς
284 1994 418 2027 ἀνέδειξεν
439 1995 468 2021 ὲν
487 1995 592 2030 ἀνύδρῳ
607 1997 663 2027 τοῖς
679 1996 726 2022 ἀπ’
745 1996 882 2031 Αἰγύπτου

97 2040 283 2074 διωκομένοις,
307 2041 498 2076 κεκρυμμένην
525 2041 553 2068 δὲ
581 2042 627 2068 καὶ
654 2042 882 2078 συγκεχωσμένην

98 2086 338 2121 ἆνεστομώσαμεν,
355 2087 426 2113 κατὰ
440 2087 502 2118 τοὺς
515 2087 612 2119 παῖδας
634 2088 724 2115 Ἰσαὰκ
738 2088 784 2114 τοῦ
802 2089 883 2124 μεγά-

97 2132 155 2164 λου,
173 2132 210 2167 μὴ
227 2132 390 2168 ὀρύσσοντας
411 2133 466 2168 (57)
483 2133 561 2168 μόνον
581 2134 688 2169 φρέατα
703 2134 802 2167 ζῶντος
820 2134 882 2162 ὓδα-

96 2186 154 2209 τος,
168 2178 235 2203 ἀλλὰ
251 2177 298 2204 καὶ
313 2177 487 2213 φρασσόμενα
502 2178 553 2204 ὑπὸ
563 2178 616 2204 τῶν
628 2178 806 2205 Φυλιστιαίων
815 2180 881 2205 ἁνα-

96 2222 288 2259 χαοαίροντας.
312 2223 382 2249 Ἀλλ’
399 2223 459 2250 οὐδὲ
481 2222 534 2249 τῶν
555 2224 665 2259 κομψῶν
679 2233 720 2256 τις
735 2225 780 2251 καὶ
797 2225 881 2260 ἡδέων

134 2301 157 2316 "
173 2301 183 2328 I
205 2301 267 2328 Cor.
287 2309 346 2333 vui,
360 2301 387 2329 6.
424 2302 447 2318 "
463 2301 522 2329 Gal.
536 2309 573 2334 νι,
588 2303 615 2329 5.
653 2302 674 2317 ⁹⁷
688 2302 770 2330 Exod.
785 2312 848 2335 xvn,
868 2303 894 2331 6.

970 1950 1001 1977 lI.
1018 1950 1089 1986 Ergo
1101 1959 1152 1978 non
1166 1959 1266 1979 novum
1280 1953 1380 1980 fontem
1396 1954 1470 1981 vobis
1482 1954 1612 1989 rupimus.
1626 1963 1704 1989 quem

935 1996 1078 2023 admodum
1105 2004 1183 2031 quem
1206 1997 1310 2032 Moyses
1333 1998 1367 2025 ab
1396 1998 1513 2033 Egypto
1539 2000 1716 2033 profugienti-
1767 2024 1769 2026 .

935 2041 984 2068 bus
1001 2041 1026 2068 in
1043 2042 1128 2068 arenti
1143 2041 1202 2068 loco
1214 2042 1411 2070 demonstravit
1424 2044 1446 2060 ’τ
1466 2054 1472 2071 :
1486 2051 1578 2071 verum
1596 2044 1715 2071 abditum

934 2092 961 2115 et
977 2088 1143 2115 obstructum
1157 2088 1321 2122 aperuimus.
1337 2093 1367 2116 ut
1388 2089 1450 2116 olim
1475 2090 1544 2117 servi
1559 2090 1633 2118 Isaac
1643 2111 1650 2122 .
1664 2099 1716 2117 non

934 2136 1030 2166 puteos
1055 2136 1157 2159 tantum
1180 2139 1256 2166 aqua:
1280 2132 1346 2159 vivae
1369 2132 1511 2165 fodientes,
1527 2140 1618 2161 verum
1634 2133 1716 2160 etiam

935 2185 1002 2212 quos
1027 2177 1189 2205 Philisthiim
1206 2179 1398 2206 obstruxerant
1412 2179 1445 2211 ’⁸,
1459 2185 1645 2215 repurganles.
1661 2179 1715 2207 Sed

935 2231 1023 2258 neque
1038 2223 1140 2251 facetus
1160 2224 1291 2260 quispiam
1305 2232 1335 2251 ac
1348 2224 1481 2259 iucundus
1496 2233 1566 2260 sum,
1583 2230 1663 2261 atque
1679 2225 1715 2252 ita

933 2304 956 2320 "
970 2303 1037 2331 Gen.
1053 2311 1126 2336 xxVI,
1146 2302 1188 2330 I8.

133 2387 146 2401 ι
156 2382 228 2408 Alias
241 2381 336 2408 XXVII
359 2379 421 2412 Qure
436 2386 523 2409 autem
537 2383 571 2410 36
585 2387 653 2414 erat,
668 2390 737 2409 nunc
748 2382 882 2411 50.——Ila-

138 2424 152 2442 a
170 2417 412 2451 Constantinopoli,
436 2418 523 2445 medio
539 2418 647 2445 circiter
667 2419 803 2445 Decembri
822 2421 883 2447 anni

968 2383 1025 2452 (5'2;
1044 2383 1160 2416 Πολλῷ.
1175 2384 1255 2412 Coisl.
1272 2385 1298 2416 I.
1313 2385 1414 2412 πολλοί.
1428 2385 1535 2426 Camb,
1551 2384 1660 2412 πολλοῦ.

968 2419 1013 2452 (55
1044 2419 1097 2445 Καὶ
1112 2420 1238 2452 τούτοις.
1254 2419 1360 2451 Comb..
1376 2421 1423 2447 καὶ
1442 2429 1519 2447 τουτο
1531 2422 1596 2452 τοῖς.

94 2415 152 2459 [ιξέ
170 2417 412 2451 Constantinopoli,
436 2418 523 2445 medio
539 2418 647 2445 circiter
667 2419 803 2445 Decembri
822 2421 883 2447 anni

95 2451 189 2521 ῧδῗῖϐ)
209 2488 265 2515 Καὶ
282 2489 324 2520 εἰς
342 2487 400 2521 τὴν
413 2487 476 2520 τοῦ,
489 2491 542 2514 etc.
561 2487 605 2515 Sic
623 2489 712 2522 plures
727 2488 804 2515 codd.
823 2488 884 2516 Ilmc

96 2526 124 2563 et
136 2525 276 2563 sequentia
294 2524 389 2550 desunt
409 2524 434 2550 in
449 2522 538 2555 editis,
553 2525 674 2558 quamvis
693 2529 780 2550 tamen
796 2531 811 2550 a
829 2524 882 2550 liil-

97 2557 373 2629 {miﬁrldllzwﬁrtn
395 2597 447 2620 etc.
476 2593 541 2627 Reg.
567 2601 593 2626 a,
621 2595 761 2629 μαγνήτην
785 2593 821 2620 τὰ
840 2593 880 2620 σί-

132 2635 189 2697 alii)
211 2662 374 2698 Κρέμασθε.
389 2662 433 2690 Sic
449 2662 537 2696 plures
555 2663 636 2698 llegg.
651 2668 677 2691 et
689 2662 735 2690 Or.
749 2663 777 2691 2.
794 2663 821 2690 In
837 2664 879 2691 ed.

95 2704 146 2722 κοί
171 2697 265 2725 ασθέν.
598 2697 622 2698 Π

116 2706 187 2766 ’(-ἅθι
207 2734 244 2759 Τὰ
259 2733 368 2759 πάντα.
381 2732 425 2759 Sic
442 2732 494 2759 duo
509 2732 604 2766 Regg.,
621 2738 684 2764 εις..
702 2733 781 2760 Deest
798 2734 823 2760 in
835 2733 878 2760 ed.

131 2767 186 2802 (ὸο)
207 2767 461 2803 Συνηρτισμένην.
479 2767 544 2794 Tres
567 2767 649 2803 Regg.
667 2774 693 2795 et
711 2767 757 2795 0r.
773 2769 796 2801 l,
819 2777 880 2795 συν-

93 2803 266 2838 ηρτημένην·

131 2837 188 2871 (5|)
215 2836 437 2870 Ὑπολαμϐάνω.
456 2836 502 2864 Or.
523 2837 546 2866 I.
563 2837 747 2872 ὑπολαμϐάνοι

259 2886 393 2916 ΡΔτιιοι..
415 2887 472 2916 Gtt.
491 2886 635 2916 XXXVI.

968 2419 1024 2454 (55)
1044 2419 1097 2445 Καὶ
1112 2420 1238 2454 τούτοις.
1254 2419 1360 2451 Comb..
1376 2421 1423 2447 καὶ
1442 2420 1519 2447 τοῦτο
1531 2422 1596 2452 τοῖς.

967 2453 1024 2489 (54)
1049 2454 1257 2489 Ἀλεξάνδρου.
1274 2454 1424 2482 Alexander
1442 2456 1485 2482 ille
1501 2461 1543 2482 est
1559 2455 1714 2482 Conslanti-

932 2489 1091 2522 nopolitante
1120 2490 1244 2516 Ecclesia:
1271 2490 1422 2523 episcopus,
1446 2491 1488 2516 vir
1514 2490 1656 2517 sanctitate
1673 2491 1715 2516 in-

931 2524 1030 2556 signis;
1046 2524 1091 2557 qui
1111 2531 1171 2551 cum
1186 2524 1341 2557 accepisset,
1359 2524 1522 2552 Eusebianos
1543 2525 1576 2552 ab
1585 2525 1714 2558 \impera-

932 2563 989 2597 tore
1011 2559 1187 2597 Constantino
1202 2559 1356 2588 extorsisse.
1370 2564 1399 2586 ut
1419 2560 1499 2586 Arius
1512 2560 1545 2597 _in
1556 2560 1713 2597 _Eccles_ia:_:.

931 2593 1106 2626 reciperetur,
1125 2594 1158 2619 ad
1179 2601 1252 2619 arma
1277 2597 1430 2620 sanctorum
1453 2594 1624 2629 confugiens,
1648 2593 1714 2621 [usis

931 2627 1055 2662 lacrymis
1069 2628 1150 2654 Deum
1165 2635 1290 2661 precatus
1306 2633 1355 2660 est,
1374 2636 1406 2655 ne
1424 2628 1476 2656 tale
1492 2627 1647 2656 scandalum
1665 2637 1712 2663 pa-

931 2667 1052 2702 teretur;
1067 2669 1152 2696 eoque
1167 2668 1274 2694 orante,
1286 2663 1418 2691 horrenda
1433 2668 1518 2691 morte
1533 2664 1653 2691 sublatus
1671 2668 1713 2702 est

930 2697 1021 2725 Arius.

967 2732 1022 2768 (55')
1042 2730 1152 2765 beﬁg.
1170 2731 1388 2768 ln>quibusdam,
1402 2733 1504 2768 φωνῆς.
1517 2742 1526 2758 ‹
1541 2733 1624 2759 vocis.
1637 2742 1656 2768 ν»

965 2766 1022 2805 (ξρ)
1045 2766 1278 2805 ςᾼμῃρευμάτων.
1300 2767 1357 2805 _Duo
1379 2766 1476 2805 nugs;
1494 2767 1709 2805 ἀμαρυγμᾴτῳν.

978 2801 1276 2838 57)]Ορίνσιτοντας..,
1291 2801 1560 2837 ἁναναθηῷονταςί
1579 2801 1646 2838 Reg.
1667 2803 1710 2829 bu)

965 2804 1021 2865 (ΞΠ)
1045 2804 1276 2835 Ὀρύσσοντίις..,
1291 2804 1551 2837 ἀνακαθαίζοοντας.

929 2842 955 2865 et
981 2837 1046 2864 'oisl.
1065 2839 1090 2868 1,
1104 2836 1297 2872 ὀρύσσοντος...
1315 2839 1551 2871 ἀνακαθαίροντος.

1556 2886 1575 2916 9
