2029 3127
307 151 360 179 267

902 149 928 176 S.
949 147 1111 177 CREGORH
1130 148 1302 177 TllEOLOGl

1874 149 1932 177 268

304 213 487 245 comparatus,
506 213 536 235 ιιι
551 207 689 235 homtnum
710 208 923 235 benevolentiam
951 208 1086 235 blanditiis

1138 208 1203 242 ἐγὼ,
1223 209 1269 235 καί
1285 206 1340 240 οἷος
1361 207 1488 243 κολακείᾳ
1505 207 1631 234 κλέπτειν
1645 208 1693 243 τὴν
1713 207 1819 234 εὔνοιαν
1831 215 1838 222 ⁸
1855 207 1932 238 οἴους

305 263 333 285 et
344 256 525 284 assentatione
542 255 680 289 subripere
691 262 787 289 queam
801 263 808 281 :
824 254 917 288 quales
930 255 1027 282 multos
1044 262 1088 282 eo-

308 310 365 331 rum
383 303 470 333 video,
486 302 531 336 qui
547 301 597 328 hoc
617 305 737 335 tempore
752 301 895 328 sacerdotii
917 308 1014 328 munus
1029 308 1090 335 pro-

305 346 653 381 fitentur,quiﬁdeinostrae
665 347 800 380 pietatem,
818 353 877 380 qua:
893 347 967 380 prius
977 347 1089 381 simplex

305 398 385 427 atque
391 392 457 419 artis
464 398 559 426 expers
566 395 633 423 eral,
640 391 808 419 artiﬁciosam
817 392 999 424 reddiderunt,
1006 400 1038 419 ac
1044 399 1090 420 no-

304 445 367 464 vum
375 437 509 471 quoddam
517 437 638 471 politices
646 445 740 472 genus,
749 445 762 464 a
771 437 829 465 foro
835 438 867 464 ad
879 444 971 465 sancta
980 438 1091 466 transla-

307 488 349 515 ιω,
361 488 407 510 eta
416 483 528 510 theatris
539 483 571 509 ad
582 483 741 514 sacrarium,
751 483 821 518 vulgi
832 483 918 511 oculis
931 483 1039 510 minime
1050 484 1091 511 in-

305 529 477 562 spectandum
491 535 498 554 :
511 529 547 555 ita
559 533 597 561 ut,
613 530 635 556 si
649 529 775 556 audacter
789 530 840 556 hoc
853 529 943 556 dicere
957 534 1089 564 oporteat,

305 575 364 601 dua:
374 575 429 608 jam
440 582 525 601 scena;
540 574 604 605 sint.
617 575 757 609 interquas
770 575 820 602 hoc
832 575 962 602 duntaxat
974 575 1088 608 intersit,

305 620 375 654 quod
392 619 563 647 illaomnibus
571 624 669 653 pateat,
682 620 739 647 hate
750 620 909 654 quibusdam
923 629 929 652 ;
946 620 989 646 illa
1004 620 1088 646 ridea-

306 669 361 696 tur,
375 665 432 692 haec
446 665 472 692 in
483 665 586 692 honore
599 665 650 699 sit;
665 665 707 692 illa
721 665 860 699 theatrica,
875 666 929 693 haec
945 666 1091 700 spiritualis

304 710 467 737 nominetur.
487 710 538 737 Vos
558 715 648 743 testes,
670 711 794 745 ctIDeus,
820 715 848 737 ut
870 711 986 746 Apostoli
1004 712 1091 739 verbis

305 762 366 782 utar
378 756 411 786 ’³,
428 763 475 782 uos
487 755 520 783 ab
541 756 590 783 hac
601 760 677 790 parte
692 756 803 783 minime
823 761 904 787 stare.
916 764 1007 784 verum
1024 757 1090 784 tales

306 808 378 833 esse,
389 806 418 828 ut
427 802 591 828 murositatis
602 802 689 836 potius
699 807 727 829 et
737 801 902 834 rusticitatis,
912 810 990 836 quam
1001 802 1091 829 adula-

306 847 387 874 tionis
403 854 434 874 ac
449 847 553 875 servilis
566 847 646 874 animi
659 852 721 874 nota
734 849 758 874 in
772 854 820 874 nos
829 847 920 879 cadat;
935 847 1032 882 quippe
1044 847 1090 882 qui

305 899 353 919 eos
365 891 457 925 etiam,
475 892 520 926 qui
535 892 620 919 nostri
644 893 727 928 636
742 893 862 927 apprime
883 893 997 920 studiosi
1015 898 1089 926 sunt,

305 937 425 971 asperius
440 937 573 965 interdum
590 938 763 972 accipiamus,
777 938 798 965 si
822 937 886 972 quid
901 937 978 965 nobis
993 946 1045 965 non
1059 943 1088 965 ut

306 983 404 1010 rationi
415 990 626 1010 consentaneum
646 989 698 1016 est,
712 983 801 1011 facere
824 984 974 1011 videantur.
999 985 1087 1018 Atque

305 1029 357 1056 hoc
375 1037 406 1056 ex
423 1037 492 1056 novo
513 1036 545 1056 eo
571 1029 689 1057 facinore
714 1030 886 1064 perspicuum
912 1030 1011 1057 factum
1034 1035 1085 1060 est.

304 1073 374 1108 quod
388 1074 458 1101 circa
480 1082 522 1101 me
537 1075 606 1102 haud
624 1074 660 1101 ita
679 1075 781 1109 pridem
795 1075 926 1107 edidistis,
945 1082 1005 1102 cum
1019 1083 1078 1107 vos,

304 1121 348 1155 qui
363 1120 437 1155 plebs
450 1121 526 1153 estis,
539 1121 596 1147 zelo
611 1125 638 1148 et
649 1120 785 1148 iracundia
799 1120 942 1152 ferventes,
959 1121 1081 1148 claman-

303 1170 357 1192 tem
373 1167 645 1193 nteetlameutautem
661 1165 686 1192 in
695 1165 746 1192 hac
755 1166 818 1192 sede
828 1165 990 1197 collocastis,
1004 1174 1084 1201 quam

306 1211 484 1246 tyrannicam.
501 1218 535 1237 an
550 1211 727 1246 episcopalem
754 1211 843 1238 dicere
858 1211 980 1243 debeam,
998 1212 1084 1238 incer-

305 1261 361 1282 tum
374 1256 476 1289 habeo;
489 1257 534 1283 sed
552 1256 702 1284 collocastis
714 1261 814 1288 tamen,
825 1262 934 1291 propter
947 1257 999 1283 vim
1016 1265 1086 1284 amo-

310 1302 346 1329 ris
359 1310 421 1337 erga
440 1310 482 1329 me
497 1303 590 1336 vestri,
616 1302 700 1337 legem
732 1302 873 1329 violantes.
899 1302 956 1335 Quo
978 1303 1084 1336 quidem

306 1351 428 1382 tempore
446 1349 581 1376 nonnullis
596 1356 701 1381 eorum,
713 1349 757 1382 qui
772 1343 929 1375 fervidiores
942 1354 1030 1378 erant.
1045 1357 1086 1376 us-

302 1399 356 1428 que
366 1393 433 1420 adeo
445 1393 659 1426 succcnsuimus,
674 1399 702 1420 ut
716 1402 808 1420 amere
821 1395 846 1420 in
864 1394 954 1420 odium
972 1398 1084 1424 mutato,

1141 253 1197 289 ὁρῶ
1214 254 1328 285 πολλοὺς
1341 253 1395 280 τῶν
1412 253 1458 279 νῦν
1481 253 1629 289 ἱερατεύειν
1648 253 1889 288 ὑπισχνουμένων,
1906 253 1931 279 οῖ

1141 300 1188 334 τὴν
1203 300 1258 334 (58)
1272 300 1358 335 ἁπλῆν
1369 299 1416 325 κα).
1430 299 1540 334 ἄτεχνον
1553 299 1629 334 ἡμῶν
1642 299 1792 330 εὐσέϐειαν,
1802 298 1931 333 ἔντεχνον

1141 345 1324 380 πεποιήκασι,
1341 344 1388 370 καὶ
1396 344 1545 379 ’πολιτικῆς
1561 352 1586 369 τι
1605 343 1696 369 καινὸν
1719 342 1788 374 εἶδος
1804 343 1859 369 ἀπὸ
1880 343 1933 376 τῆς

1140 391 1241 426 ἀγορᾶς
1256 392 1295 422 εἰς
1315 390 1350 417 τὰ
1371 390 1436 424 ἅγια
1461 389 1696 425 μετενηνεγμένης
1716 389 1783 423 (59).
1806 389 1855 415 xu‘.
1876 389 1933 415 ἀπὸ

1139 437 1193 464 τῶν
1210 438 1330 473 θεάτρων
1341 437 1387 463 ἐπὶ
1401 436 1448 472 τὴν
1459 438 1514 467 τοῖς
1530 436 1635 467 πολλοῖς
1650 435 1763 462 ἀθέατον
1780 443 1933 470 μυσταγω-

1140 483 1217 518 γίαν·
1233 482 1270 514 ὡς
1284 481 1351 509 εἶναι
1375 482 1420 509 δύο
1440 481 1551 517 σκηνὰς,
1565 482 1588 507 εἰ
1617 481 1658 507 δεῖ
1683 480 1857 515 τολμήσαντα
1874 480 1931 513 (60)

1140 528 1219 555 τοῦτο
1240 529 1338 558 εἰπεῖν,
1357 527 1484 554 τοσοῦτον
1507 527 1630 562 ἀλλήλων
1652 526 1843 562 διαφερούσας.
1866 526 1932 552 ὅσον

1141 573 1190 608 τὴν
1208 574 1257 609 μὲν
1279 574 1361 600 πᾶσιν
1377 573 1517 604 ἀνεῖσθαι,
1542 573 1589 607 τὴν
1612 565 1725 598 δὲ’·τισῖ·
1748 572 1796 598 καὶ
1812 573 1861 606 τὴν
1881 571 1931 605 μὲν

1140 618 1279 651 γελᾶσθαι,
1294 618 1344 654 τὴν
1360 618 1388 644 δὲ
1401 617 1533 652 τιμᾶσθιι
1544 626 1550 632 ·
1576 617 1623 644 καὶ
1635 617 1684 652 τὴν
1703 616 1751 651 μὲν
1768 616 1931 650 θεατρικὴν,

1140 663 1189 699 τὴν
1209 664 1237 690 δὲ
1253 664 1438 700 πνευματικὴν
1455 662 1645 699 ὀνομάζεσθαι.
1667 662 1760 697 Ὑμεῖς
1777 662 1931 697 μάρτυρες,

1141 710 1188 736 καὶ
1204 711 1217 736 ὁ
1236 710 1310 742 Θεὸς,
1325 710 1405 744 φησὶν
1421 711 1435 736 ὁ
1452 709 1521 740 θεῖος
1544 707 1713 740 Ἀπόστολος,
1729 707 1766 738 ὡς
1777 707 1809 733 οὺ
1827 707 1931 742 ταύτης

1141 757 1221 791 ἡμεῖς
1231 756 1278 791 τῆς
1291 756 1406 792 μερίδος,
1419 755 1474 782 ἀλλ’
1486 752 1536 781 οἷοι
1548 755 1707 789 σκαιότητος
1719 753 1751 780 ἂν
1762 753 1862 780 θᾶττον
1874 753 1930 787 (61)

1142 802 1189 828 καὶ
1199 803 1350 838 ἀγροικίας,
1366 802 1382 837 ἢ
1397 802 1515 833 θωπείας
1530 801 1577 827 καὶ
1593 800 1783 832 ἀνελευθερίας
1801 799 1931 834 ἔγκλημα

1141 847 1282 879 δέξασθαι’
1304 848 1331 874 οἳ
1353 856 1384 882 γε
1408 848 1539 882 καὶπρὸς
1560 847 1622 878 τοὺς
1649 846 1708 872 λίαν
1732 846 1931 880 ἀντεχομένους

1107 893 1128 922 Β
1144 894 1220 930 ἡμῶν
1238 893 1309 920 ἔστιν
1325 893 1369 920 ὅτε
1392 893 1439 919 κα).
1456 893 1522 919 ὅπου
1542 891 1693 926 φαινόμεθα
1716 890 1930 926 τραχυνόμενοι,

1138 941 1170 968 ἄν
1186 949 1213 966 τι
1237 939 1273 975 μὴ
1291 939 1360 966 κατὰ
1382 938 1460 972 λόγον
1480 939 1545 973 ἡμῖν
1561 938 1646 963 ποιεῖν
1671 935 1848 971 νομίζωνται.
1874 935 1930 961 Καὶ

1136 986 1214 1013 τοῦτο
1229 985 1326 1017 ἔδειξεν
1341 986 1356 1020 ὴ
1373 984 1467 1020 πρώην
1481 983 1614 1018 γενομένη
1631 983 1694 1017 περὶ
1708 982 1783 1017 ἡμᾶς
1799 989 1927 1008 καινοτο-

1138 1033 1186 1068 μία
1215 1033 1294 1066 ἡνίκα
1313 1031 1385 1067 ζήλῳ
1401 1030 1447 1057 καὶ
1470 1029 1547 1065 θυμῷ
1570 1029 1696 1061 ζέσαντες
1714 1029 1793 1063 ὑμεῖς
1815 1028 1830 1053 ὁ
1852 1027 1928 1058 λαὸς,

1138 1078 1255 1113 βοῶντάς
1274 1086 1303 1103 τε
1319 1077 1369 1103 καὶ
1388 1076 1566 1111 ὀδυρομένους
1586 1075 1633 1102 ἐπὶ
1651 1075 1696 1101 τὸν
1715 1075 1809 1110 θρόνον
1831 1074 1928 1100 τοῦτον

1136 1123 1264 1158 ὲθήκατε,
1283 1123 1328 1148 τὸν
1347 1122 1397 1148 οὐκ
1422 1119 1469 1147 οἷδ’
1487 1121 1540 1147 εἴτε
1566 1120 1726 1155 τυραννικὸν
1747 1119 1801 1154 χρὴ
1821 1118 1926 1152 λέγειν,

1136 1169 1191 1195 εἴτε
1209 1167 1401 1204 ἀρχιερατικόν
1418 1167 1473 1202 (6‘2)
1485 1176 1491 1183 '
1511 1167 1626 1202 ἐθήκατε
1641 1167 1664 1192 δ’
1679 1163 1736 1196 οὖν,
1751 1165 1795 1191 διὰ
1813 1165 1860 1191 τὸν

1137 1214 1182 1241 θον
1197 1215 1446 1249 παρανομήσαντες,
1474 1211 1559 1238 Ἔνθα
1580 1210 1706 1237 τοσοῦτόν
1722 1219 1776 1236 τισι
1796 1210 1852 1236 τῶν
1867 1211 1929 1246 θερ-

1137 1260 1257 1295 μοτέρων
1299 1258 1532 1294 ἐδοσχερὰναμεν,
1561 1257 1630 1284 ὥστε
1663 1257 1845 1292 ἀπεπήδησαν
1870 1256 1927 1291 (63)

1136 1304 1225 1338 ἡμῶν.
1241 1303 1271 1330 τὸ
1286 1303 1395 1338 φίλτρον
1410 1304 1449 1334 είς
1464 1302 1562 1338 ἔχθραν
1576 1302 1724 1337 τρέψαντες
1738 1301 1806 1336 (σι).
1819 1303 1859 1328 Οὺ
1872 1302 1928 1337 γὰρ

1136 1347 1166 1379 ἐξ
1179 1344 1214 1373 ὧν
1230 1347 1399 1383 χαριούμεθα
1418 1346 1571 1381 σκοποῦμεν
1592 1346 1706 1381 μᾶλλον,
1722 1346 1738 1381 ἢ
1760 1345 1791 1379 ἐξ
1805 1343 1844 1373 ὦν
1860 1347 1929 1380 ὡιξεο

1136 1392 1255 1428 λήσομεν
1272 1392 1337 1427 (65).

303 1447 318 1466 a
332 1439 408 1466 nobis
420 1439 559 1466 confestim
578 1440 749 1467 reces.~erint.
770 1439 825 1466 Non
841 1440 911 1466 enim
923 1444 976 1465 tam
988 1439 1125 1466 hominum
1141 1439 1252 1473 gratiam
1278 1446 1357 1472 quam
1378 1438 1517 1465 utilitatem
1536 1441 1697 1472 spectamus.

338 1484 380 1510 Ill.
396 1483 459 1517 Qua:
471 1485 551 1519 igitur
568 1485 632 1511 tanti
665 1491 728 1519 erga
754 1492 803 1512 nos
831 1491 1020 1517 sermonesque
1039 1491 1086 1510 no-

303 1533 374 1557 stros
394 1530 517 1557 desiderii
530 1535 555 1556 et
575 1530 655 1557 studii
671 1538 751 1557 causa
773 1530 817 1562 sit,
836 1530 951 1557 vultisne
969 1530 1016 1564 ipsi
1039 1536 1086 1555 ex-

1173 1484 1210 1510 Γν.
1233 1483 1279 1515 Τίς
1298 1481 1344 1510 οὖν
1361 1485 1376 1518 ἡ
1396 1483 1469 1510 αἰτία
1486 1482 1533 1509 τοῦ
1556 1482 1681 1509 τοσούτου
1701 1482 1765 1516 περὶ
1782 1481 1859 1516 ἡμᾶς
1878 1482 1928 1507 πϐ-

1140 1530 1196 1561 θου,
1213 1530 1258 1556 καὶ
1273 1531 1335 1561 τοὺς
1350 1529 1445 1564 λόγους
1456 1530 1519 1561 τοὺς
1531 1529 1690 1565 ἡμετέρους,
1707 1528 1783 1554 αὐτοὶ
1799 1527 1926 1562 βούλεσθε

303 1581 436 1610 promere,
451 1579 531 1609 atque
554 1575 580 1601 in
600 1575 715 1602 medium
730 1575 850 1610 proferre
863 1595 871 1606 .
885 1576 1021 1609 animique
1037 1582 1083 1600 ve-

1137 1575 1257 1609 δηλῶσαι
1276 1574 1377 1610 ταύτην
1401 1576 1448 1601 κα)⁴
1470 1575 1660 1610 παραστῆσαι,
1677 1574 1723 1600 καὶ
1740 1573 1770 1599 τὸ
1793 1574 1927 1608 ὑμέτερον

303 1620 352 1647 stri
364 1619 489 1647 allectum
503 1620 633 1652 indicare,
647 1628 678 1647 an
694 1621 781 1656 potius
797 1628 845 1654 per
856 1629 903 1647 nos
930 1620 979 1647 huc
994 1619 1082 1646 decla-

303 1671 376 1697 rare,
390 1665 613 1699 quemadmodum
629 1670 655 1692 et
669 1665 702 1693 ad
721 1673 763 1692 res
775 1666 841 1692 alias
854 1664 1024 1700 exponendas
1037 1671 1083 1691 uo-

304 1710 346 1737 bis
362 1719 414 1737 non
429 1711 564 1738 illihenter
578 1712 615 1738 uti
627 1711 736 1738 soletis?
756 1711 818 1738 Mihi
834 1719 898 1738 vero
915 1719 965 1738 non
983 1715 1024 1738 est
1034 1710 1084 1737 du-

303 1757 394 1789 bium,
411 1757 474 1791 quin
486 1758 554 1784 hanc
570 1757 633 1784 mihi
653 1757 758 1784 dicendi
782 1757 944 1791 provinciam
961 1756 1083 1791 impona-

303 1802 348 1834 tis,
362 1808 491 1837 quantum
512 1803 618 1837 quidem
634 1810 666 1830 ex
683 1808 771 1830 vestro
786 1803 893 1830 silentio
913 1802 1035 1838 judicare
1053 1801 1084 1827 li-

302 1853 355 1875 cet.
367 1849 464 1879 Audite
477 1849 566 1883 igitur,
582 1854 662 1883 atque
679 1848 829 1883 expendite.
845 1855 908 1874 num
933 1847 1019 1874 malus
1036 1847 1084 1874 hu-

303 1892 416 1926 iusmodi
437 1900 524 1920 rerum
551 1894 601 1920 sim
626 1894 772 1928 conjector.
797 1893 927 1924 Primum,
950 1893 1011 1927 quia
1035 1899 1083 1918 nos

303 1937 365 1971 ipsi.
379 1937 514 1964 accivistis
528 1957 535 1970 ,
553 1937 653 1965 idcirco
672 1938 773 1972 judicio
790 1942 878 1964 vestro
898 1945 975 1971 opetn
994 1936 1083 1963 subsi-

303 1983 429 2018 diumque
445 1983 527 2014 ferre.
546 1990 576 2010 ac
589 1983 661 2010 velut
676 1984 792 2018 praedam
805 1987 920 2010 vestram
939 1983 1028 2011 fovere
1042 1984 1081 2011 vi-

302 2030 413 2056 demini.
432 2029 479 2056 Est
501 2029 571 2055 enim
596 2029 631 2056 ita
656 2035 749 2056 natura
768 2034 962 2064 comparatum,
976 2034 1004 2056 ut
1027 2030 1083 2058 suis

303 2075 427 2109 quisque,
445 2081 497 2101 tam
515 2075 632 2109 praediis,
658 2083 737 2109 quam
762 2075 853 2102 liberis
866 2083 897 2102 ac
914 2075 1084 2103 sermunibus

303 2121 413 2154 faveat,
435 2126 636 2155 spontaneaque
659 2120 843 2148 benevolentia
873 2121 899 2147 in
924 2128 987 2148 suros
1015 2121 1084 2149 fetus

302 2166 476 2200 propendeat.
493 2166 601 2197 Deinde,
616 2165 686 2192 nulla
705 2172 733 2192 re
749 2165 859 2200 perinde
875 2166 986 2196 moveri,
1003 2173 1082 2199 quam

303 2210 373 2244 quod
387 2217 444 2242 nos,
459 2217 508 2237 nec
526 2210 675 2244 prtecipites
690 2214 716 2238 et
730 2211 908 2244 importunus,
923 2217 972 2237 nec
987 2211 1084 2238 violen-

305 2260 358 2286 tos,
374 2262 422 2282 nec
448 2255 480 2282 ad
495 2256 660 2282 theatrorum
683 2260 711 2282 et
734 2254 910 2282 festivitatum
927 2256 1083 2283 ostentatio-
1097 2244 1122 2274 D

302 2308 365 2327 nem
381 2300 553 2335 compositos,
571 2300 617 2327 sed
630 2300 764 2327 modestos
786 2305 814 2327 et
830 2300 990 2333 submissos,
1007 2305 1086 2335 atque

305 2346 331 2372 ln
349 2346 486 2372 hominum
499 2346 650 2380 frequentia
666 2351 692 2373 et
705 2345 841 2378 societate,
865 2346 940 2373 velut
953 2347 986 2373 ab
998 2347 1086 2373 homi-

304 2399 368 2418 num
383 2391 545 2418 commercio
562 2396 679 2418 retnotos
702 2399 734 2418 ac
747 2392 905 2426 singulares,
921 2397 959 2424 et,
986 2397 1015 2418 ut
1030 2393 1087 2419 bre-

302 2437 362 2464 vius
390 2437 477 2464 adltuc
503 2437 609 2472 loquar,
639 2437 812 2471 philosophos
839 2445 897 2465 esse
922 2437 1083 2473 perspicitis.

338 2496 361 2512 "
380 2495 389 2523 1
411 2495 506 2523 Thess.
524 2503 553 2528 ll,
571 2496 614 2522 10.

339 2541 395 2575 (58)
417 2541 522 2576 Οἲτήν.
540 2541 703 2569 Ηίηοίιεςιιιιι
717 2543 742 2568 in
761 2543 806 2570 0r.
827 2544 851 2569 Ι.

341 2576 396 2613 (59)
416 2577 681 2613 Μετενηνεγμένης.
701 2577 745 2604 Sic
756 2586 800 2604 sex
815 2577 908 2613 Regg.,
926 2582 980 2605 tres
993 2577 1080 2611 Colb.,

305 2611 350 2639 ΟΡ.
364 2612 390 2640 1.
407 2618 458 2638 etc.
473 2611 498 2638 In
510 2613 565 2644 ed.,
580 2613 821 2647 μετενηνεγμένην.

340 2647 395 2681 (60)
417 2647 620 2681 Τολμήσαντα.
648 2649 692 2675 διο
723 2648 841 2682 plerique
871 2647 949 2674 codd.
974 2647 1001 2674 In
1026 2647 1081 2680 ed.,

304 2682 497 2716 τολμήσαντος.

340 2691 349 2708 ι
373 2691 497 2716 ησαντος.

340 2691 395 2750 (ξι)
416 2715 536 2744 Θᾶττον.
549 2716 653 2748 Comb.,
669 2717 776 2750 μᾶλλον.

416 2715 536 2744 Θᾶττον.
549 2716 653 2748 Comb.,

340 2717 381 2750 (61
416 2717 536 2744 Θᾶττον.
549 2717 653 2748 Comb.,
689 2717 776 2743 ἄλλον.

339 2717 395 2787 (62)
421 2751 640 2787 Ἀρχιερατικόν.
657 2726 758 2782 11111ὴιε,
770 2761 779 2777 ι
795 2751 1056 2785 archiepiscopalem.
1069 2760 1079 2776 ›

303 2785 362 2814 Non
374 2785 535 2826 -reete.'Vo_x
559 2787 630 2812 enim
653 2796 661 2811 ι
680 2787 915 2822 arebiepiscopalis
935 2796 944 2811 ι
966 2788 1082 2813 nondum

303 2828 338 2851 ea
348 2826 426 2848 :etate
441 2825 498 2847 erat
514 2825 539 2847 in
554 2828 614 2847 usu.

340 2854 397 2892 (63)
418 2855 505 2883 Ὥστε
529 2855 738 2890 ἀπεπήδςεισαν.
766 2855 959 2883 Leuvenklaius
981 2855 1080 2883 vertit:

1138 1621 1222 1652 πάθος
1235 1621 1312 1647 αὐτοὶ
1324 1621 1468 1657 γνωρίσαι,
1481 1621 1497 1656 ἢ
1510 1621 1542 1647 δι’
1556 1620 1633 1656 ἡμῶν
1645 1619 1722 1654 τοῦτο
1734 1620 1926 1654 δημοσιεῦσαι,

1136 1667 1173 1698 ὡς
1189 1668 1242 1701 (66)
1259 1667 1306 1694 καὶ
1319 1666 1372 1693 τῶν
1388 1666 1474 1693 ἄλλων
1504 1667 1569 1702 ἡμῖν
1590 1666 1693 1701 χρῆσθε
1714 1665 1864 1700 προθύμως
1884 1665 1927 1698 ἐξ-

1137 1714 1268 1748 ηγηταίςς
1290 1712 1436 1748 Ἠμέτερον
1450 1710 1496 1739 οἷδ’
1512 1711 1567 1746 (67)
1582 1712 1620 1737 ὅτι
1633 1711 1751 1738 ποιεῖσθε
1766 1711 1813 1737 τὸν
1835 1711 1922 1745 λόγον,

1136 1758 1196 1783 ὅσον
1216 1759 1247 1784 ἐκ
1258 1759 1307 1792 τῆς
1320 1757 1431 1792 ἡσυχίας
1446 1757 1640 1792 τεκμαίρομαι.
1656 1756 1760 1783 Οὐκοῦν
1774 1757 1924 1789 ἀκούσατε,

1137 1803 1183 1829 κα).
1199 1804 1336 1832 σκοπεῖτε,
1350 1803 1386 1838 μὴ
1398 1803 1497 1837 φαῦλος
1513 1802 1566 1837 ἐγὼ
1579 1803 1633 1829 τῶν
1646 1803 1773 1829 τοιούτων
1785 1804 1925 1838 εἰκαστής.

1144 1849 1219 1883 Ἐμοὶ
1244 1849 1345 1875 δοκεῖτε
1374 1849 1490 1884 μάλιστα
1518 1848 1577 1884 μὲν,
1603 1848 1640 1880 ὡς
1666 1849 1742 1875 αὐτοὶ
1760 1849 1926 1880 καλέσαντες

1137 1894 1219 1929 ἡμᾶς,
1235 1894 1323 1930 οξκείᾳ
1337 1894 1443 1929 βοηθεῖν
1458 1894 1557 1930 κρίσει,
1573 1894 1619 1920 καὶ
1632 1893 1674 1920 διὰ
1690 1894 1768 1920 τοῦτο
1782 1895 1926 1929 περιέπιν

1136 1938 1167 1964 τὸ
1187 1939 1318 1974 ὑμέτερον
1334 1939 1455 1974 θήραμα.
1473 1938 1555 1969 Φύσις
1569 1939 1596 1964 δὲ
1613 1938 1681 1973 αὕτη
1699 1938 1766 1972 πρὸς
1781 1939 1813 1964 τὸ
1826 1941 1926 1965 οἰκεῖον

1137 1983 1209 2011 ἅπαν
1219 1983 1339 2018 εὐμενῶς
1355 1983 1438 2018 ἔχειν,
1451 1983 1506 2009 εἴτε
1524 1984 1628 2019 κτῆμα,
1647 1984 1702 2010 εἴτε
1719 1984 1855 2019 γέννημα,
1868 1983 1925 2010 εἴτε

1136 2029 1224 2063 λόγον,
1243 2030 1289 2056 καὶ
1307 2029 1330 2056 δι
1355 2029 1461 2061 εὐνοίας
1476 2030 1599 2056 ἑκουσίου
1616 2029 1771 2065 χειροῦσθαι
1788 2031 1845 2061 τοῖς
1861 2031 1926 2056 ἐαυ-

1137 2075 1189 2101 τῶν
1217 2076 1411 2111 προϐλήμασιν.
1445 2076 1572 2111 Δεύτερον
1600 2076 1638 2108 δὲ,
1667 2076 1743 2102 οὐδὲν
1768 2076 1857 2108 οὕτως
1880 2077 1926 2103 ul-

1136 2120 1237 2147 δεῖσθαι
1250 2121 1316 2155 (68),
1341 2121 1378 2153 ὡς
1399 2122 1430 2148 τὸ
1448 2122 1484 2158 μὴ
1511 2123 1605 2158 ἰταμὸν
1628 2122 1717 2158 ἡμῶν.
1735 2123 1805 2158 μήτε
1825 2123 1924 2157 βίαιον,

1138 2167 1207 2202 μήτε
1221 2166 1363 2201 θεατρικόν
1379 2177 1407 2194 τε
1425 2169 1472 2195 καὶ
1486 2168 1684 2204 πανηγυρικὸν,
1704 2168 1761 2194 ἀλλ’
1778 2169 1926 2205 ὑποχωρηι

1136 2212 1210 2239 τικόν
1223 2220 1252 2238 τε
1271 2214 1318 2239 καὶ
1332 2213 1441 2249 μέτριον
1451 2234 1459 2246 ,
1473 2215 1521 2240 καὶ
1534 2211 1589 2240 οἷον
1603 2214 1710 2241 ἄκοινον
1730 2214 1758 2240 ὲν
1774 2214 1813 2249 τῷ
1828 2215 1925 2249 κοινῷ,

1135 2256 1182 2283 καὶ
1198 2258 1376 2294 μονότροπον,
1396 2259 1458 2290 καὶ,
1473 2259 1676 2294 συντομώτερον
1689 2260 1777 2285 εἰπεῖν
1791 2260 1830 2285 ἔτι
1853 2260 1924 2293 (69).

1135 2303 1277 2338 φιλόσοφον
1286 2313 1293 2318 ·
1305 2304 1366 2331 οὐδὲ
1383 2305 1450 2331 αὐτὸ
1463 2305 1605 2340 τεχνικῶς,
1625 2305 1672 2332 κα)¹
1688 2305 1835 2336 πολιτικῶς
1853 2306 1926 2340 ἡμῖν

1135 2349 1328 2385 ἀνευρημένον,
1342 2351 1399 2377 ἀλλ’
1418 2352 1513 2383 ἁπλῶς
1529 2351 1576 2377 καὶ
1596 2351 1788 2386 πνευματικῶς
1807 2360 1927 2387 τετιμη-

1136 2395 1226 2430 μένον.
1240 2397 1277 2422 Οὺ
1291 2396 1356 2432 γὰρ,
1371 2397 1415 2423 ἵνα
1427 2398 1598 2433 ζητηθῶμεν,
1611 2397 1852 2433 ἀποκρυπτόμεθα,
1866 2398 1926 2424 οὐδ’

1135 2440 1179 2468 ἵνα
1201 2442 1322 2474 πλείονος
1349 2443 1420 2476 ἄξιοι
1442 2443 1563 2479 δόξωμεν
1586 2443 1685 2479 τιμῆς,
1711 2443 1806 2478 ὥσπερ
1826 2443 1852 2469 οἱ
1871 2443 1926 2475 τὰς

1133 2552 1143 2568 ι
1165 2550 1179 2569 a
1199 2542 1276 2569 vobis
1291 2542 1483 2575 discassimtts;
1502 2553 1511 2568 ›
1535 2543 1605 2577 quod
1628 2543 1737 2577 quidem
1761 2550 1775 2569 a
1796 2541 1926 2577 Gregorii

1133 2581 1222 2604 mente
1234 2582 1261 2603 et
1277 2578 1366 2605 verbis
1378 2586 1486 2611 prorsus
1500 2578 1613 2605 alienum
1627 2583 1678 2604 est.

1245 2611 1420 2656 mearum“.
1438 2613 1498 2656 Dm;
1510 2613 1602 2656 Κεὶς-ε..
1617 2612 1792 2656 στρέψαντες.

1247 2646 1461 2683 ῘΩφεᾼήσομε-ν.
1479 2647 1544 2683 Reg.
1562 2646 1615 2678 lim.
1643 2646 1840 2683 ὼφελήσωμεν.

1249 2681 1629 2718 (Ως-,71ηηόιιιιιιῌίενῶσπερ.
1670 2717 1674 2718 7
1729 2681 1733 2682 7
1781 2681 1827 2718 '_‘

1172 2716 1228 2752 (6⁵])
1251 2716 1405 2752 Ἠμέτερον
1420 2715 1484 2744 οἷδ’.
1501 2715 1610 2750 Comb.,
1622 2717 1756 2752 ἡμέτερον
1771 2715 1802 2752 εὖ
1816 2715 1886 2744 οῖδα.

1170 2750 1226 2787 (ϐβ)
1245 2750 1406 2780 Αὶδεῖσθαι.
1423 2752 1490 2780 Tres
1501 2753 1585 2787 Regg.
1600 2750 1759 2787 et‘quatuor
1769 2751 1861 2782 Colb.,
1878 2754 1924 2779 ut-

1127 2785 1233 2811 ’δεῖσθε.

1171 2819 1226 2858 (69)
1244 2821 1345 2849 Εὶπεῖν
1360 2822 1413 2849 ἐτι.
1431 2822 1499 2851 Tres
1509 2821 1603 2858 Regg.,
1621 2820 1668 2850 0r.
1687 2821 1700 2848 1
1717 2825 1744 2848 et
1759 2819 1869 2854 Comb.,
1884 2821 1927 2848 ει-

1135 2857 1196 2882 πεῖν
1209 2864 1245 2882 τι,
