  <div class='ocr_page' id='page_1' title='image "/cluster/home/n/w/nwhite01/storage/ocr_20150623/36/njp.32101013202633/146.png"; bbox 0 0 2029 3127; ppageno 0'>
   <div class='ocr_carea' id='block_1_1' title="bbox 134 178 183 207">
    <p class='ocr_par' dir='ltr' id='par_1_1' title="bbox 134 178 183 207">
     <span class='ocr_line' id='line_1_1' title="bbox 134 178 183 207; baseline 0.041 -2"><span class='ocrx_word' id='word_1_1' title='bbox 134 178 183 207; x_wconf 68' lang='grc'><strong>169</strong></span> 
     </span>
    </p>
   </div>
   <div class='ocr_carea' id='block_1_2' title="bbox 617 183 1254 220">
    <p class='ocr_par' dir='ltr' id='par_1_2' title="bbox 617 183 1254 220">
     <span class='ocr_line' id='line_1_2' title="bbox 617 183 1254 220; baseline 0.002 -8"><span class='ocrx_word' id='word_1_2' title='bbox 617 183 746 214; x_wconf 77' lang='lat' dir='ltr'><strong>ORATIO</strong></span> <span class='ocrx_word' id='word_1_3' title='bbox 764 186 883 214; x_wconf 74' lang='lat' dir='ltr'><strong>XXXVI.</strong></span> <span class='ocrx_word' id='word_1_4' title='bbox 904 202 938 208; x_wconf 90' lang='lat'><strong>—</strong></span> <span class='ocrx_word' id='word_1_5' title='bbox 957 188 1000 215; x_wconf 86' lang='lat' dir='ltr'><strong>DE</strong></span> <span class='ocrx_word' id='word_1_6' title='bbox 1019 188 1149 220; x_wconf 88' lang='lat' dir='ltr'><strong>SEIPSO,</strong></span> <span class='ocrx_word' id='word_1_7' title='bbox 1177 186 1254 214; x_wconf 82' lang='lat' dir='ltr'><strong>ETC.</strong></span> 
     </span>
    </p>
   </div>
   <div class='ocr_carea' id='block_1_3' title="bbox 1697 185 1750 214">
    <p class='ocr_par' dir='ltr' id='par_1_3' title="bbox 1697 185 1750 214">
     <span class='ocr_line' id='line_1_3' title="bbox 1697 185 1750 214; baseline 0.038 -2"><span class='ocrx_word' id='word_1_8' title='bbox 1697 185 1750 214; x_wconf 70' lang='grc'><strong>270</strong></span> 
     </span>
    </p>
   </div>
   <div class='ocr_carea' id='block_1_4' title="bbox 133 237 917 284">
    <p class='ocr_par' dir='ltr' id='par_1_4' title="bbox 133 237 909 284">
     <span class='ocr_line' id='line_1_4' title="bbox 133 237 909 284; baseline 0.014 -20"><span class='ocrx_word' id='word_1_9' title='bbox 133 237 332 284; x_wconf 20' lang='grc' dir='ltr'>ᾦραςήμικρὺν</span> <span class='ocrx_word' id='word_1_10' title='bbox 360 241 571 275; x_wconf 76' lang='grc' dir='ltr'><strong>προφαίνοντες,</strong></span> <span class='ocrx_word' id='word_1_11' title='bbox 603 242 653 271; x_wconf 83' lang='grc' dir='ltr'>εἶθ’</span> <span class='ocrx_word' id='word_1_12' title='bbox 683 246 909 279; x_wconf 77' lang='grc' dir='ltr'>ὑποστέλλοντες·</span> 
     </span>
    </p>
   </div>
   <div class='ocr_carea' id='block_1_5' title="bbox 969 237 1749 284">
    <p class='ocr_par' dir='ltr' id='par_1_5' title="bbox 969 245 1749 284">
     <span class='ocr_line' id='line_1_5' title="bbox 969 245 1749 284; baseline -0.005 -8"><span class='ocrx_word' id='word_1_13' title='bbox 969 249 1164 284; x_wconf 85' lang='lat' dir='ltr'><strong>Philosophiam</strong></span> <span class='ocrx_word' id='word_1_14' title='bbox 1191 252 1282 275; x_wconf 89' lang='lat' dir='ltr'><strong>autem</strong></span> <span class='ocrx_word' id='word_1_15' title='bbox 1298 246 1368 279; x_wconf 83' lang='lat' dir='ltr'><strong>dico,</strong></span> <span class='ocrx_word' id='word_1_16' title='bbox 1385 253 1438 273; x_wconf 91' lang='lat' dir='ltr'><strong>non</strong></span> <span class='ocrx_word' id='word_1_17' title='bbox 1456 245 1560 278; x_wconf 85' lang='lat' dir='ltr'><strong>callide,</strong></span> <span class='ocrx_word' id='word_1_18' title='bbox 1587 249 1615 273; x_wconf 89' lang='lat' dir='ltr'><strong>et</strong></span> <span class='ocrx_word' id='word_1_19' title='bbox 1641 245 1749 280; x_wconf 88' lang='lat' dir='ltr'><strong>politico</strong></span> 
     </span>
    </p>
   </div>
   <div class='ocr_carea' id='block_1_6' title="bbox 133 282 913 330">
    <p class='ocr_par' dir='ltr' id='par_1_6' title="bbox 133 282 913 330">
     <span class='ocr_line' id='line_1_6' title="bbox 133 282 913 330; baseline 0.014 -20"><span class='ocrx_word' id='word_1_20' title='bbox 133 283 189 310; x_wconf 86' lang='grc' dir='ltr'>ἀλλ’</span> <span class='ocrx_word' id='word_1_21' title='bbox 212 282 255 310; x_wconf 79' lang='grc' dir='ltr'>ἵνα</span> <span class='ocrx_word' id='word_1_22' title='bbox 277 284 333 330; x_wconf 51' lang='grc'><strong>(70)</strong></span> <span class='ocrx_word' id='word_1_23' title='bbox 353 285 383 312; x_wconf 84' lang='grc' dir='ltr'>τὸ</span> <span class='ocrx_word' id='word_1_24' title='bbox 417 287 527 321; x_wconf 82' lang='grc' dir='ltr'><strong>φεύγειν</strong></span> <span class='ocrx_word' id='word_1_25' title='bbox 551 290 601 321; x_wconf 78' lang='grc' dir='ltr'>τὰς</span> <span class='ocrx_word' id='word_1_26' title='bbox 625 291 778 327; x_wconf 76' lang='grc' dir='ltr'>προεδρίας.</span> <span class='ocrx_word' id='word_1_27' title='bbox 806 294 852 320; x_wconf 74' lang='grc' dir='ltr'>καὶ</span> <span class='ocrx_word' id='word_1_28' title='bbox 876 294 913 330; x_wconf 84' lang='grc' dir='ltr'>μὴ</span> 
     </span>
    </p>
   </div>
   <div class='ocr_carea' id='block_1_7' title="bbox 133 329 903 374">
    <p class='ocr_par' dir='ltr' id='par_1_7' title="bbox 133 329 903 374">
     <span class='ocr_line' id='line_1_7' title="bbox 133 329 903 374; baseline 0.017 -21"><span class='ocrx_word' id='word_1_29' title='bbox 133 329 334 364; x_wconf 80' lang='grc' dir='ltr'>μεταποιεῖσθαι</span> <span class='ocrx_word' id='word_1_30' title='bbox 344 331 398 357; x_wconf 85' lang='grc' dir='ltr'><strong>τῶν</strong></span> <span class='ocrx_word' id='word_1_31' title='bbox 410 332 538 360; x_wconf 77' lang='grc' dir='ltr'><strong>τοιούτων</strong></span> <span class='ocrx_word' id='word_1_32' title='bbox 548 335 645 370; x_wconf 83' lang='grc' dir='ltr'><strong>τιμῶν,</strong></span> <span class='ocrx_word' id='word_1_33' title='bbox 660 337 698 373; x_wconf 80' lang='grc' dir='ltr'>τῷ</span> <span class='ocrx_word' id='word_1_34' title='bbox 711 338 814 374; x_wconf 74' lang='grc' dir='ltr'><strong>ήσυχέῳ</strong></span> <span class='ocrx_word' id='word_1_35' title='bbox 825 339 903 371; x_wconf 78' lang='grc' dir='ltr'>δείξω</span> 
     </span>
    </p>
   </div>
   <div class='ocr_carea' id='block_1_8' title="bbox 133 375 913 419">
    <p class='ocr_par' dir='ltr' id='par_1_8' title="bbox 133 375 913 419">
     <span class='ocr_line' id='line_1_8' title="bbox 133 375 913 419; baseline 0.018 -20"><span class='ocrx_word' id='word_1_36' title='bbox 133 382 190 409; x_wconf 81' lang='grc' dir='ltr'>μεν.</span> <span class='ocrx_word' id='word_1_37' title='bbox 204 375 310 410; x_wconf 79' lang='grc' dir='ltr'>Τρίτον,</span> <span class='ocrx_word' id='word_1_38' title='bbox 323 377 440 412; x_wconf 78' lang='grc' dir='ltr'>ὁρῶντες</span> <span class='ocrx_word' id='word_1_39' title='bbox 453 380 526 414; x_wconf 75' lang='grc' dir='ltr'>ἡμᾶς</span> <span class='ocrx_word' id='word_1_40' title='bbox 537 378 579 407; x_wconf 74' lang='grc' dir='ltr'>οἷα</span> <span class='ocrx_word' id='word_1_41' title='bbox 595 382 735 419; x_wconf 78' lang='grc' dir='ltr'>πάσχομεν</span> <span class='ocrx_word' id='word_1_42' title='bbox 750 385 802 411; x_wconf 88' lang='grc' dir='ltr'>ὑπό</span> <span class='ocrx_word' id='word_1_43' title='bbox 815 394 845 412; x_wconf 85' lang='grc' dir='ltr'><strong>τε</strong></span> <span class='ocrx_word' id='word_1_44' title='bbox 860 386 913 412; x_wconf 79' lang='grc' dir='ltr'>τῶν</span> 
     </span>
    </p>
   </div>
   <div class='ocr_carea' id='block_1_9' title="bbox 131 419 914 458">
    <p class='ocr_par' dir='ltr' id='par_1_9' title="bbox 131 419 914 458">
     <span class='ocr_line' id='line_1_9' title="bbox 131 419 914 458; baseline 0.018 -14"><span class='ocrx_word' id='word_1_45' title='bbox 131 419 228 451; x_wconf 73' lang='grc' dir='ltr'>ἔξωθεν</span> <span class='ocrx_word' id='word_1_46' title='bbox 243 421 446 457; x_wconf 79' lang='grc' dir='ltr'>πολεμούντων,</span> <span class='ocrx_word' id='word_1_47' title='bbox 469 427 516 452; x_wconf 78' lang='grc' dir='ltr'><strong>καὶ</strong></span> <span class='ocrx_word' id='word_1_48' title='bbox 537 427 592 454; x_wconf 84' lang='grc' dir='ltr'>τῶν</span> <span class='ocrx_word' id='word_1_49' title='bbox 608 428 712 456; x_wconf 78' lang='grc' dir='ltr'>ἔνδοθεν</span> <span class='ocrx_word' id='word_1_50' title='bbox 728 430 914 458; x_wconf 77' lang='grc' dir='ltr'>ἐπιϐουλευόν-</span> 
     </span>
    </p>
   </div>
   <div class='ocr_carea' id='block_1_10' title="bbox 130 467 912 512">
    <p class='ocr_par' dir='ltr' id='par_1_10' title="bbox 130 467 912 512">
     <span class='ocr_line' id='line_1_10' title="bbox 130 467 912 512; baseline 0.018 -21"><span class='ocrx_word' id='word_1_51' title='bbox 130 474 196 492; x_wconf 80' lang='grc' dir='ltr'>των·</span> <span class='ocrx_word' id='word_1_52' title='bbox 211 467 316 503; x_wconf 81' lang='grc' dir='ltr'>ἐπειδὴ,</span> <span class='ocrx_word' id='word_1_53' title='bbox 330 470 400 496; x_wconf 81' lang='grc' dir='ltr'>κατὰ</span> <span class='ocrx_word' id='word_1_54' title='bbox 418 471 463 497; x_wconf 80' lang='grc' dir='ltr'>τὸν</span> <span class='ocrx_word' id='word_1_55' title='bbox 479 473 588 509; x_wconf 76' lang='grc' dir='ltr'>Δανιὴλ,</span> <span class='ocrx_word' id='word_1_56' title='bbox 612 474 742 509; x_wconf 75' lang='grc' dir='ltr'><strong>ἐξῆλθεν</strong></span> <span class='ocrx_word' id='word_1_57' title='bbox 755 477 865 512; x_wconf 76' lang='grc' dir='ltr'>ἀνομία</span> <span class='ocrx_word' id='word_1_58' title='bbox 878 479 912 505; x_wconf 77' lang='grc' dir='ltr'>ἐκ</span> 
     </span>
    </p>
   </div>
   <div class='ocr_carea' id='block_1_11' title="bbox 131 513 916 558">
    <p class='ocr_par' dir='ltr' id='par_1_11' title="bbox 131 513 916 558">
     <span class='ocr_line' id='line_1_11' title="bbox 131 513 916 558; baseline 0.017 -20"><span class='ocrx_word' id='word_1_59' title='bbox 131 513 337 548; x_wconf 75' lang='grc' dir='ltr'>πρεσϐυτέρων</span> <span class='ocrx_word' id='word_1_60' title='bbox 363 516 397 543; x_wconf 79' lang='grc' dir='ltr'>ἐκ</span> <span class='ocrx_word' id='word_1_61' title='bbox 424 518 620 552; x_wconf 72' lang='grc' dir='ltr'>Βαϐυλῶνος,</span> <span class='ocrx_word' id='word_1_62' title='bbox 644 521 673 547; x_wconf 77' lang='grc' dir='ltr'>οἳ</span> <span class='ocrx_word' id='word_1_63' title='bbox 705 521 833 550; x_wconf 77' lang='grc' dir='ltr'><strong>ἐδόκουν</strong></span> <span class='ocrx_word' id='word_1_64' title='bbox 855 524 916 558; x_wconf 80' lang='grc' dir='ltr'>κρί-</span> 
     </span>
    </p>
   </div>
   <div class='ocr_carea' id='block_1_12' title="bbox 130 559 915 604">
    <p class='ocr_par' dir='ltr' id='par_1_12' title="bbox 130 559 915 604">
     <span class='ocr_line' id='line_1_12' title="bbox 130 559 915 604; baseline 0.015 -19"><span class='ocrx_word' id='word_1_65' title='bbox 130 567 192 586; x_wconf 77' lang='grc' dir='ltr'>νειν</span> <span class='ocrx_word' id='word_1_66' title='bbox 201 559 255 586; x_wconf 74' lang='grc' dir='ltr'><strong>τὸν</strong></span> <span class='ocrx_word' id='word_1_67' title='bbox 272 561 404 595; x_wconf 74' lang='grc' dir='ltr'><strong>Ἰσραήλ·</strong></span> <span class='ocrx_word' id='word_1_68' title='bbox 417 564 585 598; x_wconf 79' lang='grc' dir='ltr'><strong>σχετλιάζειν</strong></span> <span class='ocrx_word' id='word_1_69' title='bbox 599 567 647 601; x_wconf 83' lang='grc' dir='ltr'>μὲν</span> <span class='ocrx_word' id='word_1_70' title='bbox 660 568 706 594; x_wconf 70' lang='grc' dir='ltr'>καὶ</span> <span class='ocrx_word' id='word_1_71' title='bbox 718 568 915 604; x_wconf 79' lang='grc' dir='ltr'>δυσχεραίνειν.</span> 
     </span>
    </p>
   </div>
   <div class='ocr_carea' id='block_1_13' title="bbox 131 604 919 650">
    <p class='ocr_par' dir='ltr' id='par_1_13' title="bbox 131 604 919 650">
     <span class='ocr_line' id='line_1_13' title="bbox 131 604 919 650; baseline 0.015 -20"><span class='ocrx_word' id='word_1_72' title='bbox 131 604 175 630; x_wconf 72' lang='grc' dir='ltr'>καὶ</span> <span class='ocrx_word' id='word_1_73' title='bbox 183 605 232 631; x_wconf 73' lang='grc' dir='ltr'>οὐκ</span> <span class='ocrx_word' id='word_1_74' title='bbox 240 605 311 640; x_wconf 82' lang='grc' dir='ltr'>ἔχειν</span> <span class='ocrx_word' id='word_1_75' title='bbox 323 607 396 639; x_wconf 83' lang='grc' dir='ltr'>ὅπως</span> <span class='ocrx_word' id='word_1_76' title='bbox 406 610 563 646; x_wconf 81' lang='grc' dir='ltr'>ἐπαμύνητε</span> <span class='ocrx_word' id='word_1_77' title='bbox 575 612 631 647; x_wconf 81' lang='grc'><strong>(71)</strong></span> <span class='ocrx_word' id='word_1_78' title='bbox 640 615 858 650; x_wconf 85' lang='grc' dir='ltr'>τυραννουμὲνῳ,</span> <span class='ocrx_word' id='word_1_79' title='bbox 872 615 919 650; x_wconf 90' lang='grc' dir='ltr'>μό-</span> 
     </span>
    </p>
   </div>
   <div class='ocr_carea' id='block_1_14' title="bbox 131 651 919 693">
    <p class='ocr_par' dir='ltr' id='par_1_14' title="bbox 131 651 919 693">
     <span class='ocr_line' id='line_1_14' title="bbox 131 651 919 693; baseline 0.016 -17"><span class='ocrx_word' id='word_1_80' title='bbox 131 658 173 676; x_wconf 88' lang='grc' dir='ltr'><strong>νον</strong></span> <span class='ocrx_word' id='word_1_81' title='bbox 183 651 212 677; x_wconf 62' lang='lat' dir='ltr'><strong>es</strong></span> <span class='ocrx_word' id='word_1_82' title='bbox 223 651 284 678; x_wconf 81' lang='grc' dir='ltr'>ἀντὶ</span> <span class='ocrx_word' id='word_1_83' title='bbox 299 653 406 680; x_wconf 85' lang='grc' dir='ltr'>πάντων</span> <span class='ocrx_word' id='word_1_84' title='bbox 416 656 552 691; x_wconf 61' lang='grc' dir='ltr'>εἰσφέρειν</span> <span class='ocrx_word' id='word_1_85' title='bbox 563 658 608 684; x_wconf 83' lang='grc' dir='ltr'><strong>τὸν</strong></span> <span class='ocrx_word' id='word_1_86' title='bbox 623 658 704 686; x_wconf 78' lang='grc' dir='ltr'>ἔλεον.</span> <span class='ocrx_word' id='word_1_87' title='bbox 723 660 752 687; x_wconf 87' lang='lat'><strong>&#39;0</strong></span> <span class='ocrx_word' id='word_1_88' title='bbox 767 659 814 688; x_wconf 79' lang='grc' dir='ltr'>οὖν</span> <span class='ocrx_word' id='word_1_89' title='bbox 830 659 919 693; x_wconf 82' lang='grc' dir='ltr'>οἶκτος</span> 
     </span>
    </p>
   </div>
   <div class='ocr_carea' id='block_1_15' title="bbox 131 696 915 742">
    <p class='ocr_par' dir='ltr' id='par_1_15' title="bbox 131 696 915 742">
     <span class='ocr_line' id='line_1_15' title="bbox 131 696 915 742; baseline 0.019 -22"><span class='ocrx_word' id='word_1_90' title='bbox 131 697 162 730; x_wconf 83' lang='grc' dir='ltr'>τῇ</span> <span class='ocrx_word' id='word_1_91' title='bbox 182 696 250 723; x_wconf 81' lang='grc' dir='ltr'>αἰδοῖ</span> <span class='ocrx_word' id='word_1_92' title='bbox 266 699 429 734; x_wconf 74' lang='grc' dir='ltr'>συγκραθεὶς</span> <span class='ocrx_word' id='word_1_93' title='bbox 445 701 555 738; x_wconf 78' lang='grc' dir='ltr'>φίλτρον</span> <span class='ocrx_word' id='word_1_94' title='bbox 569 705 686 739; x_wconf 76' lang='grc' dir='ltr'>ἐγένετο.</span> <span class='ocrx_word' id='word_1_95' title='bbox 704 706 758 733; x_wconf 76' lang='grc' dir='ltr'><strong>Καὶ</strong></span> <span class='ocrx_word' id='word_1_96' title='bbox 774 707 852 733; x_wconf 80' lang='grc' dir='ltr'>τοῦτο</span> <span class='ocrx_word' id='word_1_97' title='bbox 866 707 915 742; x_wconf 84' lang='grc' dir='ltr'>τῆς</span> 
     </span>
    </p>
   </div>
   <div class='ocr_carea' id='block_1_16' title="bbox 131 743 583 784">
    <p class='ocr_par' dir='ltr' id='par_1_16' title="bbox 131 743 583 784">
     <span class='ocr_line' id='line_1_16' title="bbox 131 743 583 784; baseline 0.018 -16"><span class='ocrx_word' id='word_1_98' title='bbox 131 743 193 777; x_wconf 70' lang='grc' dir='ltr'>περ).</span> <span class='ocrx_word' id='word_1_99' title='bbox 208 743 257 778; x_wconf 74' lang='grc' dir='ltr'><strong>ἐμὲ</strong></span> <span class='ocrx_word' id='word_1_100' title='bbox 277 745 358 779; x_wconf 75' lang='grc' dir='ltr'>τιμῆς</span> <span class='ocrx_word' id='word_1_101' title='bbox 377 746 408 772; x_wconf 81' lang='grc' dir='ltr'>τὸ</span> <span class='ocrx_word' id='word_1_102' title='bbox 426 748 583 784; x_wconf 82' lang='grc' dir='ltr'>μυστήριον.</span> 
     </span>
    </p>
   </div>
   <div class='ocr_carea' id='block_1_17' title="bbox 965 290 1751 327">
    <p class='ocr_par' dir='ltr' id='par_1_17' title="bbox 965 290 1751 327">
     <span class='ocr_line' id='line_1_17' title="bbox 965 290 1751 327; baseline -0.006 -5"><span class='ocrx_word' id='word_1_103' title='bbox 965 295 1079 322; x_wconf 73' lang='lat' dir='ltr'><strong>artificio</strong></span> <span class='ocrx_word' id='word_1_104' title='bbox 1089 294 1268 327; x_wconf 74' lang='lat' dir='ltr'><strong>excogitatam</strong></span> <span class='ocrx_word' id='word_1_105' title='bbox 1284 297 1366 326; x_wconf 86' lang='lat' dir='ltr'><strong>atque</strong></span> <span class='ocrx_word' id='word_1_106' title='bbox 1379 291 1550 323; x_wconf 76' lang='lat' dir='ltr'><strong>accersitam,</strong></span> <span class='ocrx_word' id='word_1_107' title='bbox 1565 291 1612 318; x_wconf 91' lang='lat' dir='ltr'><strong>sed</strong></span> <span class='ocrx_word' id='word_1_108' title='bbox 1625 290 1751 325; x_wconf 83' lang='lat' dir='ltr'><strong>simplici-</strong></span> 
     </span>
    </p>
   </div>
   <div class='ocr_carea' id='block_1_18' title="bbox 965 335 1750 374">
    <p class='ocr_par' dir='ltr' id='par_1_18' title="bbox 965 335 1750 374">
     <span class='ocr_line' id='line_1_18' title="bbox 965 335 1750 374; baseline -0.006 -7"><span class='ocrx_word' id='word_1_109' title='bbox 965 344 1006 367; x_wconf 87' lang='lat' dir='ltr'><strong>ter</strong></span> <span class='ocrx_word' id='word_1_110' title='bbox 1022 347 1054 367; x_wconf 88' lang='lat' dir='ltr'><strong>ac</strong></span> <span class='ocrx_word' id='word_1_111' title='bbox 1082 339 1258 374; x_wconf 87' lang='lat' dir='ltr'><strong>spiritualiter</strong></span> <span class='ocrx_word' id='word_1_112' title='bbox 1289 337 1390 365; x_wconf 88' lang='lat' dir='ltr'><strong>cultam</strong></span> <span class='ocrx_word' id='word_1_113' title='bbox 1421 341 1449 364; x_wconf 86' lang='lat' dir='ltr'><strong>et</strong></span> <span class='ocrx_word' id='word_1_114' title='bbox 1479 337 1659 364; x_wconf 84' lang='lat' dir='ltr'><strong>observatam.</strong></span> <span class='ocrx_word' id='word_1_115' title='bbox 1691 335 1750 362; x_wconf 87' lang='lat' dir='ltr'><strong>Non</strong></span> 
     </span>
    </p>
   </div>
   <div class='ocr_carea' id='block_1_19' title="bbox 964 382 1751 419">
    <p class='ocr_par' dir='ltr' id='par_1_19' title="bbox 964 382 1751 419">
     <span class='ocr_line' id='line_1_19' title="bbox 964 382 1751 419; baseline -0.006 -6"><span class='ocrx_word' id='word_1_116' title='bbox 964 386 1048 418; x_wconf 88' lang='lat' dir='ltr'><strong>enim,</strong></span> <span class='ocrx_word' id='word_1_117' title='bbox 1066 391 1095 412; x_wconf 93' lang='lat' dir='ltr'><strong>ut</strong></span> <span class='ocrx_word' id='word_1_118' title='bbox 1108 391 1271 419; x_wconf 61' lang='lat' dir='ltr'><strong>qureramur,</strong></span> <span class='ocrx_word' id='word_1_119' title='bbox 1295 383 1411 410; x_wconf 87' lang='lat' dir='ltr'><strong>latebras</strong></span> <span class='ocrx_word' id='word_1_120' title='bbox 1427 382 1554 417; x_wconf 86' lang='lat' dir='ltr'><strong>petimus,</strong></span> <span class='ocrx_word' id='word_1_121' title='bbox 1579 389 1628 409; x_wconf 90' lang='lat' dir='ltr'><strong>nec</strong></span> <span class='ocrx_word' id='word_1_122' title='bbox 1639 386 1667 409; x_wconf 92' lang='lat' dir='ltr'><strong>ut</strong></span> <span class='ocrx_word' id='word_1_123' title='bbox 1681 389 1751 416; x_wconf 71' lang='lat' dir='ltr'><strong>prae-</strong></span> 
     </span>
    </p>
   </div>
   <div class='ocr_carea' id='block_1_20' title="bbox 965 429 1750 466">
    <p class='ocr_par' dir='ltr' id='par_1_20' title="bbox 965 429 1750 466">
     <span class='ocr_line' id='line_1_20' title="bbox 965 429 1750 466; baseline -0.005 -7"><span class='ocrx_word' id='word_1_124' title='bbox 965 433 1086 460; x_wconf 87' lang='lat' dir='ltr'><strong>slantiori</strong></span> <span class='ocrx_word' id='word_1_125' title='bbox 1102 432 1204 459; x_wconf 87' lang='lat' dir='ltr'><strong>honore</strong></span> <span class='ocrx_word' id='word_1_126' title='bbox 1226 430 1298 466; x_wconf 78' lang='lat' dir='ltr'><strong>digni</strong></span> <span class='ocrx_word' id='word_1_127' title='bbox 1314 436 1503 465; x_wconf 80' lang='lat' dir='ltr'><strong>appareamus,</strong></span> <span class='ocrx_word' id='word_1_128' title='bbox 1526 429 1750 463; x_wconf 84' lang='lat' dir='ltr'><strong>quemadmodum</strong></span> 
     </span>
    </p>
   </div>
   <div class='ocr_carea' id='block_1_21' title="bbox 941 475 1752 513">
    <p class='ocr_par' dir='ltr' id='par_1_21' title="bbox 941 475 1752 513">
     <span class='ocr_line' id='line_1_21' title="bbox 941 475 1752 513; baseline -0.004 -9"><span class='ocrx_word' id='word_1_129' title='bbox 941 507 945 510; x_wconf 20' lang='grc' dir='ltr'>ι</span> <span class='ocrx_word' id='word_1_130' title='bbox 967 479 1011 513; x_wconf 91' lang='lat' dir='ltr'><strong>qui</strong></span> <span class='ocrx_word' id='word_1_131' title='bbox 1026 478 1139 506; x_wconf 74' lang='lat' dir='ltr'><strong>eximias</strong></span> <span class='ocrx_word' id='word_1_132' title='bbox 1151 478 1279 512; x_wconf 91' lang='lat' dir='ltr'><strong>quasdam</strong></span> <span class='ocrx_word' id='word_1_133' title='bbox 1296 476 1397 504; x_wconf 78' lang='lat' dir='ltr'><strong>formas</strong></span> <span class='ocrx_word' id='word_1_134' title='bbox 1414 475 1551 510; x_wconf 92' lang='lat' dir='ltr'><strong>paululum</strong></span> <span class='ocrx_word' id='word_1_135' title='bbox 1569 479 1691 502; x_wconf 86' lang='lat' dir='ltr'><strong>ostensas</strong></span> <span class='ocrx_word' id='word_1_136' title='bbox 1701 480 1752 501; x_wconf 88' lang='lat' dir='ltr'><strong>sta-</strong></span> 
     </span>
    </p>
   </div>
   <div class='ocr_carea' id='block_1_22' title="bbox 968 521 1752 556">
    <p class='ocr_par' dir='ltr' id='par_1_22' title="bbox 968 521 1752 556">
     <span class='ocr_line' id='line_1_22' title="bbox 968 521 1752 556; baseline -0.005 -5"><span class='ocrx_word' id='word_1_137' title='bbox 968 524 1015 551; x_wconf 88' lang='lat' dir='ltr'><strong>tim</strong></span> <span class='ocrx_word' id='word_1_138' title='bbox 1036 531 1070 551; x_wconf 77' lang='lat' dir='ltr'><strong>ex</strong></span> <span class='ocrx_word' id='word_1_139' title='bbox 1085 523 1171 551; x_wconf 88' lang='lat' dir='ltr'><strong>oculis</strong></span> <span class='ocrx_word' id='word_1_140' title='bbox 1187 522 1357 554; x_wconf 83' lang='lat' dir='ltr'><strong>subducunt;</strong></span> <span class='ocrx_word' id='word_1_141' title='bbox 1374 522 1421 549; x_wconf 88' lang='lat' dir='ltr'><strong>sed</strong></span> <span class='ocrx_word' id='word_1_142' title='bbox 1443 526 1473 549; x_wconf 91' lang='lat' dir='ltr'><strong>ut</strong></span> <span class='ocrx_word' id='word_1_143' title='bbox 1495 529 1543 556; x_wconf 91' lang='lat' dir='ltr'><strong>per</strong></span> <span class='ocrx_word' id='word_1_144' title='bbox 1559 521 1676 556; x_wconf 85' lang='lat' dir='ltr'><strong>quietam</strong></span> <span class='ocrx_word' id='word_1_145' title='bbox 1695 525 1722 548; x_wconf 90' lang='lat' dir='ltr'><strong>et</strong></span> <span class='ocrx_word' id='word_1_146' title='bbox 1736 528 1752 548; x_wconf 89' lang='lat' dir='ltr'><strong>e</strong></span> 
     </span>
    </p>
   </div>
   <div class='ocr_carea' id='block_1_23' title="bbox 968 567 1752 601">
    <p class='ocr_par' dir='ltr' id='par_1_23' title="bbox 968 567 1752 601">
     <span class='ocr_line' id='line_1_23' title="bbox 968 567 1752 601; baseline -0.004 -4"><span class='ocrx_word' id='word_1_147' title='bbox 968 569 1057 597; x_wconf 85' lang='lat' dir='ltr'><strong>medio</strong></span> <span class='ocrx_word' id='word_1_148' title='bbox 1072 570 1212 597; x_wconf 88' lang='lat' dir='ltr'><strong>reductam</strong></span> <span class='ocrx_word' id='word_1_149' title='bbox 1225 569 1286 596; x_wconf 77' lang='lat' dir='ltr'><strong>vita:</strong></span> <span class='ocrx_word' id='word_1_150' title='bbox 1308 568 1452 601; x_wconf 85' lang='lat' dir='ltr'><strong>rationem,</strong></span> <span class='ocrx_word' id='word_1_151' title='bbox 1466 568 1528 595; x_wconf 86' lang='lat' dir='ltr'><strong>illud</strong></span> <span class='ocrx_word' id='word_1_152' title='bbox 1546 568 1653 601; x_wconf 85' lang='lat' dir='ltr'><strong>planum</strong></span> <span class='ocrx_word' id='word_1_153' title='bbox 1669 567 1752 594; x_wconf 81' lang='lat' dir='ltr'><strong>facia-</strong></span> 
     </span>
    </p>
   </div>
   <div class='ocr_carea' id='block_1_24' title="bbox 970 613 1752 650">
    <p class='ocr_par' dir='ltr' id='par_1_24' title="bbox 970 613 1752 650">
     <span class='ocr_line' id='line_1_24' title="bbox 970 613 1752 650; baseline -0.003 -8"><span class='ocrx_word' id='word_1_154' title='bbox 970 623 1038 647; x_wconf 82' lang='lat' dir='ltr'><strong>mus,</strong></span> <span class='ocrx_word' id='word_1_155' title='bbox 1053 615 1133 650; x_wconf 79' lang='lat'><strong>637</strong></span> <span class='ocrx_word' id='word_1_156' title='bbox 1146 622 1193 642; x_wconf 93' lang='lat' dir='ltr'><strong>nos</strong></span> <span class='ocrx_word' id='word_1_157' title='bbox 1208 622 1222 641; x_wconf 85' lang='lat' dir='ltr'><strong>a</strong></span> <span class='ocrx_word' id='word_1_158' title='bbox 1236 615 1405 650; x_wconf 71' lang='lat' dir='ltr'><strong>prmfectnris</strong></span> <span class='ocrx_word' id='word_1_159' title='bbox 1418 614 1502 642; x_wconf 86' lang='lat' dir='ltr'><strong>sacris</strong></span> <span class='ocrx_word' id='word_1_160' title='bbox 1529 613 1686 645; x_wconf 79' lang='lat' dir='ltr'><strong>abhorrere,</strong></span> <span class='ocrx_word' id='word_1_161' title='bbox 1703 621 1752 641; x_wconf 88' lang='lat' dir='ltr'><strong>nec</strong></span> 
     </span>
    </p>
   </div>
   <div class='ocr_carea' id='block_1_25' title="bbox 969 659 1752 695">
    <p class='ocr_par' dir='ltr' id='par_1_25' title="bbox 969 659 1752 695">
     <span class='ocr_line' id='line_1_25' title="bbox 969 659 1752 695; baseline -0.004 -7"><span class='ocrx_word' id='word_1_162' title='bbox 969 661 1120 695; x_wconf 75' lang='lat' dir='ltr'><strong>huiusmodi</strong></span> <span class='ocrx_word' id='word_1_163' title='bbox 1139 662 1255 688; x_wconf 83' lang='lat' dir='ltr'><strong>honores</strong></span> <span class='ocrx_word' id='word_1_164' title='bbox 1270 661 1373 687; x_wconf 87' lang='lat' dir='ltr'><strong>ambire</strong></span> <span class='ocrx_word' id='word_1_165' title='bbox 1391 664 1472 694; x_wconf 85' lang='lat' dir='ltr'><strong>atque</strong></span> <span class='ocrx_word' id='word_1_166' title='bbox 1493 659 1631 694; x_wconf 86' lang='lat' dir='ltr'><strong>aucupari.</strong></span> <span class='ocrx_word' id='word_1_167' title='bbox 1648 659 1752 690; x_wconf 84' lang='lat' dir='ltr'><strong>Tertio,</strong></span> 
     </span>
    </p>
   </div>
   <div class='ocr_carea' id='block_1_26' title="bbox 969 703 1752 741">
    <p class='ocr_par' dir='ltr' id='par_1_26' title="bbox 969 703 1752 741">
     <span class='ocr_line' id='line_1_26' title="bbox 969 703 1752 741; baseline -0.004 -8"><span class='ocrx_word' id='word_1_168' title='bbox 969 713 1041 739; x_wconf 88' lang='lat' dir='ltr'><strong>cum,</strong></span> <span class='ocrx_word' id='word_1_169' title='bbox 1057 706 1153 741; x_wconf 88' lang='lat' dir='ltr'><strong>quibus</strong></span> <span class='ocrx_word' id='word_1_170' title='bbox 1167 706 1257 738; x_wconf 88' lang='lat' dir='ltr'><strong>malis,</strong></span> <span class='ocrx_word' id='word_1_171' title='bbox 1272 710 1327 732; x_wconf 92' lang='lat' dir='ltr'><strong>tum</strong></span> <span class='ocrx_word' id='word_1_172' title='bbox 1339 705 1372 732; x_wconf 91' lang='lat' dir='ltr'><strong>ab</strong></span> <span class='ocrx_word' id='word_1_173' title='bbox 1385 704 1503 732; x_wconf 76' lang='lat' dir='ltr'><strong>externis</strong></span> <span class='ocrx_word' id='word_1_174' title='bbox 1513 708 1606 739; x_wconf 86' lang='lat' dir='ltr'><strong>aperto</strong></span> <span class='ocrx_word' id='word_1_175' title='bbox 1620 711 1669 731; x_wconf 90' lang='lat' dir='ltr'><strong>nos</strong></span> <span class='ocrx_word' id='word_1_176' title='bbox 1683 703 1752 731; x_wconf 86' lang='lat' dir='ltr'><strong>bello</strong></span> 
     </span>
    </p>
   </div>
   <div class='ocr_carea' id='block_1_27' title="bbox 970 750 1752 784">
    <p class='ocr_par' dir='ltr' id='par_1_27' title="bbox 970 750 1752 784">
     <span class='ocr_line' id='line_1_27' title="bbox 970 750 1752 784; baseline -0.004 -6"><span class='ocrx_word' id='word_1_177' title='bbox 970 751 1172 784; x_wconf 81' lang='lat' dir='ltr'><strong>lacessentibus,</strong></span> <span class='ocrx_word' id='word_1_178' title='bbox 1188 755 1244 778; x_wconf 92' lang='lat' dir='ltr'><strong>tum</strong></span> <span class='ocrx_word' id='word_1_179' title='bbox 1260 751 1293 778; x_wconf 88' lang='lat' dir='ltr'><strong>ab</strong></span> <span class='ocrx_word' id='word_1_180' title='bbox 1307 750 1420 777; x_wconf 82' lang='lat' dir='ltr'><strong>internis</strong></span> <span class='ocrx_word' id='word_1_181' title='bbox 1436 754 1462 776; x_wconf 90' lang='lat' dir='ltr'><strong>et</strong></span> <span class='ocrx_word' id='word_1_182' title='bbox 1475 750 1630 778; x_wconf 86' lang='lat' dir='ltr'><strong>domesticis</strong></span> <span class='ocrx_word' id='word_1_183' title='bbox 1641 750 1752 777; x_wconf 85' lang='lat' dir='ltr'><strong>insidias</strong></span> 
     </span>
    </p>
   </div>
   <div class='ocr_carea' id='block_1_28' title="bbox 131 786 1753 833">
    <p class='ocr_par' dir='ltr' id='par_1_28' title="bbox 131 786 1753 833">
     <span class='ocr_line' id='line_1_28' title="bbox 131 786 1753 833; baseline 0.004 -18"><span class='ocrx_word' id='word_1_184' title='bbox 131 786 312 818; x_wconf 80' lang='lat' dir='ltr'><strong>molientibus,</strong></span> <span class='ocrx_word' id='word_1_185' title='bbox 340 790 498 824; x_wconf 80' lang='lat' dir='ltr'><strong>alliciamur,</strong></span> <span class='ocrx_word' id='word_1_186' title='bbox 522 794 689 828; x_wconf 81' lang='lat' dir='ltr'><strong>exploratum</strong></span> <span class='ocrx_word' id='word_1_187' title='bbox 724 796 847 824; x_wconf 85' lang='lat' dir='ltr'><strong>habeatis</strong></span> <span class='ocrx_word' id='word_1_188' title='bbox 880 797 1118 833; x_wconf 85' lang='lat' dir='ltr'><strong>(quandoquidem.</strong></span> <span class='ocrx_word' id='word_1_189' title='bbox 1144 797 1220 832; x_wconf 82' lang='lat' dir='ltr'><strong>juxta</strong></span> <span class='ocrx_word' id='word_1_190' title='bbox 1242 796 1508 830; x_wconf 77' lang='lat' dir='ltr'><strong>Danielem,egressa</strong></span> <span class='ocrx_word' id='word_1_191' title='bbox 1536 800 1574 822; x_wconf 76' lang='lat' dir='ltr'><strong>est</strong></span> <span class='ocrx_word' id='word_1_192' title='bbox 1596 795 1753 830; x_wconf 74' lang='lat' dir='ltr'><strong>iniquitasa</strong></span> 
     </span>
    </p>
   </div>
   <div class='ocr_carea' id='block_1_29' title="bbox 130 833 1753 876">
    <p class='ocr_par' dir='ltr' id='par_1_29' title="bbox 130 833 1753 876">
     <span class='ocr_line' id='line_1_29' title="bbox 130 833 1753 876; baseline 0.006 -18"><span class='ocrx_word' id='word_1_193' title='bbox 130 833 274 866; x_wconf 72' lang='lat' dir='ltr'><strong>lenioribus</strong></span> <span class='ocrx_word' id='word_1_194' title='bbox 290 833 470 870; x_wconf 73' lang='lat' dir='ltr'><strong>Bubylonicis,</strong></span> <span class='ocrx_word' id='word_1_195' title='bbox 485 839 529 872; x_wconf 85' lang='lat' dir='ltr'><strong>qui</strong></span> <span class='ocrx_word' id='word_1_196' title='bbox 541 838 666 867; x_wconf 78' lang='lat' dir='ltr'><strong>Israelem</strong></span> <span class='ocrx_word' id='word_1_197' title='bbox 680 849 767 876; x_wconf 75' lang='lat' dir='ltr'><strong>regere</strong></span> <span class='ocrx_word' id='word_1_198' title='bbox 781 841 1035 875; x_wconf 67' lang='lat' dir='ltr'><strong>existimabantur‘);</strong></span> <span class='ocrx_word' id='word_1_199' title='bbox 1057 841 1156 868; x_wconf 89' lang='lat' dir='ltr'><strong>idcirco</strong></span> <span class='ocrx_word' id='word_1_200' title='bbox 1169 840 1298 876; x_wconf 86' lang='lat' dir='ltr'><strong>conqueri</strong></span> <span class='ocrx_word' id='word_1_201' title='bbox 1323 841 1430 875; x_wconf 88' lang='lat' dir='ltr'><strong>quidem</strong></span> <span class='ocrx_word' id='word_1_202' title='bbox 1460 845 1540 875; x_wconf 84' lang='lat' dir='ltr'><strong>alque</strong></span> <span class='ocrx_word' id='word_1_203' title='bbox 1562 841 1660 868; x_wconf 92' lang='lat' dir='ltr'><strong>animis</strong></span> <span class='ocrx_word' id='word_1_204' title='bbox 1692 841 1753 875; x_wconf 82' lang='lat' dir='ltr'><strong>angi</strong></span> 
     </span>
    </p>
   </div>
   <div class='ocr_carea' id='block_1_30' title="bbox 131 879 1753 922">
    <p class='ocr_par' dir='ltr' id='par_1_30' title="bbox 131 879 1753 922">
     <span class='ocr_line' id='line_1_30' title="bbox 131 879 1753 922; baseline 0.004 -16"><span class='ocrx_word' id='word_1_205' title='bbox 131 879 267 914; x_wconf 81' lang='lat' dir='ltr'><strong>videmini,</strong></span> <span class='ocrx_word' id='word_1_206' title='bbox 287 890 345 914; x_wconf 85' lang='lat' dir='ltr'><strong>nec,</strong></span> <span class='ocrx_word' id='word_1_207' title='bbox 360 891 476 918; x_wconf 89' lang='lat' dir='ltr'><strong>quonam</strong></span> <span class='ocrx_word' id='word_1_208' title='bbox 502 885 580 912; x_wconf 89' lang='lat' dir='ltr'><strong>modo</strong></span> <span class='ocrx_word' id='word_1_209' title='bbox 593 892 669 919; x_wconf 87' lang='lat' dir='ltr'><strong>opem</strong></span> <span class='ocrx_word' id='word_1_210' title='bbox 693 886 785 921; x_wconf 89' lang='lat' dir='ltr'><strong>iniqua</strong></span> <span class='ocrx_word' id='word_1_211' title='bbox 811 887 835 914; x_wconf 83' lang='lat' dir='ltr'><strong>vi</strong></span> <span class='ocrx_word' id='word_1_212' title='bbox 859 894 988 921; x_wconf 84' lang='lat' dir='ltr'><strong>oppresso</strong></span> <span class='ocrx_word' id='word_1_213' title='bbox 1000 887 1102 918; x_wconf 78' lang='lat' dir='ltr'><strong>feratis,</strong></span> <span class='ocrx_word' id='word_1_214' title='bbox 1119 886 1234 918; x_wconf 79' lang='lat' dir='ltr'><strong>habere;</strong></span> <span class='ocrx_word' id='word_1_215' title='bbox 1266 893 1297 913; x_wconf 88' lang='lat' dir='ltr'><strong>ac</strong></span> <span class='ocrx_word' id='word_1_216' title='bbox 1327 885 1449 920; x_wconf 89' lang='lat' dir='ltr'><strong>proinde,</strong></span> <span class='ocrx_word' id='word_1_217' title='bbox 1481 887 1551 922; x_wconf 91' lang='lat' dir='ltr'><strong>quod</strong></span> <span class='ocrx_word' id='word_1_218' title='bbox 1582 895 1664 914; x_wconf 92' lang='lat' dir='ltr'><strong>unum</strong></span> <span class='ocrx_word' id='word_1_219' title='bbox 1677 887 1753 919; x_wconf 91' lang='lat' dir='ltr'><strong>licet,</strong></span> 
     </span>
    </p>
   </div>
   <div class='ocr_carea' id='block_1_31' title="bbox 131 926 1754 967">
    <p class='ocr_par' dir='ltr' id='par_1_31' title="bbox 131 926 1754 967">
     <span class='ocr_line' id='line_1_31' title="bbox 131 926 1754 967; baseline 0.004 -16"><span class='ocrx_word' id='word_1_220' title='bbox 131 926 214 953; x_wconf 81' lang='lat' dir='ltr'><strong>vicem</strong></span> <span class='ocrx_word' id='word_1_221' title='bbox 247 932 367 955; x_wconf 89' lang='lat' dir='ltr'><strong>nostram</strong></span> <span class='ocrx_word' id='word_1_222' title='bbox 395 929 584 965; x_wconf 76' lang='lat' dir='ltr'><strong>fortunamque</strong></span> <span class='ocrx_word' id='word_1_223' title='bbox 611 931 746 958; x_wconf 87' lang='lat' dir='ltr'><strong>miserari.</strong></span> <span class='ocrx_word' id='word_1_224' title='bbox 778 931 916 959; x_wconf 88' lang='lat' dir='ltr'><strong>Miseratio</strong></span> <span class='ocrx_word' id='word_1_225' title='bbox 934 939 1013 967; x_wconf 92' lang='lat' dir='ltr'><strong>porro</strong></span> <span class='ocrx_word' id='word_1_226' title='bbox 1044 931 1138 967; x_wconf 89' lang='lat' dir='ltr'><strong>pudori</strong></span> <span class='ocrx_word' id='word_1_227' title='bbox 1172 931 1315 967; x_wconf 78' lang='lat' dir='ltr'><strong>conjuncta</strong></span> <span class='ocrx_word' id='word_1_228' title='bbox 1331 939 1450 960; x_wconf 90' lang='lat' dir='ltr'><strong>amorem</strong></span> <span class='ocrx_word' id='word_1_229' title='bbox 1475 931 1637 966; x_wconf 85' lang='lat' dir='ltr'><strong>procreavit.</strong></span> <span class='ocrx_word' id='word_1_230' title='bbox 1664 930 1754 966; x_wconf 81' lang='lat' dir='ltr'><strong>Atque</strong></span> 
     </span>
    </p>
   </div>
   <div class='ocr_carea' id='block_1_32' title="bbox 131 971 1039 1006">
    <p class='ocr_par' dir='ltr' id='par_1_32' title="bbox 131 971 1039 1006">
     <span class='ocr_line' id='line_1_32' title="bbox 131 971 1039 1006; baseline 0.008 -8"><span class='ocrx_word' id='word_1_231' title='bbox 131 971 178 998; x_wconf 81' lang='lat' dir='ltr'><strong>has</strong></span> <span class='ocrx_word' id='word_1_232' title='bbox 192 972 300 1000; x_wconf 87' lang='lat' dir='ltr'><strong>demum</strong></span> <span class='ocrx_word' id='word_1_233' title='bbox 312 974 421 1002; x_wconf 85' lang='lat' dir='ltr'><strong>honoris</strong></span> <span class='ocrx_word' id='word_1_234' title='bbox 433 976 496 1002; x_wconf 86' lang='lat' dir='ltr'><strong>mihi</strong></span> <span class='ocrx_word' id='word_1_235' title='bbox 513 976 594 1004; x_wconf 84' lang='lat' dir='ltr'><strong>habiti</strong></span> <span class='ocrx_word' id='word_1_236' title='bbox 618 984 732 1005; x_wconf 85' lang='lat' dir='ltr'><strong>arcanas</strong></span> <span class='ocrx_word' id='word_1_237' title='bbox 746 985 840 1005; x_wconf 84' lang='lat' dir='ltr'><strong>causas</strong></span> <span class='ocrx_word' id='word_1_238' title='bbox 853 986 913 1006; x_wconf 87' lang='lat' dir='ltr'><strong>esse</strong></span> <span class='ocrx_word' id='word_1_239' title='bbox 931 985 1039 1005; x_wconf 87' lang='lat' dir='ltr'><strong>censeo.</strong></span> 
     </span>
    </p>
   </div>
   <div class='ocr_carea' id='block_1_33' title="bbox 165 1020 917 1060">
    <p class='ocr_par' dir='ltr' id='par_1_33' title="bbox 165 1020 917 1060">
     <span class='ocr_line' id='line_1_33' title="bbox 165 1020 917 1060; baseline 0.008 -15"><span class='ocrx_word' id='word_1_240' title='bbox 165 1020 201 1046; x_wconf 78' lang='grc' dir='ltr'><strong>Δ’,</strong></span> <span class='ocrx_word' id='word_1_241' title='bbox 225 1020 304 1047; x_wconf 77' lang='grc' dir='ltr'>Ἐπεὶ</span> <span class='ocrx_word' id='word_1_242' title='bbox 324 1021 352 1048; x_wconf 75' lang='grc' dir='ltr'>δὲ</span> <span class='ocrx_word' id='word_1_243' title='bbox 374 1022 398 1048; x_wconf 79' lang='grc' dir='ltr'>οἱ</span> <span class='ocrx_word' id='word_1_244' title='bbox 418 1022 493 1056; x_wconf 81' lang='grc' dir='ltr'>λόγοι</span> <span class='ocrx_word' id='word_1_245' title='bbox 507 1023 538 1049; x_wconf 83' lang='grc' dir='ltr'>τὸ</span> <span class='ocrx_word' id='word_1_246' title='bbox 554 1023 766 1059; x_wconf 84' lang='grc' dir='ltr'>πολεμούμενον,</span> <span class='ocrx_word' id='word_1_247' title='bbox 779 1024 825 1051; x_wconf 75' lang='grc' dir='ltr'>καὶ</span> <span class='ocrx_word' id='word_1_248' title='bbox 839 1026 856 1060; x_wconf 87' lang='grc' dir='ltr'><strong>ἡ</strong></span> <span class='ocrx_word' id='word_1_249' title='bbox 873 1033 917 1051; x_wconf 83' lang='grc' dir='ltr'>πε-</span> 
     </span>
    </p>
   </div>
   <div class='ocr_carea' id='block_1_34' title="bbox 969 1020 1754 1060">
    <p class='ocr_par' dir='ltr' id='par_1_34' title="bbox 1005 1023 1754 1058">
     <span class='ocr_line' id='line_1_34' title="bbox 1005 1023 1754 1058; baseline -0.003 -6"><span class='ocrx_word' id='word_1_250' title='bbox 1005 1023 1050 1052; x_wconf 87' lang='lat' dir='ltr'><strong>IV.</strong></span> <span class='ocrx_word' id='word_1_251' title='bbox 1069 1024 1200 1058; x_wconf 84' lang='lat' dir='ltr'><strong>Quoniam</strong></span> <span class='ocrx_word' id='word_1_252' title='bbox 1222 1029 1311 1052; x_wconf 89' lang='lat' dir='ltr'><strong>autem</strong></span> <span class='ocrx_word' id='word_1_253' title='bbox 1332 1031 1386 1052; x_wconf 90' lang='lat' dir='ltr'><strong>non</strong></span> <span class='ocrx_word' id='word_1_254' title='bbox 1409 1024 1488 1051; x_wconf 86' lang='lat' dir='ltr'><strong>aliam</strong></span> <span class='ocrx_word' id='word_1_255' title='bbox 1503 1024 1537 1051; x_wconf 91' lang='lat' dir='ltr'><strong>ob</strong></span> <span class='ocrx_word' id='word_1_256' title='bbox 1554 1031 1609 1051; x_wconf 91' lang='lat' dir='ltr'><strong>rem</strong></span> <span class='ocrx_word' id='word_1_257' title='bbox 1624 1023 1694 1050; x_wconf 86' lang='lat' dir='ltr'><strong>bello</strong></span> <span class='ocrx_word' id='word_1_258' title='bbox 1707 1031 1754 1058; x_wconf 91' lang='lat' dir='ltr'><strong>pe-</strong></span> 
     </span>
    </p>
   </div>
   <div class='ocr_carea' id='block_1_35' title="bbox 132 1067 917 1105">
    <p class='ocr_par' dir='ltr' id='par_1_35' title="bbox 132 1067 917 1105">
     <span class='ocr_line' id='line_1_35' title="bbox 132 1067 917 1105; baseline 0.006 -12"><span class='ocrx_word' id='word_1_259' title='bbox 132 1067 206 1102; x_wconf 83' lang='grc' dir='ltr'>ριττὴ</span> <span class='ocrx_word' id='word_1_260' title='bbox 223 1067 272 1094; x_wconf 78' lang='grc' dir='ltr'><strong>καὶ</strong></span> <span class='ocrx_word' id='word_1_261' title='bbox 284 1068 428 1102; x_wconf 66' lang='grc' dir='ltr'>ἐπίφθονος</span> <span class='ocrx_word' id='word_1_262' title='bbox 443 1068 511 1105; x_wconf 79' lang='grc' dir='ltr'>αὕτη</span> <span class='ocrx_word' id='word_1_263' title='bbox 528 1069 645 1103; x_wconf 86' lang='grc' dir='ltr'>γλῶττα,</span> <span class='ocrx_word' id='word_1_264' title='bbox 664 1071 696 1105; x_wconf 84' lang='grc' dir='ltr'>ἢν</span> <span class='ocrx_word' id='word_1_265' title='bbox 712 1071 740 1097; x_wconf 80' lang='grc' dir='ltr'>ὲν</span> <span class='ocrx_word' id='word_1_266' title='bbox 751 1071 807 1103; x_wconf 86' lang='grc' dir='ltr'>τοῖς</span> <span class='ocrx_word' id='word_1_267' title='bbox 820 1071 917 1104; x_wconf 80' lang='grc' dir='ltr'>ἔξωθεν</span> 
     </span>
    </p>
   </div>
   <div class='ocr_carea' id='block_1_36' title="bbox 131 1113 916 1152">
    <p class='ocr_par' dir='ltr' id='par_1_36' title="bbox 131 1113 916 1152">
     <span class='ocr_line' id='line_1_36' title="bbox 131 1113 916 1152; baseline 0.006 -14"><span class='ocrx_word' id='word_1_268' title='bbox 131 1113 320 1140; x_wconf 80' lang='grc' dir='ltr'>παιδευθεῖσαν</span> <span class='ocrx_word' id='word_1_269' title='bbox 335 1114 434 1149; x_wconf 85' lang='grc' dir='ltr'>λόγοις.</span> <span class='ocrx_word' id='word_1_270' title='bbox 454 1116 511 1147; x_wconf 87' lang='grc' dir='ltr'>τοῖς</span> <span class='ocrx_word' id='word_1_271' title='bbox 536 1115 617 1147; x_wconf 80' lang='grc' dir='ltr'>θείοις</span> <span class='ocrx_word' id='word_1_272' title='bbox 635 1116 916 1152; x_wconf 62' lang='grc' dir='ltr'>ὲξευγενίσαμενιη),</span> 
     </span>
    </p>
   </div>
   <div class='ocr_carea' id='block_1_37' title="bbox 130 1159 918 1198">
    <p class='ocr_par' dir='ltr' id='par_1_37' title="bbox 130 1159 918 1198">
     <span class='ocr_line' id='line_1_37' title="bbox 130 1159 918 1198; baseline 0.004 -13"><span class='ocrx_word' id='word_1_273' title='bbox 130 1159 177 1186; x_wconf 75' lang='grc' dir='ltr'><strong>καὶ</strong></span> <span class='ocrx_word' id='word_1_274' title='bbox 185 1160 234 1195; x_wconf 84' lang='grc' dir='ltr'>τὴν</span> <span class='ocrx_word' id='word_1_275' title='bbox 247 1160 350 1196; x_wconf 80' lang='grc' dir='ltr'>πικρὰν</span> <span class='ocrx_word' id='word_1_276' title='bbox 360 1161 406 1187; x_wconf 71' lang='grc' dir='ltr'>καὶ</span> <span class='ocrx_word' id='word_1_277' title='bbox 419 1160 517 1188; x_wconf 73' lang='grc' dir='ltr'>ἄποτον</span> <span class='ocrx_word' id='word_1_278' title='bbox 531 1162 644 1197; x_wconf 78' lang='grc' dir='ltr'>Μεῤῥὰν</span> <span class='ocrx_word' id='word_1_279' title='bbox 656 1161 693 1197; x_wconf 81' lang='grc' dir='ltr'><strong>τῷ</strong></span> <span class='ocrx_word' id='word_1_280' title='bbox 704 1163 752 1197; x_wconf 81' lang='grc' dir='ltr'>τῆς</span> <span class='ocrx_word' id='word_1_281' title='bbox 767 1163 839 1197; x_wconf 83' lang='grc' dir='ltr'><strong>ζωῆς</strong></span> <span class='ocrx_word' id='word_1_282' title='bbox 849 1162 918 1198; x_wconf 78' lang='grc' dir='ltr'><strong>ξύλῳ</strong></span> 
     </span>
    </p>
   </div>
   <div class='ocr_carea' id='block_1_38' title="bbox 131 1206 919 1241">
    <p class='ocr_par' dir='ltr' id='par_1_38' title="bbox 131 1206 919 1241">
     <span class='ocr_line' id='line_1_38' title="bbox 131 1206 919 1241; baseline 0.005 -10"><span class='ocrx_word' id='word_1_283' title='bbox 131 1206 383 1241; x_wconf 79' lang='grc' dir='ltr'>κατεγλυκάναμεν,</span> <span class='ocrx_word' id='word_1_284' title='bbox 401 1207 554 1234; x_wconf 80' lang='grc' dir='ltr'>πεπόνοατέ</span> <span class='ocrx_word' id='word_1_285' title='bbox 574 1216 599 1234; x_wconf 87' lang='grc' dir='ltr'><strong>τι</strong></span> <span class='ocrx_word' id='word_1_286' title='bbox 624 1207 709 1236; x_wconf 79' lang='grc' dir='ltr'>πάθος</span> <span class='ocrx_word' id='word_1_287' title='bbox 732 1208 831 1240; x_wconf 79' lang='grc' dir='ltr'><strong>ἱκανῶς</strong></span> <span class='ocrx_word' id='word_1_288' title='bbox 843 1209 919 1235; x_wconf 80' lang='grc' dir='ltr'>ἐλευ-</span> 
     </span>
    </p>
   </div>
   <div class='ocr_carea' id='block_1_39' title="bbox 131 1249 918 1290">
    <p class='ocr_par' dir='ltr' id='par_1_39' title="bbox 131 1249 918 1290">
     <span class='ocr_line' id='line_1_39' title="bbox 131 1249 918 1290; baseline 0.006 -15"><span class='ocrx_word' id='word_1_289' title='bbox 131 1249 219 1284; x_wconf 75' lang='grc' dir='ltr'>θέριον</span> <span class='ocrx_word' id='word_1_290' title='bbox 232 1259 238 1265; x_wconf 90' lang='grc'><strong>·</strong></span> <span class='ocrx_word' id='word_1_291' title='bbox 256 1250 336 1277; x_wconf 81' lang='grc' dir='ltr'>τοῦτο</span> <span class='ocrx_word' id='word_1_292' title='bbox 347 1250 485 1286; x_wconf 77' lang='grc' dir='ltr'>στέργετε,</span> <span class='ocrx_word' id='word_1_293' title='bbox 502 1251 535 1277; x_wconf 77' lang='grc' dir='ltr'><strong>δι’</strong></span> <span class='ocrx_word' id='word_1_294' title='bbox 556 1252 570 1278; x_wconf 88' lang='grc' dir='ltr'><strong>ὃ</strong></span> <span class='ocrx_word' id='word_1_295' title='bbox 593 1252 794 1288; x_wconf 84' lang='grc' dir='ltr'>πολεμούμεθα.</span> <span class='ocrx_word' id='word_1_296' title='bbox 815 1253 846 1280; x_wconf 88' lang='grc' dir='ltr'><strong>Τί</strong></span> <span class='ocrx_word' id='word_1_297' title='bbox 863 1254 918 1290; x_wconf 81' lang='grc' dir='ltr'><strong>γὰρ</strong></span> 
     </span>
    </p>
   </div>
   <div class='ocr_carea' id='block_1_40' title="bbox 131 1295 917 1332">
    <p class='ocr_par' dir='ltr' id='par_1_40' title="bbox 131 1295 917 1332">
     <span class='ocr_line' id='line_1_40' title="bbox 131 1295 917 1332; baseline 0.006 -12"><span class='ocrx_word' id='word_1_298' title='bbox 131 1295 160 1321; x_wconf 83' lang='grc' dir='ltr'>οὐ</span> <span class='ocrx_word' id='word_1_299' title='bbox 175 1295 223 1330; x_wconf 74' lang='grc' dir='ltr'>τὴν</span> <span class='ocrx_word' id='word_1_300' title='bbox 236 1296 332 1331; x_wconf 79' lang='grc' dir='ltr'>κωφὴν</span> <span class='ocrx_word' id='word_1_301' title='bbox 353 1296 409 1330; x_wconf 70' lang='lat'><strong>(73)</strong></span> <span class='ocrx_word' id='word_1_302' title='bbox 425 1297 611 1332; x_wconf 76' lang='grc' dir='ltr'>ὴσπασάμεοα</span> <span class='ocrx_word' id='word_1_303' title='bbox 627 1297 787 1331; x_wconf 82' lang='grc' dir='ltr'>παίδευσιν;</span> <span class='ocrx_word' id='word_1_304' title='bbox 804 1298 829 1324; x_wconf 82' lang='grc' dir='ltr'><strong>τί</strong></span> <span class='ocrx_word' id='word_1_305' title='bbox 846 1299 873 1325; x_wconf 77' lang='grc' dir='ltr'><em>δὲ</em></span> <span class='ocrx_word' id='word_1_306' title='bbox 888 1299 917 1325; x_wconf 77' lang='grc' dir='ltr'>οὐ</span> 
     </span>
    </p>
   </div>
   <div class='ocr_carea' id='block_1_41' title="bbox 131 1341 919 1381">
    <p class='ocr_par' dir='ltr' id='par_1_41' title="bbox 131 1341 919 1381">
     <span class='ocr_line' id='line_1_41' title="bbox 131 1341 919 1381; baseline 0.005 -14"><span class='ocrx_word' id='word_1_307' title='bbox 131 1341 178 1377; x_wconf 85' lang='grc' dir='ltr'>τὴν</span> <span class='ocrx_word' id='word_1_308' title='bbox 199 1342 286 1378; x_wconf 82' lang='grc' dir='ltr'>ξηράν</span> <span class='ocrx_word' id='word_1_309' title='bbox 300 1351 330 1368; x_wconf 87' lang='grc' dir='ltr'><strong>τε</strong></span> <span class='ocrx_word' id='word_1_310' title='bbox 352 1343 398 1369; x_wconf 70' lang='grc' dir='ltr'><strong>καὶ</strong></span> <span class='ocrx_word' id='word_1_311' title='bbox 422 1343 497 1369; x_wconf 83' lang='grc' dir='ltr'>κάτω</span> <span class='ocrx_word' id='word_1_312' title='bbox 522 1343 687 1378; x_wconf 79' lang='grc' dir='ltr'>βαίνουσαν;</span> <span class='ocrx_word' id='word_1_313' title='bbox 714 1344 740 1370; x_wconf 85' lang='grc' dir='ltr'><strong>τί</strong></span> <span class='ocrx_word' id='word_1_314' title='bbox 763 1344 807 1371; x_wconf 59' lang='grc' dir='ltr'><strong>δαὶ¹</strong></span> <span class='ocrx_word' id='word_1_315' title='bbox 832 1345 919 1381; x_wconf 76' lang='grc' dir='ltr'>ταύτῃ</span> 
     </span>
    </p>
   </div>
   <div class='ocr_carea' id='block_1_42' title="bbox 131 1386 918 1425">
    <p class='ocr_par' dir='ltr' id='par_1_42' title="bbox 131 1386 918 1425">
     <span class='ocr_line' id='line_1_42' title="bbox 131 1386 918 1425; baseline 0.005 -12"><span class='ocrx_word' id='word_1_316' title='bbox 131 1386 275 1422; x_wconf 80' lang='grc' dir='ltr'>χαίροντας</span> <span class='ocrx_word' id='word_1_317' title='bbox 305 1388 369 1420; x_wconf 80' lang='grc' dir='ltr'>τοὺς</span> <span class='ocrx_word' id='word_1_318' title='bbox 391 1389 506 1420; x_wconf 85' lang='grc' dir='ltr'>πολλοὺς</span> <span class='ocrx_word' id='word_1_319' title='bbox 538 1388 677 1425; x_wconf 83' lang='grc' dir='ltr'>ὁρῶντες,</span> <span class='ocrx_word' id='word_1_320' title='bbox 704 1390 918 1425; x_wconf 72' lang='grc' dir='ltr'>ἐφιλοσοφοῦμεν</span> 
     </span>
    </p>
   </div>
   <div class='ocr_carea' id='block_1_43' title="bbox 131 1432 918 1470">
    <p class='ocr_par' dir='ltr' id='par_1_43' title="bbox 131 1432 918 1470">
     <span class='ocr_line' id='line_1_43' title="bbox 131 1432 918 1470; baseline 0.005 -11"><span class='ocrx_word' id='word_1_321' title='bbox 131 1432 194 1465; x_wconf 82' lang='grc' dir='ltr'>ξένα</span> <span class='ocrx_word' id='word_1_322' title='bbox 209 1434 256 1460; x_wconf 63' lang='grc' dir='ltr'>καὶ</span> <span class='ocrx_word' id='word_1_323' title='bbox 267 1433 382 1468; x_wconf 76' lang='grc' dir='ltr'>ἔκφυλα,</span> <span class='ocrx_word' id='word_1_324' title='bbox 400 1434 446 1462; x_wconf 72' lang='grc' dir='ltr'>καὶ</span> <span class='ocrx_word' id='word_1_325' title='bbox 471 1435 539 1470; x_wconf 76' lang='grc' dir='ltr'>πρὸς</span> <span class='ocrx_word' id='word_1_326' title='bbox 555 1435 604 1466; x_wconf 75' lang='grc' dir='ltr'><strong>τὰς</strong></span> <span class='ocrx_word' id='word_1_327' title='bbox 624 1434 779 1467; x_wconf 81' lang='grc' dir='ltr'>ἀντιθέτους</span> <span class='ocrx_word' id='word_1_328' title='bbox 793 1436 918 1470; x_wconf 82' lang='grc' dir='ltr'><strong>γλώσσας</strong></span> 
     </span>
    </p>
   </div>
   <div class='ocr_carea' id='block_1_44' title="bbox 133 1479 920 1521">
    <p class='ocr_par' dir='ltr' id='par_1_44' title="bbox 133 1479 920 1521">
     <span class='ocr_line' id='line_1_44' title="bbox 133 1479 920 1521; baseline 0.005 -16"><span class='ocrx_word' id='word_1_329' title='bbox 133 1479 280 1514; x_wconf 77' lang='grc' dir='ltr'>ίστάμεθα;</span> <span class='ocrx_word' id='word_1_330' title='bbox 292 1480 350 1507; x_wconf 86' lang='grc' dir='ltr'>δέον</span> <span class='ocrx_word' id='word_1_331' title='bbox 357 1480 506 1516; x_wconf 83' lang='grc' dir='ltr'>θρασύτητι</span> <span class='ocrx_word' id='word_1_332' title='bbox 516 1480 626 1521; x_wconf 62' lang='grc' dir='ltr'>φεύγειν</span> <span class='ocrx_word' id='word_1_333' title='bbox 637 1482 699 1513; x_wconf 81' lang='grc' dir='ltr'>τοὺς</span> <span class='ocrx_word' id='word_1_334' title='bbox 709 1482 863 1517; x_wconf 81' lang='grc' dir='ltr'>λογισμοὺς,</span> <span class='ocrx_word' id='word_1_335' title='bbox 873 1483 920 1510; x_wconf 74' lang='grc' dir='ltr'>καὶ</span> 
     </span>
    </p>
   </div>
   <div class='ocr_carea' id='block_1_45' title="bbox 132 1525 920 1563">
    <p class='ocr_par' dir='ltr' id='par_1_45' title="bbox 132 1525 920 1563">
     <span class='ocr_line' id='line_1_45' title="bbox 132 1525 920 1563; baseline 0.004 -12"><span class='ocrx_word' id='word_1_336' title='bbox 132 1525 221 1552; x_wconf 82' lang='grc' dir='ltr'>πίστιν</span> <span class='ocrx_word' id='word_1_337' title='bbox 235 1526 379 1562; x_wconf 77' lang='grc' dir='ltr'>ὀνομάζειν</span> <span class='ocrx_word' id='word_1_338' title='bbox 387 1527 436 1562; x_wconf 81' lang='grc' dir='ltr'><strong>τὴν</strong></span> <span class='ocrx_word' id='word_1_339' title='bbox 445 1527 564 1562; x_wconf 78' lang='grc' dir='ltr'>ἀλογίαν,</span> <span class='ocrx_word' id='word_1_340' title='bbox 574 1528 607 1563; x_wconf 83' lang='grc' dir='ltr'>ἣν</span> <span class='ocrx_word' id='word_1_341' title='bbox 616 1527 747 1562; x_wconf 69' lang='grc' dir='ltr'>ἠγάπησα</span> <span class='ocrx_word' id='word_1_342' title='bbox 769 1527 802 1554; x_wconf 85' lang='grc' dir='ltr'>ἂν</span> <span class='ocrx_word' id='word_1_343' title='bbox 817 1528 862 1554; x_wconf 76' lang='grc' dir='ltr'>καὶ</span> <span class='ocrx_word' id='word_1_344' title='bbox 871 1528 920 1554; x_wconf 80' lang='grc' dir='ltr'><strong>αὑ-</strong></span> 
     </span>
    </p>
   </div>
   <div class='ocr_carea' id='block_1_46' title="bbox 131 1569 919 1608">
    <p class='ocr_par' dir='ltr' id='par_1_46' title="bbox 131 1569 919 1608">
     <span class='ocr_line' id='line_1_46' title="bbox 131 1569 919 1608; baseline 0.004 -12"><span class='ocrx_word' id='word_1_345' title='bbox 131 1569 185 1601; x_wconf 76' lang='grc' dir='ltr'>τὸς.</span> <span class='ocrx_word' id='word_1_346' title='bbox 200 1569 230 1598; x_wconf 78' lang='grc' dir='ltr'>εὖ</span> <span class='ocrx_word' id='word_1_347' title='bbox 244 1571 314 1604; x_wconf 70' lang='grc' dir='ltr'>ἴστε,</span> <span class='ocrx_word' id='word_1_348' title='bbox 331 1572 422 1603; x_wconf 74' lang='grc' dir='ltr'>ἁλιεὺς</span> <span class='ocrx_word' id='word_1_349' title='bbox 433 1571 471 1598; x_wconf 83' lang='grc' dir='ltr'>ὧν</span> <span class='ocrx_word' id='word_1_350' title='bbox 485 1581 491 1586; x_wconf 88' lang='grc'>·</span> <span class='ocrx_word' id='word_1_351' title='bbox 506 1572 598 1607; x_wconf 77' lang='grc' dir='ltr'>ἐπειδὴ</span> <span class='ocrx_word' id='word_1_352' title='bbox 614 1573 691 1598; x_wconf 78' lang='grc' dir='ltr'>τοῦτο</span> <span class='ocrx_word' id='word_1_353' title='bbox 707 1572 850 1608; x_wconf 77' lang='grc' dir='ltr'>πρόχειρον</span> <span class='ocrx_word' id='word_1_354' title='bbox 863 1575 919 1605; x_wconf 85' lang='grc' dir='ltr'>τοῖς</span> 
     </span>
    </p>
   </div>
   <div class='ocr_carea' id='block_1_47' title="bbox 132 1616 918 1654">
    <p class='ocr_par' dir='ltr' id='par_1_47' title="bbox 132 1616 918 1654">
     <span class='ocr_line' id='line_1_47' title="bbox 132 1616 918 1654; baseline 0.004 -12"><span class='ocrx_word' id='word_1_355' title='bbox 132 1616 237 1648; x_wconf 80' lang='grc' dir='ltr'>πολλοῖς</span> <span class='ocrx_word' id='word_1_356' title='bbox 260 1617 302 1648; x_wconf 83' lang='grc' dir='ltr'><strong>είς</strong></span> <span class='ocrx_word' id='word_1_357' title='bbox 318 1617 465 1652; x_wconf 77' lang='grc' dir='ltr'>ἀπολογίαν</span> <span class='ocrx_word' id='word_1_358' title='bbox 480 1618 531 1653; x_wconf 77' lang='grc' dir='ltr'>τῆς</span> <span class='ocrx_word' id='word_1_359' title='bbox 546 1618 666 1653; x_wconf 77' lang='grc' dir='ltr'>ἀμαθίας</span> <span class='ocrx_word' id='word_1_360' title='bbox 676 1627 682 1633; x_wconf 75' lang='grc'>³</span> <span class='ocrx_word' id='word_1_361' title='bbox 700 1619 724 1644; x_wconf 87' lang='grc' dir='ltr'>εἰ</span> <span class='ocrx_word' id='word_1_362' title='bbox 745 1618 823 1653; x_wconf 84' lang='grc' dir='ltr'>λόγον</span> <span class='ocrx_word' id='word_1_363' title='bbox 847 1617 918 1654; x_wconf 73' lang='grc' dir='ltr'>εἶχον</span> 
     </span>
    </p>
   </div>
   <div class='ocr_carea' id='block_1_48' title="bbox 130 1662 918 1700">
    <p class='ocr_par' dir='ltr' id='par_1_48' title="bbox 130 1662 918 1700">
     <span class='ocr_line' id='line_1_48' title="bbox 130 1662 918 1700; baseline 0.004 -12"><span class='ocrx_word' id='word_1_364' title='bbox 130 1662 183 1688; x_wconf 78' lang='grc' dir='ltr'>τῶν</span> <span class='ocrx_word' id='word_1_365' title='bbox 201 1663 323 1698; x_wconf 76' lang='grc' dir='ltr'>σημείων</span> <span class='ocrx_word' id='word_1_366' title='bbox 347 1664 396 1698; x_wconf 87' lang='grc' dir='ltr'>τὴν</span> <span class='ocrx_word' id='word_1_367' title='bbox 421 1663 544 1699; x_wconf 87' lang='grc' dir='ltr'>δύναμιν.</span> <span class='ocrx_word' id='word_1_368' title='bbox 566 1664 610 1695; x_wconf 87' lang='grc' dir='ltr'>Ὧς</span> <span class='ocrx_word' id='word_1_369' title='bbox 627 1664 754 1691; x_wconf 81' lang='grc' dir='ltr'>ἀπόλοιτο</span> <span class='ocrx_word' id='word_1_370' title='bbox 772 1664 802 1697; x_wconf 74' lang='grc' dir='ltr'>ἐξ</span> <span class='ocrx_word' id='word_1_371' title='bbox 815 1664 918 1700; x_wconf 75' lang='grc' dir='ltr'><strong>ἀνθρώ-</strong></span> 
     </span>
    </p>
   </div>
   <div class='ocr_carea' id='block_1_49' title="bbox 971 1069 1754 1104">
    <p class='ocr_par' dir='ltr' id='par_1_49' title="bbox 971 1069 1754 1104">
     <span class='ocr_line' id='line_1_49' title="bbox 971 1069 1754 1104; baseline -0.003 -6"><span class='ocrx_word' id='word_1_372' title='bbox 971 1070 1062 1101; x_wconf 84' lang='lat' dir='ltr'><strong>timur,</strong></span> <span class='ocrx_word' id='word_1_373' title='bbox 1092 1077 1172 1104; x_wconf 89' lang='lat' dir='ltr'><strong>quam</strong></span> <span class='ocrx_word' id='word_1_374' title='bbox 1195 1074 1304 1104; x_wconf 87' lang='lat' dir='ltr'><strong>propter</strong></span> <span class='ocrx_word' id='word_1_375' title='bbox 1324 1069 1518 1104; x_wconf 88' lang='lat' dir='ltr'><strong>eloquentiam,</strong></span> <span class='ocrx_word' id='word_1_376' title='bbox 1539 1074 1566 1096; x_wconf 91' lang='lat' dir='ltr'><strong>et</strong></span> <span class='ocrx_word' id='word_1_377' title='bbox 1593 1076 1754 1103; x_wconf 84' lang='lat' dir='ltr'><strong>supervaca-</strong></span> 
     </span>
    </p>
   </div>
   <div class='ocr_carea' id='block_1_50' title="bbox 968 1114 1755 1151">
    <p class='ocr_par' dir='ltr' id='par_1_50' title="bbox 968 1114 1755 1151">
     <span class='ocr_line' id='line_1_50' title="bbox 968 1114 1755 1151; baseline -0.003 -8"><span class='ocrx_word' id='word_1_378' title='bbox 968 1124 1046 1143; x_wconf 87' lang='lat' dir='ltr'><strong>neam</strong></span> <span class='ocrx_word' id='word_1_379' title='bbox 1069 1116 1140 1143; x_wconf 89' lang='lat' dir='ltr'><strong>hanc</strong></span> <span class='ocrx_word' id='word_1_380' title='bbox 1151 1121 1179 1142; x_wconf 91' lang='lat' dir='ltr'><strong>et</strong></span> <span class='ocrx_word' id='word_1_381' title='bbox 1192 1115 1353 1143; x_wconf 87' lang='lat' dir='ltr'><strong>invidiosam</strong></span> <span class='ocrx_word' id='word_1_382' title='bbox 1367 1116 1497 1151; x_wconf 82' lang='lat' dir='ltr'><strong>linguam,</strong></span> <span class='ocrx_word' id='word_1_383' title='bbox 1516 1122 1607 1150; x_wconf 88' lang='lat' dir='ltr'><strong>quam,</strong></span> <span class='ocrx_word' id='word_1_384' title='bbox 1623 1116 1648 1142; x_wconf 92' lang='lat' dir='ltr'><strong>in</strong></span> <span class='ocrx_word' id='word_1_385' title='bbox 1663 1114 1755 1149; x_wconf 79' lang='lat' dir='ltr'><strong>profa-</strong></span> 
     </span>
    </p>
   </div>
   <div class='ocr_carea' id='block_1_51' title="bbox 970 1160 1754 1195">
    <p class='ocr_par' dir='ltr' id='par_1_51' title="bbox 970 1160 1754 1195">
     <span class='ocr_line' id='line_1_51' title="bbox 970 1160 1754 1195; baseline -0.003 -6"><span class='ocrx_word' id='word_1_386' title='bbox 970 1162 1014 1189; x_wconf 89' lang='lat' dir='ltr'><strong>nis</strong></span> <span class='ocrx_word' id='word_1_387' title='bbox 1044 1161 1176 1189; x_wconf 87' lang='lat' dir='ltr'><strong>doctrinis</strong></span> <span class='ocrx_word' id='word_1_388' title='bbox 1198 1161 1341 1195; x_wconf 87' lang='lat' dir='ltr'><strong>crudilam,</strong></span> <span class='ocrx_word' id='word_1_389' title='bbox 1368 1161 1466 1188; x_wconf 82' lang='lat' dir='ltr'><strong>divinis</strong></span> <span class='ocrx_word' id='word_1_390' title='bbox 1486 1165 1578 1195; x_wconf 87' lang='lat' dir='ltr'><strong>postea</strong></span> <span class='ocrx_word' id='word_1_391' title='bbox 1601 1160 1754 1188; x_wconf 82' lang='lat' dir='ltr'><strong>nobilitavi-</strong></span> 
     </span>
    </p>
   </div>
   <div class='ocr_carea' id='block_1_52' title="bbox 969 1206 1751 1241">
    <p class='ocr_par' dir='ltr' id='par_1_52' title="bbox 969 1206 1751 1241">
     <span class='ocr_line' id='line_1_52' title="bbox 969 1206 1751 1241; baseline -0.003 -6"><span class='ocrx_word' id='word_1_392' title='bbox 969 1215 1038 1240; x_wconf 84' lang='lat' dir='ltr'><strong>mus,</strong></span> <span class='ocrx_word' id='word_1_393' title='bbox 1063 1207 1217 1241; x_wconf 86' lang='lat' dir='ltr'><strong>salsamque</strong></span> <span class='ocrx_word' id='word_1_394' title='bbox 1251 1207 1322 1234; x_wconf 87' lang='lat' dir='ltr'><strong>illam</strong></span> <span class='ocrx_word' id='word_1_395' title='bbox 1349 1211 1377 1234; x_wconf 88' lang='lat' dir='ltr'><strong>et</strong></span> <span class='ocrx_word' id='word_1_396' title='bbox 1401 1207 1597 1234; x_wconf 87' lang='lat' dir='ltr'><strong>amarulentam</strong></span> <span class='ocrx_word' id='word_1_397' title='bbox 1620 1206 1719 1234; x_wconf 82' lang='lat' dir='ltr'><strong>Maram</strong></span> <span class='ocrx_word' id='word_1_398' title='bbox 1731 1207 1751 1240; x_wconf 84' lang='lat'><strong>&#39;,</strong></span> 
     </span>
    </p>
   </div>
   <div class='ocr_carea' id='block_1_53' title="bbox 971 1252 1755 1288">
    <p class='ocr_par' dir='ltr' id='par_1_53' title="bbox 971 1252 1755 1288">
     <span class='ocr_line' id='line_1_53' title="bbox 971 1252 1755 1288; baseline -0.001 -8"><span class='ocrx_word' id='word_1_399' title='bbox 971 1260 1020 1288; x_wconf 89' lang='lat' dir='ltr'><strong>per</strong></span> <span class='ocrx_word' id='word_1_400' title='bbox 1034 1253 1095 1280; x_wconf 78' lang='lat' dir='ltr'><strong>vitze</strong></span> <span class='ocrx_word' id='word_1_401' title='bbox 1107 1253 1208 1288; x_wconf 83' lang='lat' dir='ltr'><strong>lignum</strong></span> <span class='ocrx_word' id='word_1_402' title='bbox 1223 1253 1327 1280; x_wconf 89' lang='lat' dir='ltr'><strong>dulcem</strong></span> <span class='ocrx_word' id='word_1_403' title='bbox 1345 1252 1523 1284; x_wconf 85' lang='lat' dir='ltr'><strong>reddidimus,</strong></span> <span class='ocrx_word' id='word_1_404' title='bbox 1541 1252 1666 1280; x_wconf 79' lang='lat' dir='ltr'><strong>aﬂ&#39;cctnm</strong></span> <span class='ocrx_word' id='word_1_405' title='bbox 1688 1261 1755 1281; x_wconf 83' lang='lat' dir='ltr'><strong>sane</strong></span> 
     </span>
    </p>
   </div>
   <div class='ocr_carea' id='block_1_54' title="bbox 970 1298 1752 1334">
    <p class='ocr_par' dir='ltr' id='par_1_54' title="bbox 970 1298 1752 1334">
     <span class='ocr_line' id='line_1_54' title="bbox 970 1298 1752 1334; baseline 0.003 -9"><span class='ocrx_word' id='word_1_406' title='bbox 970 1299 1069 1326; x_wconf 91' lang='lat' dir='ltr'><strong>animis</strong></span> <span class='ocrx_word' id='word_1_407' title='bbox 1097 1299 1222 1332; x_wconf 80' lang='lat' dir='ltr'><strong>ingenuis</strong></span> <span class='ocrx_word' id='word_1_408' title='bbox 1242 1303 1270 1326; x_wconf 80' lang='lat' dir='ltr'><strong>et</strong></span> <span class='ocrx_word' id='word_1_409' title='bbox 1291 1298 1450 1326; x_wconf 87' lang='lat' dir='ltr'><strong>liberalibus</strong></span> <span class='ocrx_word' id='word_1_410' title='bbox 1473 1299 1584 1334; x_wconf 82' lang='lat' dir='ltr'><strong>dignum</strong></span> <span class='ocrx_word' id='word_1_411' title='bbox 1608 1298 1752 1327; x_wconf 89' lang='lat' dir='ltr'><strong>iuduistis:</strong></span> 
     </span>
    </p>
   </div>
   <div class='ocr_carea' id='block_1_55' title="bbox 969 1343 1755 1379">
    <p class='ocr_par' dir='ltr' id='par_1_55' title="bbox 969 1343 1755 1379">
     <span class='ocr_line' id='line_1_55' title="bbox 969 1343 1755 1379; baseline 0 -9"><span class='ocrx_word' id='word_1_412' title='bbox 969 1343 1022 1371; x_wconf 90' lang='lat' dir='ltr'><strong>hoc</strong></span> <span class='ocrx_word' id='word_1_413' title='bbox 1034 1344 1143 1375; x_wconf 84' lang='lat' dir='ltr'><strong>amatis.</strong></span> <span class='ocrx_word' id='word_1_414' title='bbox 1157 1344 1199 1378; x_wconf 67' lang='lat' dir='ltr'><strong>Iob</strong></span> <span class='ocrx_word' id='word_1_415' title='bbox 1219 1343 1291 1378; x_wconf 90' lang='lat' dir='ltr'><strong>quod</strong></span> <span class='ocrx_word' id='word_1_416' title='bbox 1315 1351 1513 1379; x_wconf 85' lang='lat' dir='ltr'><strong>oppugnamur.</strong></span> <span class='ocrx_word' id='word_1_417' title='bbox 1535 1344 1589 1371; x_wconf 90' lang='lat' dir='ltr'><strong>Cur</strong></span> <span class='ocrx_word' id='word_1_418' title='bbox 1607 1344 1678 1372; x_wconf 91' lang='lat' dir='ltr'><strong>enim</strong></span> <span class='ocrx_word' id='word_1_419' title='bbox 1695 1352 1755 1371; x_wconf 89' lang='lat' dir='ltr'><strong>mu-</strong></span> 
     </span>
    </p>
   </div>
   <div class='ocr_carea' id='block_1_56' title="bbox 968 1390 1751 1425">
    <p class='ocr_par' dir='ltr' id='par_1_56' title="bbox 968 1390 1751 1425">
     <span class='ocr_line' id='line_1_56' title="bbox 968 1390 1751 1425; baseline 0.003 -9"><span class='ocrx_word' id='word_1_420' title='bbox 968 1393 1023 1416; x_wconf 90' lang='lat' dir='ltr'><strong>tam</strong></span> <span class='ocrx_word' id='word_1_421' title='bbox 1046 1390 1225 1417; x_wconf 84' lang='lat' dir='ltr'><strong>eruditionem</strong></span> <span class='ocrx_word' id='word_1_422' title='bbox 1251 1390 1367 1425; x_wconf 81' lang='lat' dir='ltr'><strong>amplexi</strong></span> <span class='ocrx_word' id='word_1_423' title='bbox 1394 1398 1447 1418; x_wconf 93' lang='lat' dir='ltr'><strong>non</strong></span> <span class='ocrx_word' id='word_1_424' title='bbox 1476 1390 1589 1418; x_wconf 90' lang='lat' dir='ltr'><strong>sumus?</strong></span> <span class='ocrx_word' id='word_1_425' title='bbox 1627 1398 1676 1418; x_wconf 88' lang='lat' dir='ltr'><strong>cur</strong></span> <span class='ocrx_word' id='word_1_426' title='bbox 1698 1399 1751 1418; x_wconf 93' lang='lat' dir='ltr'><strong>non</strong></span> 
     </span>
    </p>
   </div>
   <div class='ocr_carea' id='block_1_57' title="bbox 969 1435 1756 1473">
    <p class='ocr_par' dir='ltr' id='par_1_57' title="bbox 969 1435 1756 1473">
     <span class='ocr_line' id='line_1_57' title="bbox 969 1435 1756 1473; baseline 0.004 -11"><span class='ocrx_word' id='word_1_427' title='bbox 969 1436 1073 1463; x_wconf 81' lang='lat' dir='ltr'><strong>aridam</strong></span> <span class='ocrx_word' id='word_1_428' title='bbox 1090 1441 1116 1463; x_wconf 88' lang='lat' dir='ltr'><strong>et</strong></span> <span class='ocrx_word' id='word_1_429' title='bbox 1131 1435 1205 1463; x_wconf 91' lang='lat' dir='ltr'><strong>humi</strong></span> <span class='ocrx_word' id='word_1_430' title='bbox 1228 1436 1398 1470; x_wconf 76' lang='lat' dir='ltr'><strong>reptantem?</strong></span> <span class='ocrx_word' id='word_1_431' title='bbox 1420 1444 1479 1469; x_wconf 89' lang='lat' dir='ltr'><strong>cur,</strong></span> <span class='ocrx_word' id='word_1_432' title='bbox 1495 1444 1556 1464; x_wconf 91' lang='lat' dir='ltr'><strong>cum</strong></span> <span class='ocrx_word' id='word_1_433' title='bbox 1568 1444 1599 1465; x_wconf 91' lang='lat' dir='ltr'><strong>ea</strong></span> <span class='ocrx_word' id='word_1_434' title='bbox 1614 1437 1756 1473; x_wconf 87' lang='lat' dir='ltr'><strong>plerosque</strong></span> 
     </span>
    </p>
   </div>
   <div class='ocr_carea' id='block_1_58' title="bbox 971 1482 1755 1518">
    <p class='ocr_par' dir='ltr' id='par_1_58' title="bbox 971 1482 1755 1518">
     <span class='ocr_line' id='line_1_58' title="bbox 971 1482 1755 1518; baseline 0.001 -9"><span class='ocrx_word' id='word_1_435' title='bbox 971 1482 1101 1510; x_wconf 89' lang='lat' dir='ltr'><strong>delectari</strong></span> <span class='ocrx_word' id='word_1_436' title='bbox 1125 1482 1355 1517; x_wconf 85' lang='lat' dir='ltr'><strong>conspiceremus,</strong></span> <span class='ocrx_word' id='word_1_437' title='bbox 1383 1483 1410 1510; x_wconf 93' lang='lat' dir='ltr'><strong>in</strong></span> <span class='ocrx_word' id='word_1_438' title='bbox 1429 1483 1573 1518; x_wconf 83' lang='lat' dir='ltr'><strong>peregrina</strong></span> <span class='ocrx_word' id='word_1_439' title='bbox 1586 1483 1708 1518; x_wconf 66' lang='lat' dir='ltr'><strong>quaedam</strong></span> <span class='ocrx_word' id='word_1_440' title='bbox 1727 1489 1755 1511; x_wconf 82' lang='lat' dir='ltr'><strong>ct</strong></span> 
     </span>
    </p>
   </div>
   <div class='ocr_carea' id='block_1_59' title="bbox 969 1529 1756 1564">
    <p class='ocr_par' dir='ltr' id='par_1_59' title="bbox 969 1529 1756 1564">
     <span class='ocr_line' id='line_1_59' title="bbox 969 1529 1756 1564; baseline 0.003 -9"><span class='ocrx_word' id='word_1_441' title='bbox 969 1529 1057 1556; x_wconf 84' lang='lat' dir='ltr'><strong>aliena</strong></span> <span class='ocrx_word' id='word_1_442' title='bbox 1072 1529 1160 1557; x_wconf 85' lang='lat' dir='ltr'><strong>studia</strong></span> <span class='ocrx_word' id='word_1_443' title='bbox 1172 1529 1356 1562; x_wconf 84' lang='lat' dir='ltr'><strong>incubuimus,</strong></span> <span class='ocrx_word' id='word_1_444' title='bbox 1381 1535 1464 1564; x_wconf 87' lang='lat' dir='ltr'><strong>atque</strong></span> <span class='ocrx_word' id='word_1_445' title='bbox 1480 1529 1643 1557; x_wconf 89' lang='lat' dir='ltr'><strong>adversariis</strong></span> <span class='ocrx_word' id='word_1_446' title='bbox 1656 1529 1756 1564; x_wconf 78' lang='lat' dir='ltr'><strong>linguis</strong></span> 
     </span>
    </p>
   </div>
   <div class='ocr_carea' id='block_1_60' title="bbox 969 1576 1754 1611">
    <p class='ocr_par' dir='ltr' id='par_1_60' title="bbox 969 1576 1754 1611">
     <span class='ocr_line' id='line_1_60' title="bbox 969 1576 1754 1611; baseline 0.003 -9"><span class='ocrx_word' id='word_1_447' title='bbox 969 1576 1142 1603; x_wconf 85' lang='lat' dir='ltr'><strong>obstitimus?</strong></span> <span class='ocrx_word' id='word_1_448' title='bbox 1162 1583 1222 1603; x_wconf 93' lang='lat' dir='ltr'><strong>cum</strong></span> <span class='ocrx_word' id='word_1_449' title='bbox 1245 1581 1340 1604; x_wconf 86' lang='lat' dir='ltr'><strong>contra</strong></span> <span class='ocrx_word' id='word_1_450' title='bbox 1366 1577 1517 1611; x_wconf 87' lang='lat' dir='ltr'><strong>oportuerit</strong></span> <span class='ocrx_word' id='word_1_451' title='bbox 1535 1576 1754 1604; x_wconf 83' lang='lat' dir='ltr'><strong>ratiocinationes</strong></span> 
     </span>
    </p>
   </div>
   <div class='ocr_carea' id='block_1_61' title="bbox 970 1622 1754 1656">
    <p class='ocr_par' dir='ltr' id='par_1_61' title="bbox 970 1622 1754 1656">
     <span class='ocr_line' id='line_1_61' title="bbox 970 1622 1754 1656; baseline 0.001 -8"><span class='ocrx_word' id='word_1_452' title='bbox 970 1622 1098 1649; x_wconf 89' lang='lat' dir='ltr'><strong>audacter</strong></span> <span class='ocrx_word' id='word_1_453' title='bbox 1113 1622 1251 1656; x_wconf 77' lang='lat' dir='ltr'><strong>defugere,</strong></span> <span class='ocrx_word' id='word_1_454' title='bbox 1276 1629 1309 1649; x_wconf 90' lang='lat' dir='ltr'><strong>ac</strong></span> <span class='ocrx_word' id='word_1_455' title='bbox 1331 1627 1414 1649; x_wconf 67' lang='lat' dir='ltr'><strong>mutae</strong></span> <span class='ocrx_word' id='word_1_456' title='bbox 1441 1622 1555 1650; x_wconf 64' lang='lat' dir='ltr'><strong>inscitiae</strong></span> <span class='ocrx_word' id='word_1_457' title='bbox 1578 1622 1639 1649; x_wconf 83' lang='lat' dir='ltr'><strong>ﬁdei</strong></span> <span class='ocrx_word' id='word_1_458' title='bbox 1657 1629 1754 1650; x_wconf 87' lang='lat' dir='ltr'><strong>nomen</strong></span> 
     </span>
    </p>
   </div>
   <div class='ocr_carea' id='block_1_62' title="bbox 971 1667 1756 1703">
    <p class='ocr_par' dir='ltr' id='par_1_62' title="bbox 971 1667 1756 1703">
     <span class='ocr_line' id='line_1_62' title="bbox 971 1667 1756 1703; baseline 0 -9"><span class='ocrx_word' id='word_1_459' title='bbox 971 1667 1120 1702; x_wconf 79' lang='lat' dir='ltr'><strong>imponere,</strong></span> <span class='ocrx_word' id='word_1_460' title='bbox 1145 1675 1227 1702; x_wconf 87' lang='lat' dir='ltr'><strong>quam</strong></span> <span class='ocrx_word' id='word_1_461' title='bbox 1242 1669 1298 1702; x_wconf 84' lang='lat' dir='ltr'><strong>ipse</strong></span> <span class='ocrx_word' id='word_1_462' title='bbox 1320 1675 1438 1703; x_wconf 88' lang='lat' dir='ltr'><strong>quoque,</strong></span> <span class='ocrx_word' id='word_1_463' title='bbox 1458 1669 1524 1695; x_wconf 91' lang='lat' dir='ltr'><strong>mihi</strong></span> <span class='ocrx_word' id='word_1_464' title='bbox 1544 1668 1656 1700; x_wconf 86' lang='lat' dir='ltr'><strong>credite,</strong></span> <span class='ocrx_word' id='word_1_465' title='bbox 1682 1675 1756 1695; x_wconf 90' lang='lat' dir='ltr'><strong>com-</strong></span> 
     </span>
    </p>
   </div>
   <div class='ocr_carea' id='block_1_63' title="bbox 132 1710 917 1750">
    <p class='ocr_par' dir='ltr' id='par_1_63' title="bbox 132 1710 917 1746">
     <span class='ocr_line' id='line_1_63' title="bbox 132 1710 917 1746; baseline 0.003 -11"><span class='ocrx_word' id='word_1_466' title='bbox 132 1717 188 1736; x_wconf 87' lang='grc' dir='ltr'><strong>πων</strong></span> <span class='ocrx_word' id='word_1_467' title='bbox 204 1710 218 1736; x_wconf 86' lang='grc' dir='ltr'><strong>ό</strong></span> <span class='ocrx_word' id='word_1_468' title='bbox 242 1710 350 1744; x_wconf 76' lang='grc' dir='ltr'>φθόνος,</span> <span class='ocrx_word' id='word_1_469' title='bbox 370 1711 386 1746; x_wconf 88' lang='grc' dir='ltr'>ὴ</span> <span class='ocrx_word' id='word_1_470' title='bbox 404 1711 509 1745; x_wconf 81' lang='grc' dir='ltr'>δαπάνη</span> <span class='ocrx_word' id='word_1_471' title='bbox 525 1710 579 1737; x_wconf 81' lang='grc' dir='ltr'>τῶν</span> <span class='ocrx_word' id='word_1_472' title='bbox 601 1711 728 1745; x_wconf 76' lang='grc' dir='ltr'>ἐχόντων,</span> <span class='ocrx_word' id='word_1_473' title='bbox 750 1712 764 1737; x_wconf 83' lang='grc' dir='ltr'>ὁ</span> <span class='ocrx_word' id='word_1_474' title='bbox 780 1711 835 1737; x_wconf 83' lang='grc' dir='ltr'>τῶν</span> <span class='ocrx_word' id='word_1_475' title='bbox 864 1720 917 1738; x_wconf 86' lang='grc' dir='ltr'>πα-</span> 
     </span>
    </p>
   </div>
   <div class='ocr_carea' id='block_1_64' title="bbox 969 1710 1756 1750">
    <p class='ocr_par' dir='ltr' id='par_1_64' title="bbox 970 1714 1756 1750">
     <span class='ocr_line' id='line_1_64' title="bbox 970 1714 1756 1750; baseline 0.001 -10"><span class='ocrx_word' id='word_1_476' title='bbox 970 1714 1067 1749; x_wconf 81' lang='lat' dir='ltr'><strong>plexus</strong></span> <span class='ocrx_word' id='word_1_477' title='bbox 1080 1722 1181 1747; x_wconf 87' lang='lat' dir='ltr'><strong>essem,</strong></span> <span class='ocrx_word' id='word_1_478' title='bbox 1196 1719 1224 1741; x_wconf 90' lang='lat' dir='ltr'><strong>ut</strong></span> <span class='ocrx_word' id='word_1_479' title='bbox 1241 1715 1359 1749; x_wconf 83' lang='lat' dir='ltr'><strong>piscator</strong></span> <span class='ocrx_word' id='word_1_480' title='bbox 1377 1714 1603 1750; x_wconf 85' lang='lat' dir='ltr'><strong>(quandoquidem</strong></span> <span class='ocrx_word' id='word_1_481' title='bbox 1621 1715 1671 1742; x_wconf 89' lang='lat' dir='ltr'><strong>hoc</strong></span> <span class='ocrx_word' id='word_1_482' title='bbox 1686 1714 1756 1741; x_wconf 81' lang='lat' dir='ltr'><strong>mul-</strong></span> 
     </span>
    </p>
   </div>
   <div class='ocr_carea' id='block_1_65' title="bbox 132 1757 917 1792">
    <p class='ocr_par' dir='ltr' id='par_1_65' title="bbox 132 1757 917 1792">
     <span class='ocr_line' id='line_1_65' title="bbox 132 1757 917 1792; baseline 0.001 -9"><span class='ocrx_word' id='word_1_483' title='bbox 132 1757 246 1792; x_wconf 76' lang='grc' dir='ltr'>σχόντων</span> <span class='ocrx_word' id='word_1_484' title='bbox 261 1757 312 1789; x_wconf 73' lang='grc' dir='ltr'>ἰὸς,</span> <span class='ocrx_word' id='word_1_485' title='bbox 326 1757 356 1783; x_wconf 82' lang='grc' dir='ltr'>τὸ</span> <span class='ocrx_word' id='word_1_486' title='bbox 372 1757 450 1792; x_wconf 74' lang='grc' dir='ltr'>μόνον</span> <span class='ocrx_word' id='word_1_487' title='bbox 466 1757 519 1783; x_wconf 81' lang='grc' dir='ltr'>τῶν</span> <span class='ocrx_word' id='word_1_488' title='bbox 533 1757 626 1783; x_wconf 78' lang='grc' dir='ltr'>παθῶν</span> <span class='ocrx_word' id='word_1_489' title='bbox 640 1757 804 1784; x_wconf 81' lang='grc' dir='ltr'>ἀδικώτανόν</span> <span class='ocrx_word' id='word_1_490' title='bbox 817 1766 846 1783; x_wconf 83' lang='grc' dir='ltr'><strong>τε</strong></span> <span class='ocrx_word' id='word_1_491' title='bbox 859 1757 917 1792; x_wconf 79' lang='grc' dir='ltr'>ἃμα.</span> 
     </span>
    </p>
   </div>
   <div class='ocr_carea' id='block_1_66' title="bbox 131 1803 915 1839">
    <p class='ocr_par' dir='ltr' id='par_1_66' title="bbox 131 1803 915 1839">
     <span class='ocr_line' id='line_1_66' title="bbox 131 1803 915 1839; baseline 0 -9"><span class='ocrx_word' id='word_1_492' title='bbox 131 1804 175 1830; x_wconf 82' lang='grc' dir='ltr'>καὶ</span> <span class='ocrx_word' id='word_1_493' title='bbox 189 1804 359 1831; x_wconf 83' lang='grc' dir='ltr'>δικαιότατον</span> <span class='ocrx_word' id='word_1_494' title='bbox 368 1813 375 1820; x_wconf 88' lang='grc'><strong>·</strong></span> <span class='ocrx_word' id='word_1_495' title='bbox 389 1803 420 1830; x_wconf 79' lang='grc' dir='ltr'>τὸ</span> <span class='ocrx_word' id='word_1_496' title='bbox 434 1804 491 1839; x_wconf 78' lang='grc' dir='ltr'>μὲν,</span> <span class='ocrx_word' id='word_1_497' title='bbox 504 1804 544 1830; x_wconf 76' lang='grc' dir='ltr'>ὅτι</span> <span class='ocrx_word' id='word_1_498' title='bbox 560 1804 733 1839; x_wconf 76' lang='grc' dir='ltr'>πᾶσιδιοχλεῖ</span> <span class='ocrx_word' id='word_1_499' title='bbox 745 1805 800 1836; x_wconf 82' lang='grc' dir='ltr'>τοῖς</span> <span class='ocrx_word' id='word_1_500' title='bbox 815 1804 915 1835; x_wconf 86' lang='grc' dir='ltr'>καλοῖς·</span> 
     </span>
    </p>
   </div>
   <div class='ocr_carea' id='block_1_67' title="bbox 130 1849 916 1886">
    <p class='ocr_par' dir='ltr' id='par_1_67' title="bbox 130 1849 916 1886">
     <span class='ocr_line' id='line_1_67' title="bbox 130 1849 916 1886; baseline -0.001 -9"><span class='ocrx_word' id='word_1_501' title='bbox 130 1851 160 1877; x_wconf 71' lang='grc' dir='ltr'>τὸ</span> <span class='ocrx_word' id='word_1_502' title='bbox 179 1851 207 1878; x_wconf 83' lang='grc' dir='ltr'><strong>δὲ</strong></span> <span class='ocrx_word' id='word_1_503' title='bbox 221 1851 291 1886; x_wconf 72' lang='grc'>(74),</span> <span class='ocrx_word' id='word_1_504' title='bbox 321 1851 361 1877; x_wconf 77' lang='grc' dir='ltr'>ὅτι</span> <span class='ocrx_word' id='word_1_505' title='bbox 389 1851 466 1880; x_wconf 82' lang='grc' dir='ltr'>τήκει</span> <span class='ocrx_word' id='word_1_506' title='bbox 489 1850 552 1882; x_wconf 73' lang='grc' dir='ltr'>τοὺς</span> <span class='ocrx_word' id='word_1_507' title='bbox 582 1849 702 1885; x_wconf 77' lang='grc' dir='ltr'>ἔχοντας.</span> <span class='ocrx_word' id='word_1_508' title='bbox 730 1850 766 1876; x_wconf 84' lang='grc' dir='ltr'><strong>Οὺ</strong></span> <span class='ocrx_word' id='word_1_509' title='bbox 784 1850 838 1885; x_wconf 73' lang='grc' dir='ltr'><strong>γὰρ</strong></span> <span class='ocrx_word' id='word_1_510' title='bbox 859 1851 916 1882; x_wconf 86' lang='grc' dir='ltr'>τοῖς</span> 
     </span>
    </p>
   </div>
   <div class='ocr_carea' id='block_1_68' title="bbox 131 1894 919 1932">
    <p class='ocr_par' dir='ltr' id='par_1_68' title="bbox 131 1894 919 1932">
     <span class='ocr_line' id='line_1_68' title="bbox 131 1894 919 1932; baseline -0.004 -9"><span class='ocrx_word' id='word_1_511' title='bbox 131 1895 248 1932; x_wconf 82' lang='grc' dir='ltr'>πρώτως</span> <span class='ocrx_word' id='word_1_512' title='bbox 274 1895 332 1931; x_wconf 82' lang='lat'><strong>(75)</strong></span> <span class='ocrx_word' id='word_1_513' title='bbox 357 1895 531 1922; x_wconf 78' lang='grc' dir='ltr'>ὲπαινέσασιν</span> <span class='ocrx_word' id='word_1_514' title='bbox 558 1895 631 1930; x_wconf 82' lang='grc' dir='ltr'>ἡμᾶς</span> <span class='ocrx_word' id='word_1_515' title='bbox 658 1894 861 1929; x_wconf 83' lang='grc' dir='ltr'>καταράσομαι·</span> <span class='ocrx_word' id='word_1_516' title='bbox 889 1894 919 1920; x_wconf 79' lang='grc' dir='ltr'>οὐ</span> 
     </span>
    </p>
   </div>
   <div class='ocr_carea' id='block_1_69' title="bbox 129 1939 920 1978">
    <p class='ocr_par' dir='ltr' id='par_1_69' title="bbox 129 1939 920 1978">
     <span class='ocr_line' id='line_1_69' title="bbox 129 1939 920 1978; baseline -0.003 -9"><span class='ocrx_word' id='word_1_517' title='bbox 129 1942 183 1978; x_wconf 80' lang='grc' dir='ltr'><strong>γὰρ</strong></span> <span class='ocrx_word' id='word_1_518' title='bbox 197 1942 312 1978; x_wconf 67' lang='grc' dir='ltr'>ῇδεισαν</span> <span class='ocrx_word' id='word_1_519' title='bbox 325 1941 379 1969; x_wconf 82' lang='grc' dir='ltr'>τῶν</span> <span class='ocrx_word' id='word_1_520' title='bbox 403 1941 523 1967; x_wconf 76' lang='grc' dir='ltr'>ἐπαίνων</span> <span class='ocrx_word' id='word_1_521' title='bbox 549 1940 579 1967; x_wconf 78' lang='grc' dir='ltr'>τὸ</span> <span class='ocrx_word' id='word_1_522' title='bbox 601 1940 677 1971; x_wconf 82' lang='grc' dir='ltr'>τέλος</span> <span class='ocrx_word' id='word_1_523' title='bbox 687 1948 694 1955; x_wconf 79' lang='grc'><em>”</em></span> <span class='ocrx_word' id='word_1_524' title='bbox 710 1940 747 1971; x_wconf 86' lang='grc' dir='ltr'>ὡς</span> <span class='ocrx_word' id='word_1_525' title='bbox 761 1939 832 1975; x_wconf 81' lang='grc' dir='ltr'>τάχα</span> <span class='ocrx_word' id='word_1_526' title='bbox 846 1939 878 1966; x_wconf 84' lang='grc' dir='ltr'>ἄν</span> <span class='ocrx_word' id='word_1_527' title='bbox 893 1948 920 1967; x_wconf 89' lang='grc' dir='ltr'><strong>τι</strong></span> 
     </span>
    </p>
   </div>
   <div class='ocr_carea' id='block_1_70' title="bbox 130 1984 921 2022">
    <p class='ocr_par' dir='ltr' id='par_1_70' title="bbox 130 1984 921 2022">
     <span class='ocr_line' id='line_1_70' title="bbox 130 1984 921 2022; baseline -0.001 -9"><span class='ocrx_word' id='word_1_528' title='bbox 130 1987 177 2013; x_wconf 80' lang='grc' dir='ltr'>καὶ</span> <span class='ocrx_word' id='word_1_529' title='bbox 191 1986 329 2022; x_wconf 83' lang='grc' dir='ltr'>λοιδορίας</span> <span class='ocrx_word' id='word_1_530' title='bbox 359 1985 542 2022; x_wconf 83' lang='grc' dir='ltr'>προσέθηκαν,</span> <span class='ocrx_word' id='word_1_531' title='bbox 558 1985 602 2012; x_wconf 79' lang='grc' dir='ltr'>ἵνα</span> <span class='ocrx_word' id='word_1_532' title='bbox 613 1985 659 2011; x_wconf 86' lang='grc' dir='ltr'>τὸν</span> <span class='ocrx_word' id='word_1_533' title='bbox 675 1984 773 2019; x_wconf 81' lang='grc' dir='ltr'>φθόνον</span> <span class='ocrx_word' id='word_1_534' title='bbox 801 1984 921 2020; x_wconf 81' lang='grc' dir='ltr'>ἐπίσχω-</span> 
     </span>
    </p>
   </div>
   <div class='ocr_carea' id='block_1_71' title="bbox 130 2040 182 2058">
    <p class='ocr_par' dir='ltr' id='par_1_71' title="bbox 130 2040 182 2058">
     <span class='ocr_line' id='line_1_71' title="bbox 130 2040 182 2058; baseline 0.019 -1"><span class='ocrx_word' id='word_1_535' title='bbox 130 2040 182 2058; x_wconf 81' lang='grc' dir='ltr'>σιν.</span> 
     </span>
    </p>
   </div>
   <div class='ocr_carea' id='block_1_72' title="bbox 972 1759 1755 1794">
    <p class='ocr_par' dir='ltr' id='par_1_72' title="bbox 972 1759 1755 1794">
     <span class='ocr_line' id='line_1_72' title="bbox 972 1759 1755 1794; baseline 0 -8"><span class='ocrx_word' id='word_1_536' title='bbox 972 1759 1006 1786; x_wconf 89' lang='lat' dir='ltr'><strong>tis</strong></span> <span class='ocrx_word' id='word_1_537' title='bbox 1027 1760 1060 1786; x_wconf 87' lang='lat' dir='ltr'><strong>ad</strong></span> <span class='ocrx_word' id='word_1_538' title='bbox 1084 1760 1199 1786; x_wconf 75' lang='lat' dir='ltr'><strong>inscitia:</strong></span> <span class='ocrx_word' id='word_1_539' title='bbox 1218 1760 1421 1788; x_wconf 82' lang='lat' dir='ltr'><strong>excusationem</strong></span> <span class='ocrx_word' id='word_1_540' title='bbox 1448 1760 1474 1787; x_wconf 88' lang='lat' dir='ltr'><strong>in</strong></span> <span class='ocrx_word' id='word_1_541' title='bbox 1502 1764 1626 1794; x_wconf 86' lang='lat' dir='ltr'><strong>promptu</strong></span> <span class='ocrx_word' id='word_1_542' title='bbox 1645 1760 1716 1794; x_wconf 89' lang='lat' dir='ltr'><strong>est);</strong></span> <span class='ocrx_word' id='word_1_543' title='bbox 1733 1759 1755 1786; x_wconf 87' lang='lat' dir='ltr'><strong>si</strong></span> 
     </span>
    </p>
   </div>
   <div class='ocr_carea' id='block_1_73' title="bbox 971 1804 1756 1838">
    <p class='ocr_par' dir='ltr' id='par_1_73' title="bbox 971 1804 1756 1838">
     <span class='ocr_line' id='line_1_73' title="bbox 971 1804 1756 1838; baseline -0.003 -6"><span class='ocrx_word' id='word_1_544' title='bbox 971 1804 1104 1832; x_wconf 86' lang='lat' dir='ltr'><strong>sermonis</strong></span> <span class='ocrx_word' id='word_1_545' title='bbox 1121 1811 1152 1832; x_wconf 91' lang='lat' dir='ltr'><strong>ac</strong></span> <span class='ocrx_word' id='word_1_546' title='bbox 1169 1804 1299 1832; x_wconf 54' lang='lat' dir='ltr'><strong>doctrina).</strong></span> <span class='ocrx_word' id='word_1_547' title='bbox 1317 1804 1388 1837; x_wconf 84' lang='lat' dir='ltr'><strong>loco,</strong></span> <span class='ocrx_word' id='word_1_548' title='bbox 1415 1805 1552 1838; x_wconf 73' lang='lat' dir='ltr'><strong>signoruni</strong></span> <span class='ocrx_word' id='word_1_549' title='bbox 1570 1809 1596 1831; x_wconf 78' lang='lat' dir='ltr'><strong>et</strong></span> <span class='ocrx_word' id='word_1_550' title='bbox 1609 1804 1756 1831; x_wconf 89' lang='lat' dir='ltr'><strong>miraculo-</strong></span> 
     </span>
    </p>
   </div>
   <div class='ocr_carea' id='block_1_74' title="bbox 974 1849 1756 1878">
    <p class='ocr_par' dir='ltr' id='par_1_74' title="bbox 974 1849 1756 1878">
     <span class='ocr_line' id='line_1_74' title="bbox 974 1849 1756 1878; baseline 0 -2"><span class='ocrx_word' id='word_1_551' title='bbox 974 1858 1033 1877; x_wconf 83' lang='lat' dir='ltr'><strong>rum</strong></span> <span class='ocrx_word' id='word_1_552' title='bbox 1062 1851 1114 1876; x_wconf 90' lang='lat' dir='ltr'><strong>vim</strong></span> <span class='ocrx_word' id='word_1_553' title='bbox 1142 1850 1306 1878; x_wconf 78' lang='lat' dir='ltr'><strong>habuissem.</strong></span> <span class='ocrx_word' id='word_1_554' title='bbox 1341 1849 1448 1877; x_wconf 73' lang='lat' dir='ltr'><strong>Utinam</strong></span> <span class='ocrx_word' id='word_1_555' title='bbox 1474 1856 1506 1876; x_wconf 80' lang='lat' dir='ltr'><strong>ex</strong></span> <span class='ocrx_word' id='word_1_556' title='bbox 1531 1850 1670 1877; x_wconf 89' lang='lat' dir='ltr'><strong>hominum</strong></span> <span class='ocrx_word' id='word_1_557' title='bbox 1703 1850 1756 1876; x_wconf 91' lang='lat' dir='ltr'><strong>vita</strong></span> 
     </span>
    </p>
   </div>
   <div class='ocr_carea' id='block_1_75' title="bbox 972 1894 1756 1926">
    <p class='ocr_par' dir='ltr' id='par_1_75' title="bbox 972 1894 1756 1926">
     <span class='ocr_line' id='line_1_75' title="bbox 972 1894 1756 1926; baseline 0 -5"><span class='ocrx_word' id='word_1_558' title='bbox 972 1894 1097 1922; x_wconf 82' lang='lat' dir='ltr'><strong>interiret</strong></span> <span class='ocrx_word' id='word_1_559' title='bbox 1110 1894 1189 1926; x_wconf 90' lang='lat' dir='ltr'><strong>livor,</strong></span> <span class='ocrx_word' id='word_1_560' title='bbox 1208 1895 1266 1922; x_wconf 72' lang='lat' dir='ltr'><strong>lucc</strong></span> <span class='ocrx_word' id='word_1_561' title='bbox 1280 1894 1432 1922; x_wconf 86' lang='lat' dir='ltr'><strong>invidorum</strong></span> <span class='ocrx_word' id='word_1_562' title='bbox 1448 1895 1532 1926; x_wconf 85' lang='lat' dir='ltr'><strong>tabes,</strong></span> <span class='ocrx_word' id='word_1_563' title='bbox 1549 1895 1600 1922; x_wconf 90' lang='lat' dir='ltr'><strong>hoc</strong></span> <span class='ocrx_word' id='word_1_564' title='bbox 1622 1902 1756 1922; x_wconf 87' lang='lat' dir='ltr'><strong>venenum</strong></span> 
     </span>
    </p>
   </div>
   <div class='ocr_carea' id='block_1_76' title="bbox 971 1939 1757 1974">
    <p class='ocr_par' dir='ltr' id='par_1_76' title="bbox 971 1939 1757 1974">
     <span class='ocr_line' id='line_1_76' title="bbox 971 1939 1757 1974; baseline 0.001 -9"><span class='ocrx_word' id='word_1_565' title='bbox 971 1946 1076 1972; x_wconf 88' lang='lat' dir='ltr'><strong>eorum,</strong></span> <span class='ocrx_word' id='word_1_566' title='bbox 1102 1939 1147 1974; x_wconf 85' lang='lat' dir='ltr'><strong>qui</strong></span> <span class='ocrx_word' id='word_1_567' title='bbox 1165 1946 1197 1966; x_wconf 90' lang='lat' dir='ltr'><strong>eo</strong></span> <span class='ocrx_word' id='word_1_568' title='bbox 1210 1939 1347 1971; x_wconf 86' lang='lat' dir='ltr'><strong>laborant,</strong></span> <span class='ocrx_word' id='word_1_569' title='bbox 1364 1939 1437 1966; x_wconf 86' lang='lat' dir='ltr'><strong>solus</strong></span> <span class='ocrx_word' id='word_1_570' title='bbox 1457 1946 1488 1966; x_wconf 82' lang='lat' dir='ltr'><strong>ex</strong></span> <span class='ocrx_word' id='word_1_571' title='bbox 1509 1939 1635 1966; x_wconf 89' lang='lat' dir='ltr'><strong>omnibus</strong></span> <span class='ocrx_word' id='word_1_572' title='bbox 1655 1939 1757 1966; x_wconf 76' lang='lat' dir='ltr'><strong>atlecti-</strong></span> 
     </span>
    </p>
   </div>
   <div class='ocr_carea' id='block_1_77' title="bbox 970 1983 1757 2019">
    <p class='ocr_par' dir='ltr' id='par_1_77' title="bbox 970 1983 1757 2019">
     <span class='ocr_line' id='line_1_77' title="bbox 970 1983 1757 2019; baseline 0.003 -9"><span class='ocrx_word' id='word_1_573' title='bbox 970 1984 1020 2011; x_wconf 89' lang='lat' dir='ltr'><strong>bus</strong></span> <span class='ocrx_word' id='word_1_574' title='bbox 1044 1983 1229 2017; x_wconf 75' lang='lat' dir='ltr'><strong>iniquissimus</strong></span> <span class='ocrx_word' id='word_1_575' title='bbox 1250 1984 1330 2012; x_wconf 89' lang='lat' dir='ltr'><strong>simul</strong></span> <span class='ocrx_word' id='word_1_576' title='bbox 1345 1989 1371 2011; x_wconf 88' lang='lat' dir='ltr'><strong>et</strong></span> <span class='ocrx_word' id='word_1_577' title='bbox 1387 1985 1561 2018; x_wconf 70' lang='lat' dir='ltr'><strong>aequissimus</strong></span> <span class='ocrx_word' id='word_1_578' title='bbox 1576 1994 1583 2012; x_wconf 87' lang='lat'><strong>:</strong></span> <span class='ocrx_word' id='word_1_579' title='bbox 1602 1985 1678 2017; x_wconf 91' lang='lat' dir='ltr'><strong>illud,</strong></span> <span class='ocrx_word' id='word_1_580' title='bbox 1693 1985 1757 2019; x_wconf 80' lang='lat' dir='ltr'><strong>quia</strong></span> 
     </span>
    </p>
   </div>
   <div class='ocr_carea' id='block_1_78' title="bbox 969 2029 1757 2065">
    <p class='ocr_par' dir='ltr' id='par_1_78' title="bbox 969 2029 1757 2065">
     <span class='ocr_line' id='line_1_78' title="bbox 969 2029 1757 2065; baseline 0.001 -9"><span class='ocrx_word' id='word_1_581' title='bbox 969 2029 1049 2056; x_wconf 80' lang='lat' dir='ltr'><strong>bonis</strong></span> <span class='ocrx_word' id='word_1_582' title='bbox 1062 2029 1189 2057; x_wconf 88' lang='lat' dir='ltr'><strong>omnibus</strong></span> <span class='ocrx_word' id='word_1_583' title='bbox 1204 2030 1318 2058; x_wconf 81' lang='lat' dir='ltr'><strong>infestus</strong></span> <span class='ocrx_word' id='word_1_584' title='bbox 1334 2035 1392 2062; x_wconf 89' lang='lat' dir='ltr'><strong>est;</strong></span> <span class='ocrx_word' id='word_1_585' title='bbox 1412 2031 1471 2063; x_wconf 91' lang='lat' dir='ltr'><strong>hoc,</strong></span> <span class='ocrx_word' id='word_1_586' title='bbox 1487 2032 1550 2064; x_wconf 85' lang='lat' dir='ltr'><strong>quia</strong></span> <span class='ocrx_word' id='word_1_587' title='bbox 1566 2038 1624 2064; x_wconf 84' lang='lat' dir='ltr'><strong>eos,</strong></span> <span class='ocrx_word' id='word_1_588' title='bbox 1646 2031 1691 2065; x_wconf 90' lang='lat' dir='ltr'><strong>qui</strong></span> <span class='ocrx_word' id='word_1_589' title='bbox 1706 2030 1757 2057; x_wconf 89' lang='lat' dir='ltr'><strong>hoc</strong></span> 
     </span>
    </p>
   </div>
   <div class='ocr_carea' id='block_1_79' title="bbox 129 2076 1752 2112">
    <p class='ocr_par' dir='ltr' id='par_1_79' title="bbox 129 2076 1752 2112">
     <span class='ocr_line' id='line_1_79' title="bbox 129 2076 1752 2112; baseline -0.003 -4"><span class='ocrx_word' id='word_1_590' title='bbox 129 2080 195 2108; x_wconf 90' lang='lat' dir='ltr'><strong>vitio</strong></span> <span class='ocrx_word' id='word_1_591' title='bbox 219 2079 356 2112; x_wconf 88' lang='lat' dir='ltr'><strong>laborant,</strong></span> <span class='ocrx_word' id='word_1_592' title='bbox 371 2078 489 2107; x_wconf 77' lang='lat' dir='ltr'><strong>coniicit.</strong></span> <span class='ocrx_word' id='word_1_593' title='bbox 505 2077 562 2105; x_wconf 89' lang='lat' dir='ltr'><strong>Non</strong></span> <span class='ocrx_word' id='word_1_594' title='bbox 577 2077 649 2105; x_wconf 87' lang='lat' dir='ltr'><strong>enim</strong></span> <span class='ocrx_word' id='word_1_595' title='bbox 666 2077 710 2110; x_wconf 87' lang='lat' dir='ltr'><strong>iis,</strong></span> <span class='ocrx_word' id='word_1_596' title='bbox 730 2077 775 2112; x_wconf 92' lang='lat' dir='ltr'><strong>qui</strong></span> <span class='ocrx_word' id='word_1_597' title='bbox 789 2084 837 2104; x_wconf 91' lang='lat' dir='ltr'><strong>nos</strong></span> <span class='ocrx_word' id='word_1_598' title='bbox 850 2076 974 2104; x_wconf 87' lang='lat' dir='ltr'><strong>laudibus</strong></span> <span class='ocrx_word' id='word_1_599' title='bbox 987 2078 1066 2112; x_wconf 89' lang='lat' dir='ltr'><strong>primi</strong></span> <span class='ocrx_word' id='word_1_600' title='bbox 1097 2077 1261 2112; x_wconf 80' lang='lat' dir='ltr'><strong>extulerunt,</strong></span> <span class='ocrx_word' id='word_1_601' title='bbox 1296 2078 1358 2106; x_wconf 91' lang='lat' dir='ltr'><strong>mali</strong></span> <span class='ocrx_word' id='word_1_602' title='bbox 1391 2077 1537 2112; x_wconf 87' lang='lat' dir='ltr'><strong>quidquam</strong></span> <span class='ocrx_word' id='word_1_603' title='bbox 1569 2077 1752 2112; x_wconf 85' lang='lat' dir='ltr'><strong>imprecabor.</strong></span> 
     </span>
    </p>
   </div>
   <div class='ocr_carea' id='block_1_80' title="bbox 129 2119 1756 2164">
    <p class='ocr_par' dir='ltr' id='par_1_80' title="bbox 129 2119 1756 2164">
     <span class='ocr_line' id='line_1_80' title="bbox 129 2119 1756 2164; baseline -0.004 -8"><span class='ocrx_word' id='word_1_604' title='bbox 129 2119 221 2164; x_wconf 67' lang='lat' dir='ltr'><strong>Neque</strong></span> <span class='ocrx_word' id='word_1_605' title='bbox 239 2128 327 2160; x_wconf 90' lang='lat' dir='ltr'><strong>enim,</strong></span> <span class='ocrx_word' id='word_1_606' title='bbox 340 2127 402 2163; x_wconf 90' lang='lat' dir='ltr'><strong>quis</strong></span> <span class='ocrx_word' id='word_1_607' title='bbox 433 2126 540 2154; x_wconf 86' lang='lat' dir='ltr'><strong>laudum</strong></span> <span class='ocrx_word' id='word_1_608' title='bbox 562 2125 623 2152; x_wconf 85' lang='lat' dir='ltr'><strong>linis</strong></span> <span class='ocrx_word' id='word_1_609' title='bbox 643 2125 750 2152; x_wconf 80' lang='lat' dir='ltr'><strong>futurus</strong></span> <span class='ocrx_word' id='word_1_610' title='bbox 781 2129 863 2156; x_wconf 84' lang='lat' dir='ltr'><strong>esset,</strong></span> <span class='ocrx_word' id='word_1_611' title='bbox 881 2129 1051 2159; x_wconf 86' lang='lat' dir='ltr'><strong>perspectum</strong></span> <span class='ocrx_word' id='word_1_612' title='bbox 1077 2126 1222 2154; x_wconf 86' lang='lat' dir='ltr'><strong>habebant.</strong></span> <span class='ocrx_word' id='word_1_613' title='bbox 1261 2125 1329 2153; x_wconf 87' lang='lat' dir='ltr'><strong>Nam</strong></span> <span class='ocrx_word' id='word_1_614' title='bbox 1365 2124 1465 2160; x_wconf 85' lang='lat' dir='ltr'><strong>alioqui</strong></span> <span class='ocrx_word' id='word_1_615' title='bbox 1493 2123 1618 2152; x_wconf 89' lang='lat' dir='ltr'><strong>nonnihil</strong></span> <span class='ocrx_word' id='word_1_616' title='bbox 1648 2130 1756 2158; x_wconf 86' lang='lat' dir='ltr'><strong>quoque</strong></span> 
     </span>
    </p>
   </div>
   <div class='ocr_carea' id='block_1_81' title="bbox 131 2172 978 2208">
    <p class='ocr_par' dir='ltr' id='par_1_81' title="bbox 131 2172 978 2208">
     <span class='ocr_line' id='line_1_81' title="bbox 131 2172 978 2208; baseline -0.004 -5"><span class='ocrx_word' id='word_1_617' title='bbox 131 2175 330 2203; x_wconf 57' lang='lat' dir='ltr'><strong>maledicentia!</strong></span> <span class='ocrx_word' id='word_1_618' title='bbox 351 2173 555 2208; x_wconf 80' lang='lat' dir='ltr'><strong>adjunxissent,</strong></span> <span class='ocrx_word' id='word_1_619' title='bbox 583 2176 612 2199; x_wconf 87' lang='lat' dir='ltr'><strong>ut</strong></span> <span class='ocrx_word' id='word_1_620' title='bbox 638 2172 767 2199; x_wconf 90' lang='lat' dir='ltr'><strong>invidiam</strong></span> <span class='ocrx_word' id='word_1_621' title='bbox 787 2172 978 2206; x_wconf 78' lang='lat' dir='ltr'><strong>reprimet-ent.</strong></span> 
     </span>
    </p>
   </div>
   <div class='ocr_carea' id='block_1_82' title="bbox 163 2219 918 2257">
    <p class='ocr_par' dir='ltr' id='par_1_82' title="bbox 163 2219 918 2257">
     <span class='ocr_line' id='line_1_82' title="bbox 163 2219 918 2257; baseline -0.003 -9"><span class='ocrx_word' id='word_1_622' title='bbox 163 2221 200 2248; x_wconf 78' lang='lat' dir='ltr'><strong>E’.</strong></span> <span class='ocrx_word' id='word_1_623' title='bbox 220 2219 320 2253; x_wconf 70' lang='grc' dir='ltr'>Οὗτος.</span> <span class='ocrx_word' id='word_1_624' title='bbox 335 2221 382 2247; x_wconf 77' lang='grc' dir='ltr'>καὶ</span> <span class='ocrx_word' id='word_1_625' title='bbox 405 2220 449 2247; x_wconf 85' lang='grc' dir='ltr'>τδν</span> <span class='ocrx_word' id='word_1_626' title='bbox 468 2221 621 2257; x_wconf 77' lang='grc' dir='ltr'>Ἑωσφόρον</span> <span class='ocrx_word' id='word_1_627' title='bbox 635 2220 768 2252; x_wconf 80' lang='grc' dir='ltr'>ὲσκότισε,</span> <span class='ocrx_word' id='word_1_628' title='bbox 796 2228 918 2246; x_wconf 81' lang='grc' dir='ltr'>καταπε-</span> 
     </span>
    </p>
   </div>
   <div class='ocr_carea' id='block_1_83' title="bbox 130 2265 919 2302">
    <p class='ocr_par' dir='ltr' id='par_1_83' title="bbox 130 2265 919 2302">
     <span class='ocr_line' id='line_1_83' title="bbox 130 2265 919 2302; baseline -0.001 -9"><span class='ocrx_word' id='word_1_629' title='bbox 130 2267 209 2294; x_wconf 82' lang='grc' dir='ltr'>σόντα</span> <span class='ocrx_word' id='word_1_630' title='bbox 225 2268 260 2294; x_wconf 78' lang='grc' dir='ltr'><strong>δι’</strong></span> <span class='ocrx_word' id='word_1_631' title='bbox 276 2267 394 2302; x_wconf 70' lang='grc' dir='ltr'>ἔπαρσιν</span> <span class='ocrx_word' id='word_1_632' title='bbox 407 2275 413 2282; x_wconf 90' lang='grc'>·</span> <span class='ocrx_word' id='word_1_633' title='bbox 429 2267 459 2293; x_wconf 85' lang='grc' dir='ltr'>οὑ</span> <span class='ocrx_word' id='word_1_634' title='bbox 477 2267 531 2302; x_wconf 80' lang='grc' dir='ltr'><strong>γὰρ</strong></span> <span class='ocrx_word' id='word_1_635' title='bbox 545 2268 655 2302; x_wconf 75' lang='grc' dir='ltr'>ἤνεγκε,</span> <span class='ocrx_word' id='word_1_636' title='bbox 666 2267 736 2298; x_wconf 84' lang='grc' dir='ltr'>θεῖος</span> <span class='ocrx_word' id='word_1_637' title='bbox 755 2265 803 2297; x_wconf 85' lang='grc' dir='ltr'>ὢν,</span> <span class='ocrx_word' id='word_1_638' title='bbox 819 2267 856 2301; x_wconf 86' lang='grc' dir='ltr'>μὴ</span> <span class='ocrx_word' id='word_1_639' title='bbox 871 2265 919 2293; x_wconf 79' lang='grc' dir='ltr'>καὶ</span> 
     </span>
    </p>
   </div>
   <div class='ocr_carea' id='block_1_84' title="bbox 129 2311 920 2349">
    <p class='ocr_par' dir='ltr' id='par_1_84' title="bbox 129 2311 920 2349">
     <span class='ocr_line' id='line_1_84' title="bbox 129 2311 920 2349; baseline -0.004 -9"><span class='ocrx_word' id='word_1_640' title='bbox 129 2312 188 2345; x_wconf 80' lang='grc' dir='ltr'>θεὸς</span> <span class='ocrx_word' id='word_1_641' title='bbox 205 2313 386 2349; x_wconf 75' lang='grc' dir='ltr'>νομισθῆναι·</span> <span class='ocrx_word' id='word_1_642' title='bbox 409 2313 520 2342; x_wconf 82' lang='grc' dir='ltr'>καὶ.τὺν</span> <span class='ocrx_word' id='word_1_643' title='bbox 538 2312 623 2348; x_wconf 80' lang='grc' dir='ltr'>Ἀδὰμ</span> <span class='ocrx_word' id='word_1_644' title='bbox 642 2311 753 2344; x_wconf 74' lang='grc' dir='ltr'>ἐξέϐαλε</span> <span class='ocrx_word' id='word_1_645' title='bbox 767 2311 815 2338; x_wconf 81' lang='grc' dir='ltr'><strong>τοῦ</strong></span> <span class='ocrx_word' id='word_1_646' title='bbox 830 2320 920 2346; x_wconf 82' lang='grc' dir='ltr'>παρα-</span> 
     </span>
    </p>
   </div>
   <div class='ocr_carea' id='block_1_85' title="bbox 128 2358 917 2394">
    <p class='ocr_par' dir='ltr' id='par_1_85' title="bbox 128 2358 917 2394">
     <span class='ocr_line' id='line_1_85' title="bbox 128 2358 917 2394; baseline -0.001 -9"><span class='ocrx_word' id='word_1_647' title='bbox 128 2358 227 2390; x_wconf 79' lang='grc' dir='ltr'>δείσου,</span> <span class='ocrx_word' id='word_1_648' title='bbox 247 2359 282 2385; x_wconf 81' lang='grc' dir='ltr'>δι’</span> <span class='ocrx_word' id='word_1_649' title='bbox 306 2359 403 2394; x_wconf 80' lang='grc' dir='ltr'>ἡδονῆς</span> <span class='ocrx_word' id='word_1_650' title='bbox 423 2358 525 2393; x_wconf 81' lang='grc' dir='ltr'>κλέψας</span> <span class='ocrx_word' id='word_1_651' title='bbox 550 2358 598 2384; x_wconf 76' lang='grc' dir='ltr'>καὶ</span> <span class='ocrx_word' id='word_1_652' title='bbox 622 2358 761 2392; x_wconf 84' lang='grc' dir='ltr'>γυναικός.</span> <span class='ocrx_word' id='word_1_653' title='bbox 788 2358 917 2393; x_wconf 81' lang='grc' dir='ltr'>Ἐπείσθη</span> 
     </span>
    </p>
   </div>
   <div class='ocr_carea' id='block_1_86' title="bbox 129 2404 920 2442">
    <p class='ocr_par' dir='ltr' id='par_1_86' title="bbox 129 2404 920 2442">
     <span class='ocr_line' id='line_1_86' title="bbox 129 2404 920 2442; baseline 0 -10"><span class='ocrx_word' id='word_1_654' title='bbox 129 2405 191 2442; x_wconf 83' lang='grc' dir='ltr'>γὰρ,</span> <span class='ocrx_word' id='word_1_655' title='bbox 211 2406 251 2438; x_wconf 87' lang='grc' dir='ltr'>ὼς</span> <span class='ocrx_word' id='word_1_656' title='bbox 276 2406 339 2438; x_wconf 81' lang='grc' dir='ltr'>θεὸς</span> <span class='ocrx_word' id='word_1_657' title='bbox 357 2404 426 2433; x_wconf 79' lang='grc' dir='ltr'>εἶναι</span> <span class='ocrx_word' id='word_1_658' title='bbox 449 2406 635 2441; x_wconf 80' lang='grc' dir='ltr'>βασκαίνεται,</span> <span class='ocrx_word' id='word_1_659' title='bbox 651 2405 698 2433; x_wconf 79' lang='grc' dir='ltr'>τοῦ</span> <span class='ocrx_word' id='word_1_660' title='bbox 719 2406 768 2442; x_wconf 84' lang='grc' dir='ltr'>τῆς</span> <span class='ocrx_word' id='word_1_661' title='bbox 793 2406 920 2440; x_wconf 86' lang='grc' dir='ltr'>γνώσεως</span> 
     </span>
    </p>
   </div>
   <div class='ocr_carea' id='block_1_87' title="bbox 130 2449 918 2488">
    <p class='ocr_par' dir='ltr' id='par_1_87' title="bbox 130 2449 918 2488">
     <span class='ocr_line' id='line_1_87' title="bbox 130 2449 918 2488; baseline 0.001 -10"><span class='ocrx_word' id='word_1_662' title='bbox 130 2451 206 2484; x_wconf 85' lang='grc' dir='ltr'>ξύλου</span> <span class='ocrx_word' id='word_1_663' title='bbox 231 2453 304 2485; x_wconf 80' lang='grc' dir='ltr'>τέως</span> <span class='ocrx_word' id='word_1_664' title='bbox 328 2453 495 2488; x_wconf 84' lang='grc' dir='ltr'>εἰργόμενος.</span> <span class='ocrx_word' id='word_1_665' title='bbox 519 2449 601 2484; x_wconf 78' lang='grc' dir='ltr'>Οὗτος</span> <span class='ocrx_word' id='word_1_666' title='bbox 622 2452 669 2480; x_wconf 79' lang='grc' dir='ltr'>καὶ</span> <span class='ocrx_word' id='word_1_667' title='bbox 687 2452 733 2480; x_wconf 81' lang='grc' dir='ltr'>τὸν</span> <span class='ocrx_word' id='word_1_668' title='bbox 754 2453 824 2479; x_wconf 82' lang='grc' dir='ltr'>Κάῖν</span> <span class='ocrx_word' id='word_1_669' title='bbox 841 2452 918 2480; x_wconf 85' lang='grc' dir='ltr'>ἀδελ-</span> 
     </span>
    </p>
   </div>
   <div class='ocr_carea' id='block_1_88' title="bbox 164 2498 632 2532">
    <p class='ocr_par' dir='ltr' id='par_1_88' title="bbox 164 2498 632 2532">
     <span class='ocr_line' id='line_1_88' title="bbox 164 2498 632 2532; baseline -0.002 -5"><span class='ocrx_word' id='word_1_670' title='bbox 164 2498 172 2515; x_wconf 87' lang='grc'>¹</span> <span class='ocrx_word' id='word_1_671' title='bbox 188 2500 256 2527; x_wconf 84' lang='lat' dir='ltr'><strong>Dan.</strong></span> <span class='ocrx_word' id='word_1_672' title='bbox 273 2507 334 2528; x_wconf 82' lang='lat' dir='ltr'><strong>xm.</strong></span> <span class='ocrx_word' id='word_1_673' title='bbox 349 2499 376 2526; x_wconf 82' lang='lat'><strong>5.</strong></span> <span class='ocrx_word' id='word_1_674' title='bbox 414 2501 424 2516; x_wconf 86' lang='lat'><strong><em>‘</em></strong></span> <span class='ocrx_word' id='word_1_675' title='bbox 438 2500 521 2527; x_wconf 81' lang='lat' dir='ltr'><strong>Exod.</strong></span> <span class='ocrx_word' id='word_1_676' title='bbox 534 2499 632 2532; x_wconf 65' lang='lat'><strong>“,25.</strong></span> 
     </span>
    </p>
   </div>
   <div class='ocr_carea' id='block_1_89' title="bbox 170 2546 829 2581">
    <p class='ocr_par' dir='ltr' id='par_1_89' title="bbox 170 2546 829 2581">
     <span class='ocr_line' id='line_1_89' title="bbox 170 2546 829 2581; baseline -0.002 -7"><span class='ocrx_word' id='word_1_677' title='bbox 170 2546 226 2581; x_wconf 83' lang='lat'><strong>(70)</strong></span> <span class='ocrx_word' id='word_1_678' title='bbox 252 2548 331 2574; x_wconf 77' lang='grc' dir='ltr'><strong>Ἀλλ’</strong></span> <span class='ocrx_word' id='word_1_679' title='bbox 342 2547 403 2574; x_wconf 79' lang='grc' dir='ltr'><strong>ἵνα.</strong></span> <span class='ocrx_word' id='word_1_680' title='bbox 421 2546 466 2574; x_wconf 90' lang='lat' dir='ltr'><strong>Sic</strong></span> <span class='ocrx_word' id='word_1_681' title='bbox 476 2548 553 2575; x_wconf 88' lang='lat' dir='ltr'><strong>codd.</strong></span> <span class='ocrx_word' id='word_1_682' title='bbox 566 2547 645 2575; x_wconf 85' lang='lat' dir='ltr'><strong>Deest</strong></span> <span class='ocrx_word' id='word_1_683' title='bbox 661 2546 728 2573; x_wconf 87' lang='grc' dir='ltr'><strong>ἀλλά</strong></span> <span class='ocrx_word' id='word_1_684' title='bbox 745 2546 770 2573; x_wconf 92' lang='lat' dir='ltr'><strong>in</strong></span> <span class='ocrx_word' id='word_1_685' title='bbox 786 2546 829 2574; x_wconf 89' lang='lat' dir='ltr'><strong>ed.</strong></span> 
     </span>
    </p>
   </div>
   <div class='ocr_carea' id='block_1_90' title="bbox 164 2581 778 2617">
    <p class='ocr_par' dir='ltr' id='par_1_90' title="bbox 164 2581 778 2617">
     <span class='ocr_line' id='line_1_90' title="bbox 164 2581 778 2617; baseline -0.002 -8"><span class='ocrx_word' id='word_1_686' title='bbox 164 2582 220 2614; x_wconf 72' lang='grc' dir='ltr'><strong>(Ἠ)</strong></span> <span class='ocrx_word' id='word_1_687' title='bbox 247 2583 447 2616; x_wconf 75' lang='grc' dir='ltr'><strong>Ἐπαμύνητε.</strong></span> <span class='ocrx_word' id='word_1_688' title='bbox 458 2582 540 2609; x_wconf 88' lang='lat' dir='ltr'><strong>Coisl.</strong></span> <span class='ocrx_word' id='word_1_689' title='bbox 558 2583 583 2614; x_wconf 84' lang='grc' dir='ltr'>Ι,</span> <span class='ocrx_word' id='word_1_690' title='bbox 595 2581 778 2617; x_wconf 76' lang='grc' dir='ltr'>ὲπαμύνηται.</span> 
     </span>
    </p>
   </div>
   <div class='ocr_carea' id='block_1_91' title="bbox 164 2616 919 2676">
    <p class='ocr_par' dir='ltr' id='par_1_91' title="bbox 164 2616 919 2676">
     <span class='ocr_line' id='line_1_91' title="bbox 164 2616 919 2676; baseline -0.004 -31"><span class='ocrx_word' id='word_1_691' title='bbox 164 2617 509 2676; x_wconf 50' lang='grc' dir='ltr'><strong>ίῗὲὶυξξευγενὶσαμεν.</strong></span> <span class='ocrx_word' id='word_1_692' title='bbox 523 2617 590 2644; x_wconf 83' lang='lat' dir='ltr'><strong>Tres</strong></span> <span class='ocrx_word' id='word_1_693' title='bbox 604 2616 680 2644; x_wconf 72' lang='lat' dir='ltr'><strong>Coll).</strong></span> <span class='ocrx_word' id='word_1_694' title='bbox 695 2621 722 2644; x_wconf 89' lang='lat' dir='ltr'><strong>et</strong></span> <span class='ocrx_word' id='word_1_695' title='bbox 732 2616 826 2644; x_wconf 88' lang='lat' dir='ltr'><strong>Comb.</strong></span> <span class='ocrx_word' id='word_1_696' title='bbox 841 2616 919 2651; x_wconf 76' lang='grc' dir='ltr'>ἐξηυ-</span> 
     </span>
    </p>
   </div>
   <div class='ocr_carea' id='block_1_92' title="bbox 148 2661 287 2679">
    <p class='ocr_par' dir='ltr' id='par_1_92' title="bbox 148 2661 287 2679">
     <span class='ocr_line' id='line_1_92' title="bbox 148 2661 287 2679; baseline 0 0"><span class='ocrx_word' id='word_1_697' title='bbox 148 2661 287 2679; x_wconf 69' lang='grc' dir='ltr'>ενισαιιεν.</span> 
     </span>
    </p>
   </div>
   <div class='ocr_carea' id='block_1_93' title="bbox 130 2661 920 2722">
    <p class='ocr_par' dir='ltr' id='par_1_93' title="bbox 130 2661 920 2722">
     <span class='ocr_line' id='line_1_93' title="bbox 130 2661 287 2688; baseline 0 -9"><span class='ocrx_word' id='word_1_698' title='bbox 130 2661 287 2688; x_wconf 83' lang='grc' dir='ltr'>γενισαμεν.</span> 
     </span>
     <span class='ocr_line' id='line_1_94' title="bbox 164 2685 920 2722; baseline -0.003 -7"><span class='ocrx_word' id='word_1_699' title='bbox 164 2687 278 2722; x_wconf 76' lang='lat' dir='ltr'><strong>(75)-Tl</strong></span> <span class='ocrx_word' id='word_1_700' title='bbox 302 2687 357 2721; x_wconf 82' lang='grc' dir='ltr'>γὰρ</span> <span class='ocrx_word' id='word_1_701' title='bbox 375 2687 411 2714; x_wconf 88' lang='grc' dir='ltr'>οὐ</span> <span class='ocrx_word' id='word_1_702' title='bbox 434 2686 492 2722; x_wconf 80' lang='grc' dir='ltr'><strong>τὴν</strong></span> <span class='ocrx_word' id='word_1_703' title='bbox 514 2686 629 2722; x_wconf 74' lang='grc' dir='ltr'>κωφὴν,</span> <span class='ocrx_word' id='word_1_704' title='bbox 652 2691 705 2722; x_wconf 84' lang='lat' dir='ltr'><strong>etc.</strong></span> <span class='ocrx_word' id='word_1_705' title='bbox 724 2695 734 2712; x_wconf 72' lang='grc' dir='ltr'>α</span> <span class='ocrx_word' id='word_1_706' title='bbox 756 2685 920 2722; x_wconf 77' lang='lat' dir='ltr'><strong>Qbscurissi-</strong></span> 
     </span>
    </p>
   </div>
   <div class='ocr_carea' id='block_1_94' title="bbox 130 2721 917 2757">
    <p class='ocr_par' dir='ltr' id='par_1_94' title="bbox 130 2721 917 2757">
     <span class='ocr_line' id='line_1_95' title="bbox 130 2721 917 2757; baseline -0.003 -8"><span class='ocrx_word' id='word_1_707' title='bbox 130 2721 184 2754; x_wconf 82' lang='lat' dir='ltr'><strong>ma,</strong></span> <span class='ocrx_word' id='word_1_708' title='bbox 212 2723 303 2757; x_wconf 80' lang='lat' dir='ltr'><strong>inquit</strong></span> <span class='ocrx_word' id='word_1_709' title='bbox 320 2721 428 2753; x_wconf 58' lang='lat' dir='ltr'><strong>Billius.</strong></span> <span class='ocrx_word' id='word_1_710' title='bbox 449 2726 491 2749; x_wconf 84' lang='lat' dir='ltr'><strong>est</strong></span> <span class='ocrx_word' id='word_1_711' title='bbox 510 2723 567 2750; x_wconf 63' lang='lat' dir='ltr'><strong>hac</strong></span> <span class='ocrx_word' id='word_1_712' title='bbox 599 2721 735 2754; x_wconf 81' lang='lat' dir='ltr'><strong>periodus.</strong></span> <span class='ocrx_word' id='word_1_713' title='bbox 759 2721 842 2756; x_wconf 88' lang='lat' dir='ltr'><strong>Hujus</strong></span> <span class='ocrx_word' id='word_1_714' title='bbox 875 2726 917 2757; x_wconf 73' lang='lat' dir='ltr'><strong>ta-</strong></span> 
     </span>
    </p>
   </div>
   <div class='ocr_carea' id='block_1_95' title="bbox 131 2756 919 2790">
    <p class='ocr_par' dir='ltr' id='par_1_95' title="bbox 131 2756 919 2790">
     <span class='ocr_line' id='line_1_96' title="bbox 131 2756 919 2790; baseline -0.003 -6"><span class='ocrx_word' id='word_1_715' title='bbox 131 2765 190 2784; x_wconf 87' lang='lat' dir='ltr'><strong>men</strong></span> <span class='ocrx_word' id='word_1_716' title='bbox 204 2764 328 2788; x_wconf 83' lang='lat' dir='ltr'><strong>sensum,</strong></span> <span class='ocrx_word' id='word_1_717' title='bbox 341 2757 391 2784; x_wconf 84' lang='lat' dir='ltr'><strong>nisi</strong></span> <span class='ocrx_word' id='word_1_718' title='bbox 404 2764 452 2784; x_wconf 90' lang='lat' dir='ltr'><strong>nos</strong></span> <span class='ocrx_word' id='word_1_719' title='bbox 465 2758 556 2790; x_wconf 87' lang='lat' dir='ltr'><strong>opinio</strong></span> <span class='ocrx_word' id='word_1_720' title='bbox 570 2757 649 2789; x_wconf 77' lang='lat' dir='ltr'><strong>fallit,</strong></span> <span class='ocrx_word' id='word_1_721' title='bbox 661 2757 851 2790; x_wconf 84' lang='lat' dir='ltr'><strong>expressimus.</strong></span> <span class='ocrx_word' id='word_1_722' title='bbox 868 2756 919 2783; x_wconf 91' lang='lat' dir='ltr'><strong>0b-</strong></span> 
     </span>
    </p>
   </div>
   <div class='ocr_carea' id='block_1_96' title="bbox 130 2791 916 2826">
    <p class='ocr_par' dir='ltr' id='par_1_96' title="bbox 130 2791 916 2826">
     <span class='ocr_line' id='line_1_97' title="bbox 130 2791 916 2826; baseline -0.004 -7"><span class='ocrx_word' id='word_1_723' title='bbox 130 2792 181 2819; x_wconf 85' lang='lat' dir='ltr'><strong>iter</strong></span> <span class='ocrx_word' id='word_1_724' title='bbox 198 2793 244 2819; x_wconf 84' lang='lat' dir='ltr'><strong>hic</strong></span> <span class='ocrx_word' id='word_1_725' title='bbox 262 2799 312 2819; x_wconf 86' lang='lat' dir='ltr'><strong>eos</strong></span> <span class='ocrx_word' id='word_1_726' title='bbox 331 2796 405 2818; x_wconf 88' lang='lat' dir='ltr'><strong>notat</strong></span> <span class='ocrx_word' id='word_1_727' title='bbox 421 2791 575 2826; x_wconf 74' lang='lat' dir='ltr'><strong>Gregorius,</strong></span> <span class='ocrx_word' id='word_1_728' title='bbox 593 2792 650 2826; x_wconf 79' lang='lat' dir='ltr'><strong>qui.</strong></span> <span class='ocrx_word' id='word_1_729' title='bbox 667 2792 709 2819; x_wconf 82' lang='lat' dir='ltr'><strong>vel</strong></span> <span class='ocrx_word' id='word_1_730' title='bbox 727 2791 840 2818; x_wconf 67' lang='lat' dir='ltr'><strong>inscitiae</strong></span> <span class='ocrx_word' id='word_1_731' title='bbox 861 2798 916 2817; x_wconf 70' lang='lat' dir='ltr'><strong>sua:</strong></span> 
     </span>
    </p>
   </div>
   <div class='ocr_carea' id='block_1_97' title="bbox 130 2826 916 2860">
    <p class='ocr_par' dir='ltr' id='par_1_97' title="bbox 130 2826 916 2860">
     <span class='ocr_line' id='line_1_98' title="bbox 130 2826 916 2860; baseline -0.004 -5"><span class='ocrx_word' id='word_1_732' title='bbox 130 2827 309 2859; x_wconf 74' lang='lat' dir='ltr'><strong>conscientia,</strong></span> <span class='ocrx_word' id='word_1_733' title='bbox 327 2827 368 2854; x_wconf 90' lang='lat' dir='ltr'><strong>vel</strong></span> <span class='ocrx_word' id='word_1_734' title='bbox 384 2826 490 2854; x_wconf 82' lang='lat' dir='ltr'><strong>invidiae</strong></span> <span class='ocrx_word' id='word_1_735' title='bbox 508 2833 591 2859; x_wconf 91' lang='lat' dir='ltr'><strong>metu,</strong></span> <span class='ocrx_word' id='word_1_736' title='bbox 615 2827 648 2854; x_wconf 87' lang='lat' dir='ltr'><strong>ab</strong></span> <span class='ocrx_word' id='word_1_737' title='bbox 667 2827 740 2853; x_wconf 88' lang='lat' dir='ltr'><strong>omni</strong></span> <span class='ocrx_word' id='word_1_738' title='bbox 759 2826 916 2860; x_wconf 88' lang='lat' dir='ltr'><strong>disputatio-</strong></span> 
     </span>
    </p>
   </div>
   <div class='ocr_carea' id='block_1_98' title="bbox 131 2860 915 2897">
    <p class='ocr_par' dir='ltr' id='par_1_98' title="bbox 131 2860 915 2897">
     <span class='ocr_line' id='line_1_99' title="bbox 131 2860 915 2897; baseline -0.003 -9"><span class='ocrx_word' id='word_1_739' title='bbox 131 2869 194 2897; x_wconf 69' lang='lat' dir='ltr'><strong>num</strong></span> <span class='ocrx_word' id='word_1_740' title='bbox 220 2863 397 2889; x_wconf 87' lang='lat' dir='ltr'><strong>contentione</strong></span> <span class='ocrx_word' id='word_1_741' title='bbox 425 2860 602 2897; x_wconf 77' lang='lat' dir='ltr'><strong>refugiebant.</strong></span> <span class='ocrx_word' id='word_1_742' title='bbox 627 2869 658 2888; x_wconf 89' lang='lat' dir='ltr'><strong>ac</strong></span> <span class='ocrx_word' id='word_1_743' title='bbox 671 2861 748 2897; x_wconf 84' lang='lat' dir='ltr'><strong>lupos</strong></span> <span class='ocrx_word' id='word_1_744' title='bbox 763 2861 870 2894; x_wconf 85' lang='lat' dir='ltr'><strong>impune</strong></span> <span class='ocrx_word' id='word_1_745' title='bbox 889 2861 915 2887; x_wconf 92' lang='lat' dir='ltr'><strong>in</strong></span> 
     </span>
    </p>
   </div>
   <div class='ocr_carea' id='block_1_99' title="bbox 131 2895 917 2932">
    <p class='ocr_par' dir='ltr' id='par_1_99' title="bbox 131 2895 917 2932">
     <span class='ocr_line' id='line_1_100' title="bbox 131 2895 917 2932; baseline -0.001 -8"><span class='ocrx_word' id='word_1_746' title='bbox 131 2895 238 2925; x_wconf 85' lang='lat' dir='ltr'><strong>Domini</strong></span> <span class='ocrx_word' id='word_1_747' title='bbox 255 2903 365 2931; x_wconf 74' lang='lat' dir='ltr'><strong>gregem</strong></span> <span class='ocrx_word' id='word_1_748' title='bbox 385 2895 512 2932; x_wconf 80' lang='lat' dir='ltr'><strong>impetum</strong></span> <span class='ocrx_word' id='word_1_749' title='bbox 535 2897 623 2924; x_wconf 80' lang='lat' dir='ltr'><strong>facere</strong></span> <span class='ocrx_word' id='word_1_750' title='bbox 638 2896 816 2931; x_wconf 86' lang='lat' dir='ltr'><strong>patiebantur,</strong></span> <span class='ocrx_word' id='word_1_751' title='bbox 837 2899 917 2930; x_wconf 88' lang='lat' dir='ltr'><strong>atque</strong></span> 
     </span>
    </p>
   </div>
   <div class='ocr_carea' id='block_1_100' title="bbox 1009 2219 1757 2255">
    <p class='ocr_par' dir='ltr' id='par_1_100' title="bbox 1009 2219 1757 2255">
     <span class='ocr_line' id='line_1_101' title="bbox 1009 2219 1757 2255; baseline -0.003 -7"><span class='ocrx_word' id='word_1_752' title='bbox 1009 2221 1041 2249; x_wconf 87' lang='lat' dir='ltr'><strong>V.</strong></span> <span class='ocrx_word' id='word_1_753' title='bbox 1068 2221 1151 2255; x_wconf 67' lang='lat' dir='ltr'><strong>Haec,</strong></span> <span class='ocrx_word' id='word_1_754' title='bbox 1178 2226 1206 2250; x_wconf 90' lang='lat' dir='ltr'><strong>et</strong></span> <span class='ocrx_word' id='word_1_755' title='bbox 1222 2222 1375 2250; x_wconf 81' lang='lat' dir='ltr'><strong>Luciferum</strong></span> <span class='ocrx_word' id='word_1_756' title='bbox 1404 2221 1575 2253; x_wconf 87' lang='lat' dir='ltr'><strong>obscuravit,</strong></span> <span class='ocrx_word' id='word_1_757' title='bbox 1600 2219 1634 2248; x_wconf 92' lang='lat' dir='ltr'><strong>ob</strong></span> <span class='ocrx_word' id='word_1_758' title='bbox 1661 2219 1757 2247; x_wconf 87' lang='lat' dir='ltr'><strong>mentis</strong></span> 
     </span>
    </p>
   </div>
   <div class='ocr_carea' id='block_1_101' title="bbox 973 2267 1758 2305">
    <p class='ocr_par' dir='ltr' id='par_1_101' title="bbox 973 2267 1758 2305">
     <span class='ocr_line' id='line_1_102' title="bbox 973 2267 1758 2305; baseline -0.004 -9"><span class='ocrx_word' id='word_1_759' title='bbox 973 2269 1117 2297; x_wconf 83' lang='lat' dir='ltr'><strong>elationem</strong></span> <span class='ocrx_word' id='word_1_760' title='bbox 1132 2269 1307 2305; x_wconf 85' lang='lat' dir='ltr'><strong>prolapsum;</strong></span> <span class='ocrx_word' id='word_1_761' title='bbox 1334 2268 1472 2302; x_wconf 81' lang='lat' dir='ltr'><strong>indignum</strong></span> <span class='ocrx_word' id='word_1_762' title='bbox 1494 2268 1566 2295; x_wconf 88' lang='lat' dir='ltr'><strong>enim</strong></span> <span class='ocrx_word' id='word_1_763' title='bbox 1588 2273 1668 2302; x_wconf 89' lang='lat' dir='ltr'><strong>atque</strong></span> <span class='ocrx_word' id='word_1_764' title='bbox 1688 2267 1758 2294; x_wconf 83' lang='lat' dir='ltr'><strong>into-</strong></span> 
     </span>
    </p>
   </div>
   <div class='ocr_carea' id='block_1_102' title="bbox 973 2314 1756 2348">
    <p class='ocr_par' dir='ltr' id='par_1_102' title="bbox 973 2314 1756 2348">
     <span class='ocr_line' id='line_1_103' title="bbox 973 2314 1756 2348; baseline -0.005 -6"><span class='ocrx_word' id='word_1_765' title='bbox 973 2315 1113 2343; x_wconf 88' lang='lat' dir='ltr'><strong>lerandum</strong></span> <span class='ocrx_word' id='word_1_766' title='bbox 1139 2316 1264 2348; x_wconf 87' lang='lat' dir='ltr'><strong>ducebat,</strong></span> <span class='ocrx_word' id='word_1_767' title='bbox 1292 2323 1334 2348; x_wconf 88' lang='lat' dir='ltr'><strong>se,</strong></span> <span class='ocrx_word' id='word_1_768' title='bbox 1363 2322 1424 2342; x_wconf 91' lang='lat' dir='ltr'><strong>cum</strong></span> <span class='ocrx_word' id='word_1_769' title='bbox 1457 2314 1564 2341; x_wconf 85' lang='lat' dir='ltr'><strong>divinus</strong></span> <span class='ocrx_word' id='word_1_770' title='bbox 1592 2316 1673 2345; x_wconf 86' lang='lat' dir='ltr'><strong>esset,</strong></span> <span class='ocrx_word' id='word_1_771' title='bbox 1702 2320 1756 2339; x_wconf 90' lang='lat' dir='ltr'><strong>non</strong></span> 
     </span>
    </p>
   </div>
   <div class='ocr_carea' id='block_1_103' title="bbox 975 2360 1758 2396">
    <p class='ocr_par' dir='ltr' id='par_1_103' title="bbox 975 2360 1758 2396">
     <span class='ocr_line' id='line_1_104' title="bbox 975 2360 1758 2396; baseline -0.005 -8"><span class='ocrx_word' id='word_1_772' title='bbox 975 2361 1054 2388; x_wconf 89' lang='lat' dir='ltr'><strong>deum</strong></span> <span class='ocrx_word' id='word_1_773' title='bbox 1081 2368 1188 2396; x_wconf 84' lang='lat' dir='ltr'><strong>quoque</strong></span> <span class='ocrx_word' id='word_1_774' title='bbox 1214 2360 1380 2392; x_wconf 83' lang='lat' dir='ltr'><strong>existimari;</strong></span> <span class='ocrx_word' id='word_1_775' title='bbox 1407 2360 1538 2387; x_wconf 88' lang='lat' dir='ltr'><strong>Adamum</strong></span> <span class='ocrx_word' id='word_1_776' title='bbox 1569 2365 1687 2392; x_wconf 80' lang='lat' dir='ltr'><strong>quoque.</strong></span> <span class='ocrx_word' id='word_1_777' title='bbox 1710 2365 1758 2391; x_wconf 84' lang='lat' dir='ltr'><strong>per</strong></span> 
     </span>
    </p>
   </div>
   <div class='ocr_carea' id='block_1_104' title="bbox 973 2403 1755 2440">
    <p class='ocr_par' dir='ltr' id='par_1_104' title="bbox 973 2403 1755 2440">
     <span class='ocr_line' id='line_1_105' title="bbox 973 2403 1755 2440; baseline -0.003 -9"><span class='ocrx_word' id='word_1_778' title='bbox 973 2406 1136 2440; x_wconf 78' lang='lat' dir='ltr'><strong>voluptatem</strong></span> <span class='ocrx_word' id='word_1_779' title='bbox 1153 2411 1181 2433; x_wconf 86' lang='lat' dir='ltr'><strong>et</strong></span> <span class='ocrx_word' id='word_1_780' title='bbox 1192 2406 1334 2433; x_wconf 85' lang='lat' dir='ltr'><strong>mulierem</strong></span> <span class='ocrx_word' id='word_1_781' title='bbox 1353 2406 1578 2435; x_wconf 85' lang='lat' dir='ltr'><strong>circumventum.</strong></span> <span class='ocrx_word' id='word_1_782' title='bbox 1600 2412 1615 2432; x_wconf 88' lang='lat' dir='ltr'><strong>e</strong></span> <span class='ocrx_word' id='word_1_783' title='bbox 1629 2403 1755 2438; x_wconf 87' lang='lat' dir='ltr'><strong>paradiso</strong></span> 
     </span>
    </p>
   </div>
   <div class='ocr_carea' id='block_1_105' title="bbox 973 2450 1757 2488">
    <p class='ocr_par' dir='ltr' id='par_1_105' title="bbox 973 2450 1757 2488">
     <span class='ocr_line' id='line_1_106' title="bbox 973 2450 1757 2488; baseline -0.001 -9"><span class='ocrx_word' id='word_1_784' title='bbox 973 2453 1084 2487; x_wconf 83' lang='lat' dir='ltr'><strong>expulit.</strong></span> <span class='ocrx_word' id='word_1_785' title='bbox 1102 2453 1185 2488; x_wconf 72' lang='lat'><strong>638</strong></span> <span class='ocrx_word' id='word_1_786' title='bbox 1206 2453 1344 2480; x_wconf 87' lang='lat' dir='ltr'><strong>Adductus</strong></span> <span class='ocrx_word' id='word_1_787' title='bbox 1363 2456 1405 2480; x_wconf 86' lang='lat' dir='ltr'><strong>est</strong></span> <span class='ocrx_word' id='word_1_788' title='bbox 1426 2452 1509 2484; x_wconf 88' lang='lat' dir='ltr'><strong>cnim,</strong></span> <span class='ocrx_word' id='word_1_789' title='bbox 1524 2456 1552 2478; x_wconf 94' lang='lat' dir='ltr'><strong>ut</strong></span> <span class='ocrx_word' id='word_1_790' title='bbox 1563 2451 1690 2478; x_wconf 86' lang='lat' dir='ltr'><strong>deitatem</strong></span> <span class='ocrx_word' id='word_1_791' title='bbox 1704 2450 1757 2478; x_wconf 83' lang='lat' dir='ltr'><strong>sibi</strong></span> 
     </span>
    </p>
   </div>
   <div class='ocr_carea' id='block_1_106' title="bbox 971 2540 1757 2579">
    <p class='ocr_par' dir='ltr' id='par_1_106' title="bbox 971 2540 1757 2579">
     <span class='ocr_line' id='line_1_107' title="bbox 971 2540 1757 2579; baseline -0.008 -6"><span class='ocrx_word' id='word_1_792' title='bbox 971 2544 1052 2573; x_wconf 88' lang='lat' dir='ltr'><strong>etiam</strong></span> <span class='ocrx_word' id='word_1_793' title='bbox 1073 2543 1254 2579; x_wconf 86' lang='lat' dir='ltr'><strong>turpissimam</strong></span> <span class='ocrx_word' id='word_1_794' title='bbox 1269 2550 1343 2570; x_wconf 82' lang='lat' dir='ltr'><strong>suam</strong></span> <span class='ocrx_word' id='word_1_795' title='bbox 1361 2541 1495 2579; x_wconf 71' lang='lat' dir='ltr'><strong>ignaviam</strong></span> <span class='ocrx_word' id='word_1_796' title='bbox 1520 2540 1710 2579; x_wconf 69' lang='lat' dir='ltr'><strong>honestissimo</strong></span> <span class='ocrx_word' id='word_1_797' title='bbox 1725 2541 1757 2579; x_wconf 51' lang='lat' dir='ltr'><strong>li:</strong></span> 
     </span>
    </p>
   </div>
   <div class='ocr_carea' id='block_1_107' title="bbox 972 2576 1757 2615">
    <p class='ocr_par' dir='ltr' id='par_1_107' title="bbox 972 2576 1757 2615">
     <span class='ocr_line' id='line_1_108' title="bbox 972 2576 1757 2615; baseline -0.008 -8"><span class='ocrx_word' id='word_1_798' title='bbox 972 2580 1014 2607; x_wconf 87' lang='lat' dir='ltr'><strong>dei</strong></span> <span class='ocrx_word' id='word_1_799' title='bbox 1043 2576 1202 2615; x_wconf 69' lang='lat' dir='ltr'><strong>pietatisque</strong></span> <span class='ocrx_word' id='word_1_800' title='bbox 1226 2579 1334 2615; x_wconf 77' lang='lat' dir='ltr'><strong>nomine</strong></span> <span class='ocrx_word' id='word_1_801' title='bbox 1355 2576 1549 2615; x_wconf 77' lang='lat' dir='ltr'><strong>ohvelabant...</strong></span> <span class='ocrx_word' id='word_1_802' title='bbox 1567 2577 1642 2608; x_wconf 82' lang='lat' dir='ltr'><strong>Quod</strong></span> <span class='ocrx_word' id='word_1_803' title='bbox 1658 2576 1692 2615; x_wconf 85' lang='lat' dir='ltr'><strong>_si</strong></span> <span class='ocrx_word' id='word_1_804' title='bbox 1714 2577 1757 2604; x_wconf 80' lang='lat' dir='ltr'><strong>cui</strong></span> 
     </span>
    </p>
   </div>
   <div class='ocr_carea' id='block_1_108' title="bbox 971 2611 1756 2647">
    <p class='ocr_par' dir='ltr' id='par_1_108' title="bbox 971 2611 1756 2647">
     <span class='ocr_line' id='line_1_109' title="bbox 971 2611 1756 2647; baseline -0.008 -5"><span class='ocrx_word' id='word_1_805' title='bbox 971 2611 1070 2642; x_wconf 74' lang='lat' dir='ltr'><strong>mirum</strong></span> <span class='ocrx_word' id='word_1_806' title='bbox 1089 2611 1218 2644; x_wconf 79' lang='lat' dir='ltr'><strong>videatur.</strong></span> <span class='ocrx_word' id='word_1_807' title='bbox 1248 2613 1329 2647; x_wconf 87' lang='lat' dir='ltr'><strong>quod,</strong></span> <span class='ocrx_word' id='word_1_808' title='bbox 1360 2612 1481 2646; x_wconf 82' lang='grc' dir='ltr'>ἀλογίαν,</span> <span class='ocrx_word' id='word_1_809' title='bbox 1497 2619 1550 2638; x_wconf 86' lang='lat' dir='ltr'><strong>non</strong></span> <span class='ocrx_word' id='word_1_810' title='bbox 1573 2611 1756 2647; x_wconf 70' lang='lat' dir='ltr'><strong>temeritatem,</strong></span> 
     </span>
    </p>
   </div>
   <div class='ocr_carea' id='block_1_109' title="bbox 973 2646 1758 2680">
    <p class='ocr_par' dir='ltr' id='par_1_109' title="bbox 973 2646 1758 2680">
     <span class='ocr_line' id='line_1_110' title="bbox 973 2646 1758 2680; baseline -0.005 -3"><span class='ocrx_word' id='word_1_811' title='bbox 973 2650 1020 2677; x_wconf 86' lang='lat' dir='ltr'><strong>sed</strong></span> <span class='ocrx_word' id='word_1_812' title='bbox 1054 2649 1185 2676; x_wconf 78' lang='lat' dir='ltr'><strong>inscitiam</strong></span> <span class='ocrx_word' id='word_1_813' title='bbox 1225 2648 1370 2680; x_wconf 76' lang='lat' dir='ltr'><strong>verterint,</strong></span> <span class='ocrx_word' id='word_1_814' title='bbox 1404 2646 1494 2674; x_wconf 87' lang='lat' dir='ltr'><strong>mirari</strong></span> <span class='ocrx_word' id='word_1_815' title='bbox 1531 2646 1652 2680; x_wconf 85' lang='lat' dir='ltr'><strong>profecto</strong></span> <span class='ocrx_word' id='word_1_816' title='bbox 1686 2647 1758 2673; x_wconf 61' lang='lat' dir='ltr'><strong>ded--</strong></span> 
     </span>
    </p>
   </div>
   <div class='ocr_carea' id='block_1_110' title="bbox 974 2681 1758 2717">
    <p class='ocr_par' dir='ltr' id='par_1_110' title="bbox 974 2681 1758 2717">
     <span class='ocr_line' id='line_1_111' title="bbox 974 2681 1758 2717; baseline -0.004 -6"><span class='ocrx_word' id='word_1_817' title='bbox 974 2689 1031 2713; x_wconf 82' lang='lat' dir='ltr'><strong>net.</strong></span> <span class='ocrx_word' id='word_1_818' title='bbox 1047 2684 1070 2711; x_wconf 92' lang='lat' dir='ltr'><strong>si</strong></span> <span class='ocrx_word' id='word_1_819' title='bbox 1082 2684 1150 2711; x_wconf 87' lang='lat' dir='ltr'><strong>sciat</strong></span> <span class='ocrx_word' id='word_1_820' title='bbox 1165 2682 1322 2717; x_wconf 81' lang='lat' dir='ltr'><strong>Gregorium</strong></span> <span class='ocrx_word' id='word_1_821' title='bbox 1341 2682 1400 2709; x_wconf 88' lang='lat' dir='ltr'><strong>aliis</strong></span> <span class='ocrx_word' id='word_1_822' title='bbox 1412 2688 1519 2716; x_wconf 87' lang='lat' dir='ltr'><strong>quoque</strong></span> <span class='ocrx_word' id='word_1_823' title='bbox 1539 2681 1673 2717; x_wconf 85' lang='lat' dir='ltr'><strong>nonnullis</strong></span> <span class='ocrx_word' id='word_1_824' title='bbox 1691 2682 1758 2708; x_wconf 76' lang='lat' dir='ltr'><strong>locis</strong></span> 
     </span>
    </p>
   </div>
   <div class='ocr_carea' id='block_1_111' title="bbox 968 2716 1646 2753">
    <p class='ocr_par' dir='ltr' id='par_1_111' title="bbox 968 2716 1646 2753">
     <span class='ocr_line' id='line_1_112' title="bbox 968 2716 1646 2753; baseline -0.009 -6"><span class='ocrx_word' id='word_1_825' title='bbox 968 2720 1062 2747; x_wconf 81' lang='lat' dir='ltr'><strong>eadem</strong></span> <span class='ocrx_word' id='word_1_826' title='bbox 1080 2716 1357 2753; x_wconf 21' lang='lat' dir='ltr'><strong>signiticalioneihanc</strong></span> <span class='ocrx_word' id='word_1_827' title='bbox 1375 2716 1617 2753; x_wconf 64' lang='lat' dir='ltr'><strong>vocemcxtulisse.</strong></span> <span class='ocrx_word' id='word_1_828' title='bbox 1637 2725 1646 2753; x_wconf 52' lang='grc' dir='ltr'>η</span> 
     </span>
    </p>
   </div>
   <div class='ocr_carea' id='block_1_112' title="bbox 1005 2751 1758 2789">
    <p class='ocr_par' dir='ltr' id='par_1_112' title="bbox 1005 2751 1758 2789">
     <span class='ocr_line' id='line_1_113' title="bbox 1005 2751 1758 2789; baseline -0.003 -9"><span class='ocrx_word' id='word_1_829' title='bbox 1005 2754 1060 2789; x_wconf 67' lang='grc'><strong>(74)</strong></span> <span class='ocrx_word' id='word_1_830' title='bbox 1080 2751 1116 2780; x_wconf 76' lang='grc' dir='ltr'><em>Τῦ</em></span> <span class='ocrx_word' id='word_1_831' title='bbox 1142 2752 1185 2784; x_wconf 83' lang='grc' dir='ltr'><strong>δέ,</strong></span> <span class='ocrx_word' id='word_1_832' title='bbox 1204 2758 1257 2789; x_wconf 72' lang='lat' dir='ltr'><strong>etc.</strong></span> <span class='ocrx_word' id='word_1_833' title='bbox 1270 2751 1373 2789; x_wconf 84' lang='lat' dir='ltr'><strong>_Billius</strong></span> <span class='ocrx_word' id='word_1_834' title='bbox 1396 2761 1404 2780; x_wconf 74' lang='grc' dir='ltr'><strong>ι</strong></span> <span class='ocrx_word' id='word_1_835' title='bbox 1426 2761 1436 2777; x_wconf 76' lang='grc' dir='ltr'><strong>ι</strong></span> <span class='ocrx_word' id='word_1_836' title='bbox 1461 2751 1530 2784; x_wconf 83' lang='lat' dir='ltr'><strong>Hoc,</strong></span> <span class='ocrx_word' id='word_1_837' title='bbox 1551 2751 1614 2786; x_wconf 83' lang='lat' dir='ltr'><strong>quia</strong></span> <span class='ocrx_word' id='word_1_838' title='bbox 1634 2751 1758 2778; x_wconf 89' lang='lat' dir='ltr'><strong>dominos</strong></span> 
     </span>
    </p>
   </div>
   <div class='ocr_carea' id='block_1_113' title="bbox 969 2787 1325 2818">
    <p class='ocr_par' dir='ltr' id='par_1_113' title="bbox 969 2787 1325 2818">
     <span class='ocr_line' id='line_1_114' title="bbox 969 2787 1325 2818; baseline -0.014 0"><span class='ocrx_word' id='word_1_839' title='bbox 969 2787 1033 2818; x_wconf 76' lang='lat' dir='ltr'><strong>sues</strong></span> <span class='ocrx_word' id='word_1_840' title='bbox 1049 2787 1126 2816; x_wconf 80' lang='lat' dir='ltr'><strong>exest</strong></span> <span class='ocrx_word' id='word_1_841' title='bbox 1136 2793 1164 2814; x_wconf 86' lang='lat' dir='ltr'><strong>et</strong></span> <span class='ocrx_word' id='word_1_842' title='bbox 1180 2787 1299 2815; x_wconf 84' lang='lat' dir='ltr'><strong>conﬁcit.</strong></span> <span class='ocrx_word' id='word_1_843' title='bbox 1316 2797 1325 2814; x_wconf 76' lang='grc' dir='ltr'>ι</span> 
     </span>
    </p>
   </div>
   <div class='ocr_carea' id='block_1_114' title="bbox 1005 2819 1757 2858">
    <p class='ocr_par' dir='ltr' id='par_1_114' title="bbox 1005 2819 1757 2858">
     <span class='ocr_line' id='line_1_115' title="bbox 1005 2819 1757 2858; baseline -0.005 -7"><span class='ocrx_word' id='word_1_844' title='bbox 1005 2824 1061 2858; x_wconf 78' lang='lat'><strong>(75)</strong></span> <span class='ocrx_word' id='word_1_845' title='bbox 1079 2821 1212 2857; x_wconf 80' lang='grc' dir='ltr'>Πρώτως.</span> <span class='ocrx_word' id='word_1_846' title='bbox 1227 2821 1302 2858; x_wconf 74' lang='lat' dir='ltr'><strong>Unus</strong></span> <span class='ocrx_word' id='word_1_847' title='bbox 1319 2820 1538 2858; x_wconf 23' lang='grc' dir='ltr'>Βεεηνπρώτοις.</span> <span class='ocrx_word' id='word_1_848' title='bbox 1555 2820 1619 2848; x_wconf 68' lang='lat' dir='ltr'><strong>Haec</strong></span> <span class='ocrx_word' id='word_1_849' title='bbox 1629 2819 1661 2847; x_wconf 88' lang='lat' dir='ltr'><strong>de</strong></span> <span class='ocrx_word' id='word_1_850' title='bbox 1672 2827 1726 2858; x_wconf 80' lang='lat' dir='ltr'><strong>uno</strong></span> <span class='ocrx_word' id='word_1_851' title='bbox 1736 2828 1757 2858; x_wconf 78' lang='lat' dir='ltr'><strong>_e</strong></span> 
     </span>
    </p>
   </div>
   <div class='ocr_carea' id='block_1_115' title="bbox 969 2855 1757 2894">
    <p class='ocr_par' dir='ltr' id='par_1_115' title="bbox 969 2855 1757 2894">
     <span class='ocr_line' id='line_1_116' title="bbox 969 2855 1757 2894; baseline -0.005 -8"><span class='ocrx_word' id='word_1_852' title='bbox 969 2855 1146 2894; x_wconf 66' lang='lat' dir='ltr'><strong>presbyteris,</strong></span> <span class='ocrx_word' id='word_1_853' title='bbox 1165 2858 1209 2893; x_wconf 86' lang='lat' dir='ltr'><strong>qui</strong></span> <span class='ocrx_word' id='word_1_854' title='bbox 1234 2857 1267 2884; x_wconf 89' lang='lat' dir='ltr'><strong>ab</strong></span> <span class='ocrx_word' id='word_1_855' title='bbox 1288 2858 1344 2893; x_wconf 86' lang='lat' dir='ltr'><strong>ipso</strong></span> <span class='ocrx_word' id='word_1_856' title='bbox 1360 2855 1523 2890; x_wconf 78' lang='lat' dir='ltr'><strong>defecerant,</strong></span> <span class='ocrx_word' id='word_1_857' title='bbox 1545 2860 1657 2892; x_wconf 84' lang='lat' dir='ltr'><strong>possunt</strong></span> <span class='ocrx_word' id='word_1_858' title='bbox 1677 2855 1757 2884; x_wconf 90' lang='lat' dir='ltr'><strong>intel-</strong></span> 
     </span>
    </p>
   </div>
   <div class='ocr_carea' id='block_1_116' title="bbox 969 2895 1024 2929">
    <p class='ocr_par' dir='ltr' id='par_1_116' title="bbox 969 2895 1024 2929">
     <span class='ocr_line' id='line_1_117' title="bbox 969 2895 1024 2929; baseline 0 -8"><span class='ocrx_word' id='word_1_859' title='bbox 969 2895 1024 2929; x_wconf 81' lang='lat' dir='ltr'><strong>ligi.</strong></span> 
     </span>
    </p>
   </div>
  </div>
