2029 3127
274 163 322 191 2'“

867 158 897 187 S.
917 158 1078 188 GREGORII
1099 159 1272 189 THEOLOGI

1835 162 1889 191 279.

280 217 394 247 invideri
420 217 552 248 crederet,
580 216 643 244 dum
661 222 676 243 a
694 215 812 243 scientia:
832 215 904 251 ligno
924 216 1053 242 hactenus

1106 218 1232 251 φοκτόνον
1247 217 1374 252 ἐποίησεν
1394 217 1460 252 (ἴϐ),
1476 217 1526 244 οὐκ
1544 217 1689 252 ἐνεγκόντα
1704 218 1800 245 θυσίαν
1812 219 1888 246 ὁσιω-

275 269 423 292 arceretur.
448 263 520 295 HAEC,
540 267 568 290 et
585 262 651 289 Cain
669 262 702 289 ad
729 262 895 290 inferendam
918 262 994 289 fratri
1012 270 1056 290 ne-

275 319 333 338 cem
358 309 474 344 impulit,
489 309 559 343 quod
573 308 669 343 purius
684 309 861 342 sanctiusque
873 308 932 343 ejus
948 307 1052 335 sacriﬁ-

275 358 346 385 cium
381 363 458 389 aequo
487 355 576 382 animo
602 355 673 382 ferre
696 362 748 382 non
773 355 911 389 potuisset.
933 354 1006 387 Haec,
1028 359 1056 382 et

276 402 402 430 mundum
423 400 559 428 immunde
574 405 655 435 atque
672 401 849 435 incomposite
875 407 904 427 se
917 405 1055 434 gerentem

275 449 351 483 aquis
377 447 453 479 texit,
478 452 505 473 et
526 447 677 474 Sodomitas
713 447 772 480 igne
801 446 899 473 obruit.
930 445 1002 476 Hice.
1029 451 1057 473 et

276 495 389 524 Dathan,
406 498 432 520 et
445 493 556 524 Ahiron,
575 493 704 520 adversus
723 492 831 527 Moysen
851 492 943 519 furore
958 492 1054 523 elatos,

275 540 301 566 in
322 543 418 565 terram
444 537 558 571 defodit,
584 543 610 565 et
633 538 756 570 Mariam,
771 545 830 572 qua:
853 539 981 564 adversus
1001 537 1055 563 fra-

276 589 344 611 trem
372 583 556 610 tantummodo
581 587 824 615 murmuraverat,
851 581 924 616 lepra
953 581 1055 609 infecit.

276 629 351 662 Πίος,
368 635 395 656 et
411 629 601 664 prophetarum
622 636 717 656 cruore
739 634 837 655 terram
853 629 1055 662 contaminavit,

271 680 302 702 et
329 673 556 710 sapientissimum
579 675 652 701 illum
678 675 851 701 Salomonem
867 681 914 708 per
931 674 1057 702 mulieres

272 720 398 755 perculit.
416 719 486 751 Haec,
516 724 543 746 et
556 719 628 746 illum
643 719 737 753 laqueo
751 720 858 754 dignum
875 718 981 751 Judam,
998 720 1056 746 exi~

274 774 328 800 gua
348 766 459 800 pecunia
485 765 612 797 illectum,
631 765 793 798 proditorem
809 764 941 797 exhibuit,
958 769 985 791 et.
998 764 1058 791 Hc—

275 810 368 837 rodcm
391 817 532 844 pucrorum
549 808 760 840 interfectorem,
773 813 800 835 et
815 808 928 835 Pilatum
942 808 1057 836 Christi—

275 856 361 883 cidam
376 855 472 882 ell'ecit.
501 855 573 887 Haec,
595 859 622 882 et
645 855 770 882 lsraelem
793 854 943 886 ventilavit,
968 861 1000 881 ac
1017 854 1058 880 di-

1106 263 1197 298 τέραν.
1213 260 1297 294 Οὗτος
1315 263 1361 290 καὶ
1378 263 1453 290 ὕδατι
1469 265 1569 299 κόσμον
1585 264 1717 298 ἐκάλυψεν
1735 264 1875 299 ἁκοσμοῦν

1105 317 1149 339 τα,
1167 308 1213 336 καὶ
1230 308 1375 343 Σοδομίτας
1389 309 1455 344 πυρὶ
1475 309 1641 335 κατέκλυσεν
1659 309 1726 343 (77).
1742 305 1826 340 Οὗτος
1840 310 1888 336 καὶ

1106 353 1193 381 Δαθὰν
1209 355 1256 381 καὶ
1278 354 1407 390 Ἀὃειρὼν
1419 355 1557 390 κατέχωσε
1572 355 1642 382 κατὰ
1654 355 1774 386 Μωσέως
1790 356 1888 390 μανέν-

1105 409 1165 432 τας,
1185 400 1233 426 καὶ
1246 400 1358 435 Μαριὰμ
1375 401 1511 436 ὲλέπρωσε
1527 400 1598 427 κατὰ
1612 400 1659 427 τοῦ
1676 400 1790 434 ἀδελφοῦ
1809 401 1887 436 μόνον

1106 446 1289 480 γογγύσασαν.
1317 445 1400 478 Οὗτος
1421 447 1467 473 καὶ
1483 447 1630 482 προφητῶν
1650 447 1747 482 αἵμασι
1767 447 1815 482 τὴν
1837 447 1888 482 γῆν

1107 491 1211 525 ἐμίανε.
1229 491 1276 517 καὶ
1288 491 1449 526 Σολομῶντα
1461 492 1567 525 γυναιξὶ
1585 491 1725 518 κατέσεισε
1740 491 1784 518 τὸν
1802 491 1888 526 σοφὼ-

1106 545 1194 563 τατον.
1208 533 1291 568 Οὗτος
1306 537 1353 563 καὶ
1376 536 1474 562 Ἰοὺδαν
1489 536 1619 572 προδότην
1637 536 1781 568 ἀνέδειξεν,
1805 538 1889 573 ἀργυ-

1109 582 1157 617 ρίῳ
1173 581 1262 617 μικρῷ
1277 581 1423 614 κλαπέντα,
1439 582 1482 608 τὸν
1499 582 1613 617 ἀγχόνης
1635 581 1708 613 ἄξιον
1719 591 1725 596 ·
1740 582 1786 608 καὶ
1804 581 1888 618 Ἡρὼ-

1106 624 1154 658 δην
1169 624 1336 658 παιδοφόνον,
1348 625 1395 651 καὶ
1406 626 1600 652 Χοιστοκτόνον
1615 627 1728 653 Πιλᾶτον
1743 626 1887 662 ἐδημιούρ-

1106 678 1198 705 γησεν.
1215 669 1297 702 Οὗτος
1310 672 1356 697 καὶ
1372 673 1417 697 τὸν
1437 671 1545 707 Ἰσραὴλ
1560 672 1692 707 ὲλίκμησε
1707 673 1754 699 καὶ
1768 672 1887 699 διέσπει-

1108 725 1164 753 ρεν,
1185 717 1214 750 ἐξ
1235 715 1268 752 ἧς
1292 717 1367 744 οὔπω
1391 717 1438 744 καὶ
1467 718 1514 744 νῦν
1540 718 1715 744 ἀνανεύουσιν
1741 719 1886 754 ἁμαρτίας.

1107 761 1191 794 Οὗτος
1217 763 1263 789 καὶ
1284 763 1328 790 τὸν
1350 764 1505 799 ἀποστάτην
1519 766 1584 800 ἡμῖν
1601 766 1768 801 ὲπανέστησε
1789 765 1888 801 τύραν-

1107 816 1161 838 νον,
1176 805 1206 835 οὗ
1230 809 1278 834 καὶ
1304 808 1351 834 νῦν
1367 809 1407 835 ἔτι
1431 809 1636 844 παραλυποῦσιν
1653 811 1677 836 οἱ
1703 811 1847 845 ἄνθρακες,
1865 810 1888 835 εἰ

1107 854 1154 879 καὶ
1167 853 1215 889 τὴν
1244 854 1330 888 φλόγα
1353 855 1581 891 διαπεφεύγαμεν.
1602 853 1685 887 Οὗτος
1704 856 1751 882 καὶ
1766 856 1796 882 τὸ
1808 856 1888 882 καλὸν

276 901 383 936 spersit,
400 909 432 927 ne
445 909 515 928 nunc
529 901 636 935 quidem
656 901 744 927 adhuc
758 907 772 926 e
784 904 895 934 peccato
908 906 957 926 suo
970 906 1054 926 emer-

1107 897 1186 932 σῶμα
1199 899 1248 933 τῆς
1266 899 1427 934 Ἐκκλησίας
1440 900 1599 936 κατέτεμεν,
1621 902 1659 932 εἰς
1680 901 1826 935 διαφόρους
1842 901 1888 929 καὶ

276 951 393 981 gentem.
405 945 479 979 Haec,
494 952 520 972 et
537 950 685 980 apostatam
711 950 854 979 tyrannum
869 944 894 971 in
913 951 962 971 nos
985 944 1058 972 exci-

277 992 352 1023 tavit,
380 991 455 1024 cnjus
477 991 608 1018 carbones
638 990 725 1016 adhuc
751 989 900 1017 molestiam
926 989 1057 1020 inferunt,

276 1038 338 1065 licet
361 1037 498 1064 ﬂammam
519 1037 602 1072 ipsam
621 1035 804 1070 elfugerimus.
822 1036 893 1067 Haac,
909 1040 936 1062 et
950 1035 1059 1070 praecla-

275 1091 334 1110 rum
356 1083 482 1110 Ecclesia:
507 1090 605 1117 corpus
632 1083 753 1115 discidit,
775 1083 801 1109 in
819 1083 924 1109 diversa
947 1086 975 1108 et
995 1089 1059 1109 con-

276 1129 356 1155 traria
380 1129 464 1155 studia
487 1129 642 1155 dissectum.
665 1128 737 1161 Hznc,
757 1133 784 1155 et
807 1127 950 1155 Jeroboam
982 1127 1056 1154 illum

275 1175 376 1208 peccati
391 1181 497 1201 servum
520 1174 545 1200 in
568 1181 617 1201 nos
641 1174 797 1206 concitavit,
811 1178 838 1200 et
855 1173 950 1208 lingua:
966 1173 1057 1199 vincu-

275 1218 329 1244 ltun
362 1218 485 1253 imponit.
514 1218 696 1251 Disrumpitur
726 1218 798 1245 enim
826 1218 1056 1252 splendescentem

275 1264 431 1291 Trinitatem
443 1271 565 1296 cernens,
582 1271 612 1291 ac
633 1269 686 1291 tota
713 1265 851 1291 divinitate
869 1264 1055 1294 collucenteut,

274 1317 383 1343 eosque,
409 1318 424 1336 a
445 1310 542 1344 quilms
558 1310 664 1336 sincere
680 1310 841 1343 praedicatur
866 1309 941 1335 vobis
959 1309 1055 1336 charos

1106 943 1267 976 ἀντιπάλους
1298 946 1415 977 σπουδὰς
1439 947 1562 982 μερίσας.
1583 945 1667 979 Οὗτος
1691 948 1737 974 καὶ
1753 948 1819 983 ἡμῖν
1845 947 1888 974 τὸν

1112 989 1250 1025 Ἰεροὸοὰμ
1265 990 1318 1025 (78)
1335 992 1500 1027 ὲπανέστησε
1511 992 1557 1019 τὸν
1569 993 1661 1019 δοῦλον
1674 994 1723 1028 τῆς
1738 993 1887 1029 ἁμαρτίας,

1107 1035 1154 1062 καὶ
1169 1037 1202 1071 τῇ
1218 1035 1326 1071 γλώσσῃ
1340 1037 1438 1072 δεσμὸν
1453 1038 1607 1074 ἐπιτίθησιν
1620 1047 1626 1054 ·
1644 1039 1674 1065 οὐ
1689 1039 1742 1074 γὰρ
1755 1039 1832 1074 φέρει
1840 1039 1888 1073 τὴν

1107 1081 1209 1116 Τριάδα
1238 1082 1477 1118 λαμπρυνομένην.
1497 1084 1544 1110 καὶ
1572 1084 1619 1120 ὅλῃ
1643 1084 1749 1120 θεότητι
1766 1084 1888 1119 λάμπου-

1108 1135 1166 1157 σαν,
1188 1127 1233 1153 καὶ
1259 1128 1366 1162 τιμίους
1388 1128 1517 1155 ποιοῦσαν
1533 1130 1597 1164 ὑμῖν
1611 1130 1667 1165 (79)
1683 1131 1746 1162 τοὺς
1763 1131 1889 1166 γνησίους

1105 1173 1202 1208 ἑαυτῆς
1216 1174 1347 1209 κήρυκας.
1367 1171 1439 1209 Ἀρα
1461 1174 1589 1211 φλυαρεῖν
1606 1176 1669 1211 ὑμῖν
1691 1175 1833 1211 δοκοῦμεν,
1845 1176 1889 1202 οὗ·

1104 1227 1158 1250 τως
1173 1219 1345 1252 εἰκάζοντες;
1359 1220 1376 1255 ἢ
1393 1221 1440 1246 καὶ
1452 1220 1511 1247 λίαν
1528 1221 1615 1256 ὀρθῶς
1628 1221 1675 1248 τοῦ
1691 1222 1774 1249 πόθου
1786 1222 1835 1253 τὰς
1847 1223 1888 1248 αἰ-

1103 1264 1162 1296 τίας
1175 1266 1189 1292 ὁ
1209 1267 1331 1301 γραφεὺς
1346 1266 1424 1300 λόγος
1443 1267 1690 1303 ἀνεζωγράφησεν;
1709 1269 1776 1304 Περὶ
1793 1268 1843 1304 μὲν
1857 1267 1888 1303 δὴ

1103 1311 1205 1337 τούτων
1221 1311 1293 1338 οὕτω
1304 1312 1441 1346 γινώσκω.

275 1355 440 1383 reddentem.
475 1354 570 1382 Utrum
602 1354 708 1380 tandem
741 1354 817 1381 vobis
843 1353 937 1387 nugari
966 1357 1048 1387 atque
1067 1353 1181 1388 ineptire
1215 1356 1347 1389 videmur,
1369 1356 1405 1383 ita
1426 1357 1633 1391 coniectantes?
1656 1358 1698 1386 An
1732 1366 1797 1386 vero
1828 1366 1887 1392 prr-

275 1411 354 1438 qnam
370 1402 474 1437 egregie
487 1401 568 1428 vestri
589 1407 651 1436 erga
670 1407 713 1427 me
731 1400 830 1428 amoris
864 1407 960 1428 causas
987 1399 1117 1427 orationis
1146 1401 1269 1435 penicillo
1299 1403 1497 1438 expressimus?
1517 1404 1556 1431 Ac
1576 1404 1609 1431 de
1627 1404 1668 1431 his
1685 1404 1792 1439 quidem
1810 1406 1889 1432 rebus

275 1452 310 1478 ita
322 1451 423 1485 judico.

311 1496 353 1523 νι.
375 1495 505 1528 Quoniam
525 1498 614 1520 autem
635 1492 778 1520 nonnullos
801 1493 977 1521 contumelias
991 1500 1054 1528 quo-

1143 1489 1189 1523 ς’.
1214 1489 1289 1516 Ἐπεὶ
1303 1490 1330 1516 δὲ
1347 1491 1394 1518 καὶ
1407 1493 1466 1523 ταῖς
1477 1491 1587 1527 ὕϐρεσιν
1599 1492 1654 1527 ὁρῶ
1663 1501 1737 1524 τινας
1747 1493 1888 1530 δυσχεραὶ-

274 1549 326 1575 que
341 1540 419 1567 nobis
435 1539 538 1566 inustas
554 1538 668 1564 molesto
684 1537 772 1564 animo
786 1537 866 1570 ferre,
886 1543 965 1573 atque
981 1539 1055 1573 igno-

275 1585 386 1612 miniam
400 1589 532 1616 nostram,
549 1582 730 1609 calamitatem
746 1590 821 1609 suam
835 1583 932 1610 ducere
950 1583 1055 1618 conspi‘

273 1631 327 1663 cio,
344 1637 403 1664 age,
420 1629 452 1656 de
467 1636 499 1655 eo
515 1636 622 1663 quoque
645 1628 739 1661 paucis
758 1629 930 1655 disseramus.
950 1629 1054 1655 Etenim

274 1675 297 1702 si
316 1676 461 1702 hmnanum
488 1673 588 1707 aliquid
615 1673 802 1707 abiectumque
821 1674 956 1708 cogitans,
976 1678 1056 1707 atque

274 1722 346 1748 hanc
373 1720 529 1747 cathedram
556 1718 697 1750 alfectans,
714 1725 760 1746 attt
785 1719 836 1746 huc
862 1719 977 1753 primum
994 1727 1054 1746 cum

275 1771 414 1794 senectute
435 1766 484 1792 hac
506 1773 582 1796 cana,
597 1769 625 1791 et
641 1765 682 1791 his
697 1766 834 1798 membris,
858 1770 913 1792 tum
926 1766 987 1792 vita:
1001 1765 1057 1792 ditt-

276 1812 412 1843 Iurnitate,
429 1815 484 1837 tum
509 1810 602 1837 merho
628 1811 728 1845 rugatis
746 1816 825 1844 atque
847 1811 992 1837 contractis
1011 1818 1056 1837 vc-

274 1858 386 1888 nissem,
411 1861 457 1882 aut
479 1864 550 1882 ntntc
576 1856 623 1882 has
638 1856 800 1890 ignominias
814 1856 922 1886 ferrem,
936 1856 1056 1891 proiecto

274 1901 370 1928 caelum
395 1905 422 1927 et
446 1905 543 1926 terram
561 1900 631 1935 (qute
653 1901 788 1927 veterilms
811 1902 930 1928 attestari
944 1901 953 1916 ³
970 1902 1052 1928 moris

273 1950 342 1981 erat)
372 1947 557 1973 erubescerent
572 1953 580 1972 ε
597 1947 783 1973 erubescerent
804 1946 884 1973 etiam
907 1947 977 1984 hanc
1009 1954 1055 1973 ca-

275 1993 405 2023 thedram,
422 1996 449 2017 et
461 1998 566 2017 sacrum
581 1990 632 2017 hoc
645 1991 798 2024 concilium,
811 1996 837 2017 et
849 1997 972 2018 sanctam
986 1992 1056 2019 hanc

275 2044 422 2072 recensque
442 2041 654 2070 eoagmentatam
685 2036 806 2071 plebem,
829 2037 957 2064 adversus
975 2045 1055 2071 quatn

274 2089 312 2109 tot
332 2084 523 2110 sceleratorum
548 2083 685 2109 hominum
716 2084 799 2115 copia:
817 2084 901 2110 aciem
920 2084 1055 2110 instruxe-

274 2134 345 2161 runt,
360 2128 493 2164 ιιι,
518 2129 672 2162 priusquam
696 2128 838 2162 conjuncta
858 2129 902 2159 sit,
921 2129 1051 2156 dissolva-

1106 1544 1209 1567 νοντας,
1217 1536 1263 1562 καὶ
1270 1535 1410 1571 συμφορὰν
1419 1536 1522 1562 ἑαυτῶν
1532 1537 1715 1571 ποιουμένους,
1723 1537 1771 1572 τὴν
1779 1539 1889 1572 ἀτιμίαν

1104 1581 1153 1616 τὴν
1162 1581 1298 1616 ἡμετέραν
1310 1581 1376 1617 (80),
1392 1582 1467 1617 φέρε,
1482 1582 1529 1609 καὶ
1544 1582 1607 1617 περὶ
1615 1583 1716 1618 ταύτης
1727 1583 1830 1618 βραχέα
1845 1593 1888 1618 ςι-

1105 1626 1309 1662 λοσοφήσωμεν.
1329 1626 1399 1661 Ἐγὼ
1413 1627 1477 1663 γὰρ,
1495 1628 1519 1653 εἱ
1545 1628 1594 1662 μὲν
1618 1627 1787 1663 ἀνθρώπινόν
1804 1638 1829 1655 τι
1844 1630 1889 1656 καὶ

1107 1672 1204 1708 μικρὸν
1228 1673 1334 1704 ἐννοῶν,
1352 1673 1368 1708 ἢ
1393 1673 1442 1708 τῆς
1458 1673 1590 1708 καθέδρας
1605 1673 1706 1709 ταύτης
1727 1675 1888 1709 μεταποιού-

1107 1727 1196 1754 μενος,
1224 1718 1240 1753 ἢ
1264 1718 1318 1753 (81)
1334 1717 1382 1753 τὴν
1403 1718 1489 1754 ἀρχὴν
1519 1720 1635 1754 ἐπέστην
1654 1720 1728 1754 ὑμῖν,
1749 1721 1817 1755 μετὰ
1841 1721 1889 1755 τῆς

1106 1764 1201 1795 πολιᾶς
1217 1764 1328 1799 ταύτης,
1353 1765 1401 1791 καὶ
1427 1764 1480 1790 τῶν
1502 1766 1709 1801 ἐρῤικνωμένων
1726 1766 1826 1792 τούτων
1844 1766 1889 1793 καὶ

1106 1810 1192 1845 χρόνῳ
1204 1810 1251 1836 καὶ
1265 1811 1334 1844 νόσῳ
1347 1810 1445 1845 μελῶν,
1458 1810 1474 1845 ἦ
1487 1811 1534 1837 νῦν
1551 1811 1651 1843 ταύτας
1669 1812 1743 1847 φέρω
1758 1812 1806 1844 τὰς
1829 1813 1889 1838 ἀτι-

1107 1855 1181 1890 μίας,
1197 1856 1375 1890 αἰσχυνοίμην
1399 1856 1448 1890 μὲν
1466 1856 1498 1882 ἂν
1513 1856 1558 1882 τὸν
1577 1857 1690 1893 οὐρανὸν
1704 1858 1750 1883 καὶ
1763 1858 1812 1893 τὴν
1826 1858 1887 1893 γῆν,

1105 1899 1122 1926 ἃ
1140 1901 1186 1927 καὶ
1201 1902 1258 1932 τοῖς
1270 1901 1393 1932 παλαιοῖς
1405 1901 1464 1933 ἔθος
1483 1902 1682 1939 μαρτύρεσθαι·
1710 1904 1888 1939 αἰσχυνοίμην

1105 1946 1127 1971 δ’
1148 1946 1181 1972 ἂν
1194 1946 1241 1982 τὴν
1253 1947 1385 1983 καθέδραν
1398 1947 1511 1983 ταύτην,
1542 1950 1588 1975 καὶ
1602 1949 1632 1975 τὺ
1651 1949 1721 1984 ἱερὸν
1733 1950 1810 1976 τοῦτο
1827 1959 1888 1976 συν-

1106 1992 1205 2028 έδριον.
1221 1994 1266 2020 καὶ
1283 1994 1327 2019 τὸν
1345 1993 1421 2028 ἆγιον
1440 1995 1534 2021 τοῦτον
1558 1996 1604 2021 καὶ
1618 1996 1736 2031 νεοπαγῆ
1758 1996 1830 2028 λαὸν,
1846 1997 1879 2030 ἐφ

1105 2039 1134 2065 ὂν
1147 2041 1262 2075 τοσαύτη
1275 2039 1329 2066 τῶν
1343 2041 1470 2076 πονηρῶν
1482 2041 1621 2075 δυνάμεων
1639 2042 1655 2075 ἡ
1671 2042 1831 2076 παράταξις,
1845 2041 1887 2068 ἵνα

1106 2084 1170 2119 πρὶν
1186 2086 1315 2120 συστῆναι
1338 2085 1416 2121 λυθῇ,
1432 2087 1478 2113 καὶ
1499 2087 1563 2122 πρὶν
1577 2087 1736 2122 γεννηθῆναι
1752 2087 1886 2123 νεκρωθῇ,

1105 2130 1176 2156 κατὰ
1188 2130 1305 2166 Χριστὸν
1322 2131 1371 2167 ἤδη
1398 2132 1592 2168 μορφούμενος.
1612 2133 1794 2168 Δίσχυνοίμην
1818 2133 1840 2159 δ’
1856 2134 1887 2159 ἂν

273 2179 328 2206 tur,
344 2178 371 2200 et
388 2175 543 2208 priusquam
559 2173 585 2198 itt
603 2173 688 2199 lucem
710 2176 833 2206 prodi-al,
854 2174 1051 2206 exstingnalur,

1105 2175 1168 2206 τοὺς
1184 2176 1266 2210 ἐμοὺς
1286 2178 1425 2212 καμάτους
1453 2178 1499 2205 καὶ
1528 2179 1635 2210 πόνους,
1661 2179 1707 2205 καὶ
1727 2178 1756 2205 τὺ
1781 2178 1887 2215 ἔσθημα

270 2220 325 2255 jam
341 2220 485 2246 secundum
509 2218 643 2245 Christum
662 2218 769 2244 formari
787 2217 928 2252 incipiens.
944 2219 982 2244 Ad
997 2219 1054 2246 haec

272 2266 393 2293 laborum
421 2272 539 2291 meorum
554 2268 581 2290 et
602 2271 783 2289 aerumnarum
808 2270 851 2290 me
873 2264 1005 2298 puderet,
1027 2269 1055 2290 et

272 2317 375 2344 aspera:
399 2309 477 2343 hujus
502 2308 595 2339 vestis,
623 2313 650 2334 ct
674 2315 795 2336 secessus
821 2316 852 2336 ac
882 2309 1050 2340 solitudinis,

271 2363 352 2391 quam
366 2354 526 2382 familiarem
545 2360 650 2387 semper
667 2353 819 2386 habuimus,
840 2359 866 2381 et
887 2354 947 2381 vita:
963 2353 1052 2382 facilis

305 2438 317 2453 ³
332 2437 407 2464 Deut.
424 2442 508 2465 χχιιι,
518 2434 541 2460 l.

305 2516 361 2551 (76)
384 2516 548 2551 Ἐποίησεν.
568 2515 651 2550 Bcgg.
667 2514 722 2545 bm,
741 2513 792 2540 duo
817 2512 891 2539 Colh.
905 2517 930 2538 et
942 2511 1051 2544 Comb.,

271 2552 429 2587 πεποίηκεν.

305 2583 369 2618 (77)
380 2587 582 2613 Κατέκλυσεν.
597 2583 727 2612 Comhef..
742 2583 919 2610 κατέκαυσεν.

306 2621 361 2656 (78)
383 2622 438 2648 Τὸν
457 2619 683 2656 Ἰεροόοὰμζῌξιςε
697 2619 859 2656 (Ιολιμειχίηιο
876 2618 946 2644 dicta
961 2622 1053 2656 censet

271 2653 356 2686 Elias,
371 2664 449 2689 quem
473 2653 594 2689 sequitur
608 2653 710 2680 Billius.
725 2653 809 2680 Aliter
824 2659 911 2679 tamen
924 2653 999 2678 nobis
1016 2653 1052 2677 vi-

269 2690 512 2717 dettir.an|atenns
521 2689 710 2716 i-nimilaximo
721 2689 953 2722 conveniunt,qu:e
961 2691 1051 2714 narrat

269 2724 425 2757 Gregorius,
442 2726 475 2752 de
489 2726 540 2751 isto
554 2724 705 2754 Jerobuaut,
722 2723 767 2757 qui
782 2724 851 2749 ferre
866 2731 918 2749 non
934 2727 1048 2756 poterat,

270 2765 300 2786 ut
317 2760 433 2786 Trinitas
446 2761 649 2793 splemlcsceret.
668 2757 799 2785 Maximus
823 2758 929 2792 quidem
953 2757 1047 2783 adver-

269 2802 315 2821 sus
328 2792 483 2829 Grcgotium
500 2795 659 2825 insurrexit;
674 2793 723 2829 sed
735 2800 868 2829 nunquam
879 2794 902 2819 ei
910 2792 1047 2829 robjectum

269 2834 332 2856 esta
343 2826 472 2864 Gregorio
485 2829 629 2864 cumcirca
645 2828 722 2864 [idem
735 2828 987 2864 errare.Credimus
1002 2826 1048 2859 Igi-

269 2867 313 2890 tur
327 2872 373 2898 per
389 2862 467 2891 istum
484 2863 623 2890 Jeroboatn
642 2863 742 2890 rectius
764 2862 965 2897 intelligendum
986 2868 1046 2889 esse

1105 2220 1185 2247 τοῦτο
1199 2221 1229 2247 τὸ
1242 2222 1377 2257 τρόχινον,
1396 2224 1443 2250 καὶ
1456 2224 1504 2258 τὴν
1519 2219 1636 2260 ἐρημίαν
1657 2225 1703 2251 καὶ
1719 2225 1768 2260 τὴν
1782 2225 1887 2259 ἀεαχώ-

1108 2275 1186 2302 ρησιν
1231 2268 1428 2304 συνεζήσαμεν,
1446 2270 1493 2295 καὶ
1508 2270 1553 2296 τὸν
1568 2270 1683 2296 ἄσκευον
1698 2270 1765 2305 βίον,
1781 2271 1826 2297 καὶ
1839 2272 1887 2306 τὴν

1106 2313 1201 2348 εὐτελῆ
1217 2314 1364 2348 τράπεζαν,
1382 2315 1478 2350 μικρὸν
1492 2315 1546 2350 (82)
1562 2315 1616 2342 τῶν
1633 2316 1740 2351 πτηνῶν
1758 2317 1886 2342 ἀποδέου-

1107 2365 1165 2383 σαν.
1189 2358 1405 2393 Ἀληθευέτωσαν
1418 2359 1446 2386 δὲ
1463 2360 1510 2386 καί
1527 2369 1598 2392 τινες
1611 2361 1673 2396 περὶ
1686 2361 1773 2397 ἡμῶν,
1788 2361 1829 2387 ὃτι
1842 2370 1887 2396 γυ-

1103 2512 1144 2538 vel
1159 2512 1353 2549 Demophilum.
1372 2513 1412 2539 vel
1427 2513 1642 2549 Eudoxium,qni
1661 2520 1715 2549 tun}
1732 2514 1886 2541 Constanti-

1103 2548 1197 2585 nopoli
1209 2549 1367 2574 Arianorum
1383 2553 1440 2585 erat
1456 2550 1578 2585 antistes.
1597 2548 1612 2575 εἰ
1625 2558 1678 2584 quo
1691 2548 1788 2576 Valens
1801 2550 1885 2585 impe-

1104 2589 1177 2609 ratur
1193 2583 1341 2609 baptizatus
1355 2587 1381 2608 et
1400 2583 1493 2610 lucresi
1515 2584 1632 2610 imbutus
1645 2585 1702 2610 fuit.

1107 2652 1114 2660 Ι
1138 2617 1193 2659 (79)
1219 2617 1306 2652 Ὑμῖν.
1320 2617 1383 2652 Reg.
1403 2618 1445 2643 blll
1461 2619 1485 2644 in
1502 2623 1585 2651 textu,
1597 2625 1623 2646 et
1639 2619 1686 2646 ον.
1701 2619 1726 2650 1,
1741 2619 1774 2645 ad
1789 2626 1886 2654 marg.,

1103 2661 1184 2686 υμας.
1555 2677 1557 2680 ,

1139 2687 1194 2720 (80)
1217 2687 1274 2720 Τὴν
1292 2687 1446 2721 ἡμετέραν.
1461 2686 1521 2714 Haec
1534 2687 1630 2714 desunt
1645 2688 1670 2714 in
1685 2687 1731 2715 0r.
1746 2688 1770 2714 1.

1139 2722 1195 2756 (8|)
1218 2722 1260 2748 'H.
1275 2722 1450 2748 Gombelisius
1464 2723 1603 2749 delendum
1616 2727 1700 2756 putat.

1139 2757 1194 2791 (8‘2)
1213 2757 1333 2791 Μικρόν,
1350 2763 1402 2783 etc.
1426 2757 1471 2783 Sit:
1492 2757 1607 2791 loquitur
1626 2757 1782 2790 Gregorius,
1803 2758 1883 2791 quod,

1102 2796 1131 2817 ut
1158 2799 1221 2818 aves
1246 2792 1347 2818 semina
1370 2791 1508 2826 colligunt,
1534 2793 1632 2825 quibus
1652 2798 1804 2826 pascantur,
1830 2794 1884 2826 ipse

1101 2833 1208 2859 quoque
1231 2827 1394 2858 seminibus,
1415 2827 1593 2861 leguminibus
1616 2832 1643 2854 et
1660 2827 1800 2861 quibusvis
1818 2828 1884 2855 cibis

1100 2866 1266 2889 vesceretur.
