2029 3127
144 173 199 200 975

644 170 773 199 ORATIO
794 170 913 198 Χχλνι.
933 186 968 190 -
989 170 1032 198 DE
1049 168 1178 201 SEIPSO,
1198 168 1274 195 ETC.

1717 166 1771 194 27’.

141 231 236 262 ναικὸς
253 230 398 265 ἀλλοτρίας
415 230 471 263 (85)
489 228 713 264 ἐπεθυμήσαμεν,
727 228 751 254 οἱ
774 227 840 263 μηδὲ
865 227 932 254 ἰδίαν

987 233 1011 254 et
1031 226 1173 261 expedita},
1188 231 1214 251 et
1230 221 1361 257 simplicis
1375 229 1407 248 ac.
1423 220 1534 256 frugalis
1555 227 1665 254 mense,
1680 223 1769 249 avium

141 277 214 312 ἔχειν
229 277 401 312 θελήσαντες.
430 277 582 311 Ἐχέτωσαν
599 276 654 311 (84)
677 276 705 301 δὲ
719 275 797 310 ἡμῶν
814 275 860 301 καὶ
882 275 934 301 Γα-

141 325 273 351 ϐαωνῖται
297 323 389 356 πλέον,
410 322 458 355 οὓς
483 323 545 349 οὐδὲ
567 324 607 355 εἰς
630 321 794 356 ξυλοκόπους
816 321 872 355 (85)
887 321 933 347 καὶ

142 371 310 406 ὑδροφόρους
323 368 371 396 οἷδ’
387 370 428 395 ὅτι
443 369 473 396 τὸ
490 369 604 404 Πνεῦμα
623 369 654 395 τὺ
677 369 754 403 ἆγιον
779 367 933 403 παραδέχε-

139 424 196 445 ται.
220 416 317 452 μέχρις
340 415 373 443 ἃν
389 415 522 452 προσίωσι
537 417 595 448 τοῖς
612 415 693 451 ίεροϊς
715 415 784 450 μετὰ
805 414 933 441 τοιούτων

139 462 188 488 τοῦ
204 462 262 497 βίου
285 463 332 488 καὶ
356 461 402 488 τοῦ
419 462 498 496 λόγου
511 461 678 497 στιγμάτων.
698 462 730 489 Εἰ
749 461 777 488 δὲ
797 461 837 496 τῷ
862 460 934 495 λόγῳ

141 509 376 543 συνηγορήσοντες
388 507 502 543 ἥκομεν,
524 508 572 534 καὶ
594 508 627 543 τῇ
651 508 725 543 χήρᾳ
745 507 792 534 καὶ
807 507 841 541 τῇ
857 505 934 532 ἀνάν-

140 554 196 588 δρῳ
210 554 278 585 τέως
301 553 448 590 Ἐκκλησία
465 553 500 580 τὰ
515 554 617 580 δυνατὰ
631 554 686 589 (86)
710 552 932 584 σννεισοίσοντες,

141 598 197 626 οἶόν
214 609 287 632 τινες
303 600 445 635 ἐπίτροποι
460 601 506 626 καὶ
523 600 682 635 κηδεμόνες,
696 600 768 635 ἄλλῳ
784 608 932 635 νυμφαγω-

142 646 283 681 γήσοντες,
303 646 332 678 ὃς
349 646 396 672 ἐὰν
408 646 482 678 ἄξιος
492 646 540 672 τοῦ
552 646 667 678 κάλλους
682 648 763 682 φανῇ,
783 647 830 673 καὶ
842 646 932 672 πλείο-

142 700 175 717 να
189 691 244 724 (δῖ)
260 692 294 717 τὰ
308 691 338 723 ἐξ
360 692 461 726 ἀρετῆς
477 692 538 718 ἔδνα
556 693 725 728 προσενέγκῃ
747 694 779 727 τῇ
807 691 931 727 βασιλίδι,

144 736 270 771 πότερον,
297 737 436 763 ἐπαινετοὶ
463 737 512 772 τῆς
530 737 695 773 προθυμίας,
727 737 742 773 ἦ
769 738 864 772 ψεκτοὶ
885 739 934 774 τῆς

144 781 291 814 ὑπονοίας;
308 782 350 808 ὅτι
377 783 433 814 τοῖς
462 783 613 818 ἀλλοτρίοις
639 782 787 819 κρινόμεθα
807 783 932 812 πάθεσιν.

148 827 194 857 Ὧς
210 826 290 862 δὴσὺ
315 835 358 861 γε,
373 824 395 854 ὦ
413 827 544 862 βέλτιστε,
561 828 608 855 καὶ
631 829 654 856 εἱ
678 828 722 864 νηῒ
748 829 933 865 χειμαζομένῃ

144 873 223 907 γεῖρα
240 872 373 908 ὀρέγομεν
391 873 446 908 (88)
465 873 713 910 ἢπολιορκουμένῃ
728 874 814 905 πόλει,
840 874 856 910 ἢ
881 874 934 901 ὑπὸ

986 274 1037 300 vita
1054 272 1124 300 haud
1143 271 1227 297 multo
1253 268 1400 296 inferioris.
1427 268 1453 294 In
1475 267 1591 302 gratiam
1613 275 1692 301 porro
1710 276 1770 295 cum

986 319 1101 346 veritate
1124 317 1248 347 redeant,
1271 315 1318 350 qui
1343 321 1392 341 nos
1413 313 1529 340 alienam
1546 320 1656 340 uxorem
1668 316 1771 347 expeti-

985 365 1057 391 visse
1076 363 1162 394 aiunt,
1180 369 1241 388 cum
1262 368 1296 387 ne
1317 359 1454 394 propriam
1476 359 1584 393 quidem
1605 359 1704 386 habere
1725 367 1772 386 vo-

988 410 1128 438 luerimus.
1151 408 1212 435 Sint
1232 406 1314 434 etiam
1338 405 1475 436 meliores,
1498 411 1578 439 quam
1607 412 1655 431 nos
1679 405 1772 431 condi-

987 457 1060 484 tione
1087 454 1257 486 Gabaonilae,
1284 460 1352 488 quos
1377 457 1467 479 tamen
1494 459 1526 478 ne
1552 451 1584 477 ad
1612 451 1636 478 id
1664 451 1772 485 quidem

985 509 1082 531 munus
1106 501 1225 536 Spiritus
1240 504 1350 527 sanctus
1365 499 1533 526 admissurus
1547 503 1599 530 est,
1616 503 1644 524 ut
1660 497 1731 532 ligna
1747 502 1774 523 et

984 556 1081 582 aquam
1108 551 1226 582 portent,
1255 545 1372 581 quandiu
1396 553 1456 571 cum
1482 544 1634 578 hujusniodi
1660 550 1687 571 et
1716 552 1774 571 ser-

985 591 1074 618 monis
1101 596 1129 618 et
1149 590 1209 617 vita-
1234 590 1346 616 maculis
1366 589 1398 616 ad
1417 596 1494 616 sacra
1516 589 1691 617 accesserint.
1724 589 1772 616 Sili

984 643 1074 664 autem
1096 645 1126 664 ea
1149 636 1227 663 nobis
1253 636 1305 662 huc
1327 635 1451 662 veniendi
1478 643 1560 662 causa
1585 635 1646 668 fuit,
1666 640 1695 661 ut
1711 636 1772 663 lidei

985 684 1166 718 patrocinium
1185 683 1398 717 susciperenius,
1421 681 1603 716 Ecclesiaaque
1623 682 1680 708 viro
1703 681 1773 708 inte-

986 731 1036 757 rim
1052 731 1164 762 orbatae,
1179 730 1252 756 haud
1271 737 1351 769 secus
1366 736 1398 755 ac
1411 734 1514 756 tutores
1532 729 1640 763 quidam
1654 732 1681 755 et
1695 735 1774 754 cura-

985 782 1067 809 tores,
1089 784 1198 811 operam
1223 784 1272 810 pro
1292 776 1361 803 virili
1384 780 1475 803 nostra
1493 782 1664 807 nararemus,
1684 774 1773 806 alteri,

985 823 1029 857 qui
1063 823 1202 857 praestanti
1230 823 1314 857 ipsius
1339 821 1425 849 forma
1448 822 1545 855 dignus
1569 820 1716 851 videretur.
1743 828 1775 847 ac

985 870 1059 904 plura
1075 869 1203 896 virtutum
1219 874 1347 904 tanquam
1359 868 1494 902 sponsalia
1507 867 1607 901 regina:
1619 866 1773 904 obtulisset,

145 902 231 952 τυρὸς
246 902 330 952 οἰκίᾳ.
341 902 534 954 δαπανῷμένῃ,
555 902 713 953 ἤᾟκάῷεσί.
725 902 896 955 βοηθοδντες,
914 919 930 954 ἦ

988 923 1048 943 eam
1065 915 1235 946 collocaturi,
1261 920 1350 941 utrum
1378 914 1484 940 tandem
1516 912 1592 940 nobis
1616 902 1774 945 huiusmodi

144 960 288 994 ςάλαγξιν,
309 961 325 995 ἢ
343 961 513 996 σῦεστηρίοις
524 962 661 997 ὀργάνοις,
678 963 788 995 πάντως
803 963 863 999 ἃ.νῆ
881 972 931 990 κα-

143 1006 324 1037 ταποντιστὰς
339 1007 412 1041 ἡμᾶς
435 1007 589 1042 ὠνόμασας,
604 1008 621 1043 ἢ
640 1009 691 1043 τῆς
711 1008 824 1041 πόλεως,
848 1009 864 1044 ἢ
885 1009 934 1043 τῆς

145 1051 235 1082 Liuia;
249 1051 368 1087 ἐραστὰς
393 1052 460 1087 (89),
481 1053 538 1079 ἀλλ’
563 1053 593 1080 οὺ
613 1054 769 1089 προστάτας
788 1054 835 1081 καὶ
856 1054 935 1090 κηδε-

145 1097 239 1131 μόνας.

987 961 1069 990 animi
1083 961 1210 988 alacritas
1226 960 1342 992 laudem,
1371 968 1403 986 an
1428 959 1566 987 hominum
1588 959 1708 993 Suspicio
1732 966 1775 984 re-

988 1008 1193 1042 prehensionem
1235 1006 1332 1034 aﬂcrre
1367 1006 1445 1033 debet
1485 1004 1715 1041 (quandoquidem
1742 1011 1774 1030 ex

989 1054 1084 1080 alienis
1097 1052 1237 1080 aﬂectibus
1255 1052 1434 1088 judicamnr)?
1457 1051 1555 1078 Eodem
1580 1051 1662 1086 igitur
1685 1051 1774 1082 modo,

989 1101 1031 1127 vir
1041 1102 1153 1134 optime.
1177 1099 1198 1126 si
1215 1100 1276 1126 navi
1298 1102 1458 1133 tempestate
1479 1099 1587 1132 iactata:
1611 1104 1642 1123 ac
1669 1096 1775 1130 pericli-

144 1147 224 1178 tanti,
232 1151 277 1173 aut
286 1147 346 1174 urbi
354 1147 493 1175 obsidione
501 1148 607 1180 cinctae,
618 1153 663 1175 aut
671 1149 772 1176 mdibus
783 1148 895 1175 ﬂamina:
904 1147 1347 1182 ardorecmitlagrantibusmanum
1359 1146 1583 1180 porrexissemus,
1595 1144 1692 1178 partim
1702 1143 1776 1169 vide-

144 1193 208 1220 licet
218 1195 333 1228 scaphis,
344 1196 440 1229 partim
452 1196 582 1228 exercitu,
590 1197 685 1230 partim
694 1198 879 1224 instrumentis
888 1197 920 1223 ad
932 1196 1153 1230 exstinguendam
1164 1196 1296 1221 ﬂammam
1308 1193 1487 1222 accommodis
1493 1200 1571 1225 opem
1581 1191 1707 1222 ferentes,
1715 1196 1775 1223 pro-

146 1240 191 1268 cul
206 1241 286 1267 dubio
300 1249 359 1272 nos.
374 1247 419 1268 aut
438 1243 587 1276 pradones,
602 1246 647 1269 aut
669 1243 743 1270 orbis
760 1243 800 1270 vel
816 1244 911 1269 domus
926 1248 1060 1269 amatores
1076 1249 1211 1273 voca~ses,
1225 1248 1276 1268 non
1296 1245 1384 1267 alitem
1401 1245 1527 1274 patronos
1538 1242 1565 1264 et
1576 1241 1774 1271 procuratores.

181 1285 218 1313 Z'.
234 1286 304 1313 Ἀλλ’
317 1288 368 1322 οὐχ
386 1287 468 1319 οὕτω,
484 1289 561 1323 φησὶ,
578 1289 651 1315 δοκεῖ
668 1289 725 1325 (90)
742 1290 799 1321 τοῖς
817 1288 933 1320 πολλοῖς.

145 1333 179 1359 Τί
195 1333 224 1359 δέ
238 1342 282 1368 μοι
296 1334 429 1369 διαφέρει,
478 1334 525 1361 τοῦ
541 1333 611 1362 εἶναι
627 1335 719 1362 πλεῖον
734 1335 789 1371 (91)
803 1337 818 1362 ὁ
833 1335 911 1369 λόγος
927 1356 934 1367 ,

151 1379 253 1414 μᾶλλον
267 1379 295 1406 δὲ
317 1381 389 1413 πᾶς;
416 1381 501 1407 Τοῦτο
527 1381 592 1417 γὰρ,
619 1382 636 1417 ἣ
656 1381 859 1418 κατέκρινεν,ἣ
885 1381 938 1407 ἐδι-

145 1425 264 1451 καίωσεν
273 1433 280 1440 “
300 1425 316 1460 ἢ
330 1425 422 1452 ἄθλιον
435 1426 619 1463 πεποίηκεν,ἢ
635 1427 780 1462 μακάριον.
803 1427 840 1454 Τὸ
853 1427 882 1453 δὲ
894 1427 937 1453 δο-

145 1472 216 1503 κεῖν,
232 1471 308 1497 οὐδὲν
322 1472 390 1507 πρὸς
412 1473 496 1507 ἡμᾶς,
518 1472 612 1509 ὥσπερ
628 1473 688 1499 οὐδὲ
703 1474 769 1509 ἧναρ
784 1473 933 1509 ἀλλότριον.

1027 1286 1080 1313 VII.
1102 1287 1136 1314 At
1156 1286 1291 1320 plerisque
1317 1291 1399 1312 secus
1426 1283 1542 1313 videtur,
1565 1280 1681 1315 inquies.
1706 1279 1777 1312 Quid

988 1341 1052 1361 vero
1065 1340 1124 1360 mea
1142 1332 1264 1362 interest,
1290 1331 1336 1365 qui
1352 1330 1390 1357 rei
1423 1329 1563 1355 veritatem
1594 1327 1679 1360 magis
1699 1332 1774 1357 curo,

989 1380 1043 1406 imo
1063 1378 1150 1406 solum
1171 1377 1254 1404 curo?
1276 1376 1332 1403 Hoc
1352 1375 1424 1403 enim
1448 1374 1490 1402 vel
1511 1381 1553 1400 me
1576 1372 1775 1400 condemnave-

989 1426 1035 1458 rit,
1061 1425 1103 1452 vel
1125 1423 1291 1452 absolverit:
1308 1423 1359 1450 hoc
1383 1421 1425 1449 vel
1453 1421 1581 1448 miserum
1602 1419 1641 1446 vel
1668 1418 1776 1445 beatum

989 1472 1147 1499 reddiderit.
1172 1472 1217 1503 At,
1247 1470 1311 1504 quid
1335 1469 1396 1496 aliis
1423 1467 1556 1499 videatur,
1582 1465 1650 1493 nihil
1670 1465 1702 1490 ad
1715 1471 1775 1496 nos,

145 1517 203 1552 οὐχ
215 1516 298 1548 οὕτω,
315 1518 395 1552 φησι,
419 1518 508 1549 δοκεῖς
529 1519 587 1550 τοῖς
605 1518 722 1550 πολλοῖς,
744 1518 881 1554 ἄνθρωπε.
903 1518 934 1544 Ἠ

988 1517 1214 1553 quemadmodum
1248 1523 1298 1542 nec
1325 1515 1443 1541 alienum
1476 1513 1621 1540 somnium.
1650 1510 1707 1536 Non
1738 1510 1774 1536 ita

144 1563 182 1598 γῆ
196 1563 224 1589 δὲ
235 1563 309 1589 δοκεί
322 1565 378 1594 τοῖς
393 1563 542 1598 ίλιγγιῶσιν
556 1564 667 1591 ἑστάναι
677 1573 684 1597 ;
696 1566 751 1595 τοῖς
762 1563 790 1590 δὲ
807 1564 936 1600 μεθύουσι

145 1609 243 1642 νήφειν
253 1608 278 1634 οἱ
294 1609 435 1644 νήφοντες,
453 1609 510 1636 ἁλλ’
530 1611 580 1636 οὐκ
599 1610 644 1636 ἐπὶ
660 1608 782 1645 κεφαλὴν
808 1608 936 1644 βαδίζειν,

145 1654 162 1688 ἣ
178 1655 413 1691 περιτρέπεσθαι;
431 1657 462 1683 τὸ
479 1656 540 1692 μέλι
561 1657 600 1689 δὲ,
621 1657 651 1684 οὺ
678 1657 776 1692 πικρόν
790 1657 874 1688 ἐστιν,
893 1657 937 1682 ὅτε

145 1701 193 1726 καὶ
205 1698 246 1732 οἷς
261 1702 412 1737 νομίζεται,
427 1703 535 1729 νοσοῦσί
551 1712 580 1730 τε
598 1704 644 1730 καὶ¹
657 1703 749 1734 κακῶς
766 1703 820 1738 (92)
837 1703 938 1729 διακει-

146 1747 259 1782 μένοις;
291 1749 360 1775 Ἀλλ’
377 1749 408 1775 οὐ
426 1749 500 1784 παρὰ
518 1749 599 1776 τοῦτο
621 1749 656 1776 τὰ
680 1749 830 1785 πράγματα
851 1749 937 1780 οὕτως

144 1791 213 1826 ἔχει,
225 1792 263 1824 ὡς
278 1792 351 1819 δοκεῖ
372 1795 430 1825 τοῖς
451 1794 611 1829 πάσχουσιν.
628 1793 720 1826 Δεῖξον
742 1791 788 1820 οὖν
805 1793 937 1827 ὑγιαίνον-

143 1845 194 1868 τας
211 1838 276 1869 τοὺς
290 1838 376 1870 οὕτως
392 1839 586 1874 ὑπειληφότας,
609 1840 656 1866 κα).
677 1840 739 1866 τότε
755 1840 821 1875 ἡμῖν
839 1839 938 1874 παραί-

143 1892 223 1911 νεσον
240 1884 296 1920 (93)
313 1885 524 1919 μετατίθεσθαι·
541 1886 557 1921 ἢ
574 1885 774 1920 καταγίνωσκε,
794 1885 832 1921 μὴ
849 1885 937 1912 πειθο-

146 1932 248 1968 μένων,
263 1931 321 1958 ἀλλ’
337 1931 385 1957 ἐπὶ
402 1931 452 1966 τῆς
473 1931 558 1966 αὐτῆς
573 1931 725 1966 ἱσταμένων
739 1930 864 1967 κρίσεως.
882 1931 938 1967 Οὐχ

144 1980 222 2007 οὕτω
233 1979 306 2005 δοκῶ
317 1980 376 2011 τοῖς
392 1978 510 2010 πολλοῖς,
528 1978 587 2013 Θεῷ
600 1978 628 2004 δὲ
645 1978 717 2005 οὕτω
729 1987 737 1994 ·
751 1979 797 2005 καὶ
812 1978 842 2004 οὐ
855 1977 936 2009 δοκῶ,

148 2026 345 2062 πεφανέρωμαι
358 2025 387 2051 δὲ
405 2024 445 2059 τῷ
458 2025 539 2051 εἰδότι
555 2024 589 2051 τὰ
609 2025 696 2051 πάντα
712 2024 767 2059 (94)
784 2025 848 2060 πρὶν
861 2024 938 2058 γενέ-

148 2080 217 2103 σεως
230 2071 332 2102 αὐτῶν,
345 2070 384 2106 τῷ
400 2070 547 2097 πλάσσοντι
560 2070 617 2105 (95)
631 2070 788 2106 καταμόνας
804 2070 853 2101 τὰς
871 2078 938 2106 καρ-

145 2116 205 2147 δίας
216 2116 305 2151 ἡμῶν,
318 2115 359 2151 τῷ
372 2115 487 2142 συνιέντι
501 2116 541 2147 εἰς
555 2115 645 2142 πάντα
659 2115 694 2141 τὰ
707 2115 775 2150 ἔργα
795 2115 885 2151 ἡμῶν,
905 2115 938 2142 τὰ

145 2162 297 2197 κινήματα,
314 2161 361 2188 κα)⁸
387 2161 422 2187 τὰ
446 2161 627 2196 διανοήματα.
641 2161 701 2197 μεθ’
717 2158 754 2188 ὧν
769 2161 802 2188 τὰ
820 2161 937 2197 πραττό-

149 2215 228 2242 μενα,
242 2206 271 2232 ὃν
286 2206 412 2234 λανθάνει
428 2207 482 2234 τῶν
497 2207 581 2234 ὄντων
603 2206 691 2239 οὐδὲν,
708 2206 769 2233 οὐδὲ
785 2206 877 2233 λαθεῖν
893 2206 938 2232 δύ-

147 2262 238 2286 ναται,
256 2253 284 2285 ὃς
295 2254 396 2289 ἑτέρως
411 2254 461 2289 ὁρᾷ
478 2253 513 2279 τὰ
534 2253 666 2289 ἡμέτερα,
687 2253 703 2288 ἧ
719 2253 756 2284 ὡς
770 2252 869 2288 ὁρῶσιν
890 2252 937 2279 ἄν-

148 2299 263 2337 θρωποι.
280 2301 448 2334 Ἄνθρωπος
475 2299 525 2334 μὲν
546 2299 599 2335 γὰρ
622 2301 665 2332 εἰς
681 2300 852 2333 πρόσωπον,
874 2300 889 2325 ό
906 2298 940 2325 δὲ

185 2376 196 2392 ⁸
215 2377 283 2404 Dan.
298 2385 358 2409 xtn,
381 2376 426 2403 42.
465 2375 561 2404 'Psal.
585 2384 669 2409 xxxn,
692 2376 734 2403 IS,

185 2456 239 2491 (83)
257 2453 779 2491 eramdcrdvuotplac._Gregori_us
802 2461 849 2491 per
879 2461 938 2479 mu-

150 2488 238 2519 lierem
272 2491 386 2518 alienant
419 2489 545 2522 intelligit
572 2498 582 2514 ι
610 2488 937 2522 Constautiuopolitanam

150 2527 316 2558 Ecclesiam;
331 2530 358 2552 et
377 2532 424 2558 per
440 2525 586 2559 propriam.
600 2523 714 2551 Sasiina.
736 2533 745 2559 ι

186 2562 241 2597 (84)
267 2560 444 2595 Ἐχέτωσαν,
464 2565 517 2587 etc.
539 2568 547 2584 ι
571 2559 666 2597 _E_’otior_
678 2560 713 2585 sit
728 2558 938 2597 Gabaonitarum

151 2593 281 2628 conditio,
298 2593 388 2630 quam
415 2600 518 2621 nostra.
540 2603 550 2619 ι
571 2594 716 2621 ΙΙαιι-οιὶροε
734 2594 878 2628 signilicat.
893 2593 938 2630 qui

152 2633 212 2660 licet
238 2629 347 2667 opibus,
364 2635 406 2667 et_
424 2630 509 2667 gratia
539 2630 736 2667 ﬂorerent,__ne
766 2630 874 2667 quidem
900 2629 940 2655 di-

151 2669 194 2702 gni
208 2664 348 2702 eraiit.qui
367 2665 407 2702 vel
417 2664 553 2702 minimum
562 2664 704 2702 sacerdotii
721 2665 940 2702 munusobi‘rent.

186 2702 241 2739 (85)
262 2698 470 2739 Ξῃλοκόπους.
494 2699 539 2726 Sic
562 2698 632 2739 LXX
659 2705 684 2726 et
708 2699 836 2739 permulti
856 2698 938 2739 Regg.

151 2733 241 2768 codd.',
257 2746 266 2763 ι
286 2737 420 2771 lignorum
435 2742 560 2771 cazsores.
576 2744 586 2771 ι
600 2733 804 2771 Lenyenlrlaius
814 2741 862 2771 pro
880 2744 889 2760 ι
906 2735 940 2760 Ii-

151 2768 332 2807 gnaturibns'g
341 2776 369 2798 et
383 2779 392 2795 ε
415 2770 476 2807 lixis
497 2779 506 2796 ι
523 2768 678 2807 _accipit._lo
692 2770 749 2801 ed.,
767 2769 938 2805 ξυλοφόρους.

264 2806 302 2834 Τὰ
318 2804 443 2843 δυνατά.
520 2805 545 2836 ﬂ,
559 2805 630 2843 κατὰἶ
640 2803 763 2843 δύναμινἸ

185 2839 241 2876 (87)
250 2841 390 2868 [Me-lora.
400 2840 455 2866 Duo
464 2840 546 2876 itegg.
555 2846 579 2876 et
587 2840 784 2876 quiiiqueqoll).
792 2839 940 2867 addunttd.

185 2874 241 2913 (38)
268 2875 437 2911 Ὀρέγομεν.
465 2874 531 2903 Βυιί
554 2875 647 2911 Bcgg.,
669 2875 687 2911 ⁴ιὶ

149 2910 300 2949 ὐρίγομιν.

554 2875 647 2911 Bcgg.,
669 2875 825 2911 ὡρέξαμεν.
848 2876 895 2905 0r.
917 2876 941 2908 ι,

989 1564 1049 1591 aliis
1068 1563 1183 1595 videtur,
1200 1562 1251 1590 ais.
1266 1561 1334 1595 Quid
1351 1560 1434 1587 vero?
1459 1560 1497 1586 An
1512 1559 1557 1589 iis,
1573 1558 1619 1592 qui
1641 1556 1775 1591 vertigine

989 1609 1106 1644 correpti
1119 1613 1193 1641 sunt,
1211 1613 1281 1635 terra
1300 1607 1352 1634 lixa
1366 1612 1392 1633 et
1409 1605 1515 1633 stabilis
1530 1611 1591 1632 esse
1604 1602 1726 1630 videtur?
1743 1609 1776 1627 an

989 1656 1071 1683 ebriis
1088 1655 1171 1683 sobrii
1188 1655 1293 1689 integra
1307 1658 1398 1679 mente
1418 1659 1491 1683 esse,
1514 1658 1547 1678 ac
1570 1657 1621 1677 non
1640 1649 1728 1684 potius
1749 1648 1776 1673 in

989 1707 1070 1736 caput
1104 1701 1252 1733 incedere,
1291 1707 1323 1727 ac
1352 1705 1459 1726 sursum
1503 1697 1684 1730 deorsumque
1718 1702 1776 1720 mo-

989 1749 1044 1775 veri
1056 1748 1068 1774 ?
1079 1747 1162 1783 6&0
1180 1754 1269 1773 annon
1299 1745 1460 1780 quibusdam
1477 1743 1611 1770 interdum
1626 1741 1777 1768 hominibus

990 1794 1042 1822 mel
1062 1801 1183 1821 amarum
1201 1797 1254 1824 εει,
1272 1799 1367 1826 nempe
1388 1791 1483 1817 morbo
1503 1788 1700 1825 laborantibus,
1719 1795 1777 1813 ma-

988 1841 1066 1875 leque
1082 1839 1206 1867 allectis?
1223 1839 1257 1865 At
1274 1845 1328 1864 non
1346 1840 1488 1872 propterea
1506 1842 1548 1861 res
1563 1834 1602 1861 sic
1618 1841 1646 1861 se
1665 1834 1777 1863 habent,

988 1891 1028 1919 It.
1039 1886 1084 1921 qui
1096 1886 1131 1912 ita
1142 1884 1227 1912 aﬂ’ecti
1241 1889 1314 1915 sunt,
1328 1882 1506 1909 arbitrantur.
1522 1881 1654 1914 Quocirca
1667 1879 1778 1906 ostende

989 1933 1064 1968 prius
1076 1939 1135 1964 eos,
1152 1931 1197 1966 qui
1214 1931 1246 1957 de
1263 1930 1341 1957 nobis
1357 1929 1392 1955 ita
1409 1928 1541 1958 sentiunt,
1555 1934 1637 1953 sanos
1651 1933 1727 1958 esse;
1745 1932 1777 1952 ac

990 1984 1045 2006 tuin
1061 1986 1110 2005 nos
1123 1977 1248 2007 admone,
1272 1981 1298 2003 ut
1324 1975 1461 2002 meliorem
1478 1978 1596 1999 tuentem
1611 1972 1772 1998 imluanius:

989 2029 1036 2052 aut
1055 2024 1218 2055 condemna,
1246 2022 1267 2048 si
1290 2020 1405 2048 consilio
1433 2024 1478 2046 tuo
1494 2026 1545 2044 non
1563 2023 1716 2051 pareamus,
1730 2015 1778 2043 sud

990 2071 1016 2098 in
1035 2071 1128 2097 eadem
1151 2070 1284 2097 sententia
1307 2073 1468 2102 perstelnus.
1491 2064 1548 2092 Non
1573 2065 1607 2090 ita
1633 2063 1724 2090 multis
1740 2062 1779 2089 vi-

993 2115 1068 2147 deor,
1085 2120 1112 2142 at
1132 2115 1185 2141 Deo
1208 2115 1245 2141 ita
1260 2124 1267 2142 ε
1283 2114 1337 2140 imo
1361 2120 1414 2139 nou
1435 2112 1538 2144 videor,
1553 2110 1600 2137 sed
1621 2108 1778 2144 perspicuus

990 2168 1071 2198 atque
1093 2162 1253 2190 manifestus
1270 2169 1328 2188 sum
1355 2161 1391 2192 ei,
1415 2159 1461 2194 qui
1487 2158 1590 2188 omnia.
1621 2157 1777 2191 priusquam

954 2211 976 2239 D
990 2210 1122 2240 oriantur,
1136 2208 1242 2239 novit“;
1256 2208 1300 2242 qui
1311 2206 1392 2234 corda
1408 2209 1500 2233 nostra
1515 2204 1652 2238 sigillatiin
1670 2202 1774 2236 lingit“;

993 2255 1039 2288 qui
1057 2254 1083 2280 in
1098 2254 1188 2280 omnia
1206 2261 1287 2288 ονε-νει
1305 2257 1411 2284 "astra,
1426 2258 1521 2279 omnes
1534 2255 1622 2277 motus
1638 2254 1665 2276 et
1678 2249 1779 2283 cogita-

994 2300 1092 2332 tiones,
1116 2300 1276 2335 quibuscum
1297 2308 1340 2326 res
1353 2307 1367 2325 a
1388 2298 1465 2325 nobis
1480 2303 1620 2331 geruntur,
1637 2295 1777 2330 intelligit;

1027 2449 1084 2486 (89)
1111 2450 1267 2484 Ἐραστάς.
1287 2461 1296 2476 ι
1318 2452 1469 2485 Amatores,
1485 2452 1604 2486 cupidos.
1627 2462 1636 2478 ι
1657 2450 1778 2478 Lenven-

991 2485 1079 2513 klaius
1108 2487 1202 2517 vertit.
1233 2496 1242 2512 ι
1266 2494 1417 2514 eversores.
1438 2497 1448 2513 ι
1472 2487 1552 2514 Forte
1581 2488 1660 2521 legit,
1685 2487 1778 2520 ἐδαφι-

990 2521 1070 2562 στᾴς.
1088 2524 1115 2547 ut
1133 2522 1241 2562 scripsit
1257 2521 1349 2549 Billius
1358 2523 1393 2562 ad
1408 2530 1492 2557 marg.
1510 2524 1552 2549 ed.
1564 2522 1638 2555 Bas.,
1656 2523 1780 2556 quamvis

989 2557 1016 2583 in
1034 2557 1258 2590 inlerpretatione
1274 2565 1327 2583 non
1343 2557 1378 2584 sit
1393 2563 1512 2584 secutus.

1025 2592 1080 2626 (9υ)
1099 2591 1194 2618 Δοκεῖ.
1213 2591 1279 2625 [{cg.
1296 2593 1339 2618 bm
1370 2591 1470 2626 aliique
1489 2592 1590 2627 plures,
1604 2591 1702 2624 δοκεῖς.
1719 2601 1727 2617 ι
1746 2593 1780 2619 At

989 2627 1075 2662 enim,
1088 2626 1169 2662 dicati
1179 2627 1288 2662 aliquis,
1301 2627 1434 2662 plerisqu)
1450 2626 1502 2653 non
1518 2628 1626 2653 videris.
1641 2637 1650 2652 ι

1025 2661 1080 2696 (91)
1101 2661 1220 2688 Πλεῖον.
1236 2661 1516 2697 ιιεςυιιᾱιιιιιίνὶιίοιιιτ,
1529 2662 1638 2690 πλείων.
1654 2662 1700 2690 Sic
1715 2663 1782 2690 scri-

991 2703 1065 2731 plum
1081 2697 1230 2731 reperimus
1248 2697 1273 2724 in
1291 2704 1344 2724 uno
1357 2705 1372 2724 e
1389 2697 1481 2731 Regiis
1495 2698 1644 2724 codicibus.

1039 2731 1083 2767 92)
1103 2731 1215 2765 Κακῶς.
1231 2732 1313 2759 Savil.
1325 2737 1352 2759 et
1363 2733 1470 2765 Comb.,
1485 2732 1602 2767 πικρῶς.

1037 2766 1082 2804 υᾷ)
1100 2768 1297 2804 Πζιριιινεσον·ἕ
1313 2766 1379 2795 Tres
1389 2768 1477 2800 codd.,
1489 2766 1626 2804 παραίνει.

1028 2802 1083 2836 (94)
1106 2802 1143 2829 Τὰ
1158 2802 1265 2829 πάντα.
1281 2803 1327 2830 Sic
1347 2808 1400 2830 tres
1414 2804 1493 2830 codd.
1512 2802 1590 2830 Deest
1601 2803 1636 2829 τά
1651 2803 1676 2829 in
1694 2803 1737 2830 ed.

1028 2837 1084 2873 (95)
1104 2837 1288 2864 Πλάσσοντι.
1314 2839 1384 2868 Βιιδ..
1413 2838 1557 2865 πλάσαντι.
1587 2839 1632 2865 Sic
1658 2839 1684 2865 iu
1712 2838 1779 2873 psal.

992 2872 1079 2914 xsxtt,
1145 2872 1206 2914 ,ε’-’0
1219 2873 1323 2914 pleias;
1345 2873 1501 2914 καταμόνας
1525 2874 1575 2905 τὰς
1598 2873 1711 2909 καρδίας
1732 2873 1782 2901 αὺ-

992 2908 1056 2935 τῶν.
1077 2917 1085 2934 ι
1102 2907 1151 2941 Qui
1162 2909 1239 2936 tinxit
1250 2909 1388 2944 sigillatini
1401 2907 1482 2937 cbrdu
1498 2917 1602 2938 eorum.
1624 2919 1633 2935 ι
