2029 3127
261 144 315 171 275

861 140 890 169 S.
911 139 1074 169 GREGORll
1094 138 1266 167 THEOLOGI

1829 134 1881 162 2⁵16

261 210 341 238 quem
362 202 428 230 nihil
445 209 551 232 eorum.
576 208 635 236 qua:
656 204 729 233 sunt,
744 200 820 234 latet,
834 204 880 228 aut
895 200 980 227 latere
996 207 1043 234 po-

1105 198 1168 230 θεὸς
1180 197 1235 233 (96)
1242 198 1285 229 εἰς
1298 196 1432 230 καρδίαν.
1451 195 1588 226 Ἤκουσας
1602 193 1651 229 τῆς
1663 192 1774 229 Γραφῆς
1789 192 1869 227 λεγού

260 255 328 282 test;
346 249 391 283 qui
409 248 487 275 aliter
499 255 543 275 res
555 253 660 275 nostras
678 248 807 280 intuetur,
823 251 904 281 alque
919 245 1046 273 mortales

260 295 358 321 solent.
384 292 470 320 Homo
486 293 557 320 enim
569 293 636 321 videt
648 293 676 319 in
689 292 781 326 faciem
795 299 804 319 :
822 291 890 319 Deut
904 296 991 318 autem
1004 290 1046 317 in-

260 344 349 366 tuetur
368 347 413 365 cor
426 339 445 365 ⁸.
461 338 567 365 Audisti
588 338 756 372 Scripturam
779 337 836 365 haec
853 335 984 364 dicentem
996 345 1002 363 :
1015 343 1047 363 ac

261 385 340 411 [idem
363 384 472 411 adhibe.
498 383 582 419 Cujus
608 383 739 418 judicium
758 383 876 411 conlatis
893 382 1048 409 hominibus

261 431 346 464 pluris
367 431 535 463 faciendum,
562 431 701 464 magisque
724 430 872 457 curandum
889 433 949 460 est,
966 435 1046 462 quam

261 477 382 503 omnium
400 476 514 504 aliorqu
536 477 563 503 in
588 484 670 504 unum
695 480 860 503 coactomm.
878 475 918 501 Au
931 479 969 507 tu,
982 475 1048 500 duos

262 522 370 556 quidem
388 523 522 554 homines,
539 530 654 557 quorum
672 522 740 549 alter
754 522 858 549 acutior
872 525 898 548 et
911 520 1043 556 sagacior,

261 569 330 595 alter
346 569 495 602 imperitior
506 575 531 596 et
547 569 666 596 hebetior
678 573 764 600 esset,
783 568 815 595 de
828 568 920 595 eodem
935 567 1043 601 negotio

263 613 290 640 in
313 614 454 641 consilium
477 615 618 646 adhibens,
640 614 710 641 haud
722 617 795 640 recta
812 617 902 640 mente
919 611 1047 646 praaditus

265 666 327 687 esse
345 660 488 692 videreris,
509 660 543 692 si,
570 659 666 687 relicto
686 658 826 693 prudentis
840 657 964 690 consilio,
975 656 1048 691 judi-

1098 252 1157 279 οης,
1170 244 1216 271 καὶ
1226 244 1347 270 πίστευε.
1366 240 1403 269 Οὗ
1417 241 1589 277 φροντιστέον
1614 240 1722 276 μᾶλλον,
1741 240 1758 275 ἢ
1775 240 1882 266 πάντων

1096 290 1164 325 ὁμοῦ
1180 289 1235 316 τῶν
1258 289 1355 322 ἄλλων,
1379 290 1436 320 τοῖς
1452 296 1483 322 γε
1506 287 1567 314 νοῦν
1586 287 1701 322 ἔχουσιν.
1723 286 1757 312 Ἣ
1770 285 1817 312 δύο
1834 285 1883 320 μὲν

1097 336 1252 372 ἀνθρώποις
1267 335 1332 370 περὶ
1352 334 1399 361 τοῦ
1425 333 1507 361 αὑτοῦ
1535 333 1696 369 πράγματος
1722 330 1883 366 συμϐούλοις

1098 382 1248 418 χρώμενος,
1274 380 1446 415 συνετωτὲρῳ
1467 388 1497 406 τε
1517 379 1564 406 καὶ
1586 378 1774 414 ἀμαθεστέρῳ,
1788 378 1838 404 οὐκ
1851 376 1883 402 ἂν

1100 426 1129 454 εὗ
1147 428 1255 462 φρονεῖν
1281 425 1383 457 ἔδοξας,
1407 425 1431 451 εί
1450 425 1495 451 τὸν
1522 423 1702 460 συνετώτερον
1717 422 1825 458 παρεὶς,
1846 421 1884 456 τῷ

1100 472 1280 507 ἀμαθεστέρῳ
1296 469 1553 506 κατηκολούθησας;
1579 468 1638 495 οὐδὲ
1655 469 1708 503 γὰρ
1730 469 1745 495 ὁ
1768 467 1884 502 Ῥοϐοὰμ

1100 518 1229 554 ἐπῃνέθη,
1251 517 1292 543 ὄτι
1312 516 1359 552 τὴν
1381 515 1478 551 βουλὴν
1493 514 1547 541 τῶν
1570 514 1762 550 πρεσϐυτέρων
1787 512 1886 547 ἀτιμά-

1101 573 1160 595 σας,
1175 563 1225 599 τὴν
1239 562 1294 589 τῶν
1307 561 1446 596 νεωτέρων
1461 560 1569 596 ἔστησε.
1587 559 1653 587 Θεοῦ
1669 560 1698 586 δὲ
1713 559 1761 586 καὶ
1780 557 1885 594 ἀνθρώ-

1101 618 1158 636 πων
1170 607 1380 643 ἐξεταζομένων,
1400 607 1580 642 προτιμήσεις
1593 605 1628 632 τὰ
1643 605 1698 632 τῶν
1714 603 1885 640 ἁνθρώταυν;

1103 655 1140 682 Οὐ
1157 654 1189 681 σύ
1204 662 1247 688 γε,
1264 654 1298 680 ἂν
1308 652 1370 688 ἐμοὶ
1383 652 1475 688 πείθῃ,
1493 652 1541 678 καὶ
1557 652 1657 687 φρονῇς
1673 651 1793 686 ἄμεινον.

262 707 334 734 cium
358 706 475 742 imperiti
498 705 669 741 sequereris?
690 704 782 740 Neque
793 705 864 732 enim
880 703 1000 731 Roboam
1028 709 1061 729 ex
1081 708 1113 728 eo
1131 701 1236 728 laudem
1259 703 1300 727 est
1322 702 1493 730 consecutus,
1508 697 1588 732 quod,
1603 705 1651 732 pro
1681 696 1765 724 nihilo
1795 694 1886 722 habita

263 762 357 782 senum
378 755 521 787 sententia,
543 753 671 787 juvennm
693 752 813 781 consiliis
840 751 961 786 paruit'.
983 749 1050 777 Cum
1072 753 1161 775 autem
1186 747 1256 774 Deus
1277 751 1304 774 et
1325 746 1447 773 homines
1474 745 1545 773 inter
1577 750 1607 771 se
1636 743 1887 778 erpendantur,ju-

263 802 332 829 dicia
368 801 507 828 hominum
534 801 638 835 potiora
661 801 753 834 duces,
782 807 862 836 quam
882 799 948 827 Dei?
964 799 1136 833 Nequaquam
1156 801 1229 824 certe
1249 795 1274 823 id
1292 794 1383 825 facies.
1405 794 1428 822 si
1450 801 1494 821 me
1512 794 1615 825 audias.
1636 798 1762 826 recteque
1774 791 1884 818 sentias.

302 849 365 878 VIII.
386 850 431 882 At,
444 851 542 885 inquis,
561 854 668 877 tuarum
693 850 916 878 contumeliarum
937 856 986 876 nos
1007 855 1052 883 pu-

1139 847 1180 873 H'.
1197 845 1267 872 Ἀλλ’
1284 843 1466 879 αἰσχυνόμεθά
1488 851 1553 874 σου,
1577 841 1655 876 φησὶ,
1678 840 1737 870 ταῖς
1763 837 1884 885 ὕϐρεσιν.

265 898 321 925 det.
347 897 390 925 Me
407 905 471 924 vero
492 898 587 930 vestri,
611 905 678 931 quos
699 897 734 924 ob
748 903 807 924 eam
830 903 886 923 rem
911 895 1048 929 pudescat.

263 943 332 970 Nam
362 943 385 970 si
421 943 477 970 lucc
503 943 575 976 juste
599 943 728 977 patimur,
761 942 839 969 nobis
859 941 948 976 potius
973 940 1049 975 ipsis,

266 997 347 1025 quam
362 989 438 1016 vobis
455 993 545 1016 nostra
561 996 654 1022 causa,
676 988 891 1016 erubescendum
914 992 973 1019 est;
997 994 1050 1013 non

267 1035 330 1069 quia
342 1037 548 1067 contemnimur,
561 1035 607 1061 sed
616 1034 678 1069 quia
691 1037 844 1068 contemptu
864 1037 890 1060 et
905 1031 1050 1063 ignominia

267 1081 365 1115 dignos
394 1088 445 1108 uos
471 1080 620 1114 pratbemus
636 1087 643 1106 :
659 1080 681 1107 si
703 1084 793 1107 autem
820 1079 924 1113 inique,
949 1078 1052 1105 crimen

266 1134 364 1154 eorum
383 1131 435 1159 est,
454 1126 500 1161 qui
522 1125 712 1153 contumeliam
733 1125 872 1157 inferunt;
890 1132 922 1152 ac
940 1124 1053 1159 proinde

264 1171 373 1198 illorum
397 1171 506 1205 potius,
535 1178 615 1205 quam
641 1171 728 1198 nostri
754 1178 835 1197 causa
863 1170 997 1204 indignari
1025 1173 1052 1196 et

267 1217 432 1244 stomachari
455 1216 569 1249 debetis,
592 1216 720 1251 quoniam
747 1215 765 1243 ii
790 1220 864 1247 sunt,
893 1215 1052 1249 quibuscum

267 1262 338 1289 male
355 1262 455 1297 agitur.
473 1261 549 1294 Quod
562 1261 584 1288 si
609 1268 662 1293 me,
683 1268 743 1288 cum
765 1260 852 1287 malus
873 1267 971 1291 essem,
988 1259 1055 1294 opti-

266 1316 339 1336 mum
371 1308 459 1335 virum
486 1308 678 1340 existimares,
711 1307 776 1341 quid
806 1306 871 1333 mihi
901 1306 1053 1333 faciendum

268 1353 360 1380 esset?
390 1353 575 1387 lmprobiorne
606 1357 635 1379 ut
663 1359 776 1384 essem,
803 1359 857 1386 quo
884 1352 971 1385 magis
1007 1351 1054 1377 tibi

270 1401 427 1434 placerem?
447 1398 661 1433 Haudquaquam
676 1405 741 1425 sane
757 1397 783 1425 id
800 1397 865 1424 mihi
882 1396 989 1424 consilii
1007 1397 1055 1423 de-

267 1442 379 1470 dissem.
396 1442 496 1469 Eodem
515 1442 594 1469 modo
614 1449 662 1469 uec
675 1441 698 1468 si
717 1449 772 1473 me,
791 1446 865 1469 recte
883 1445 911 1469 et
926 1449 986 1468 cum
1000 1441 1055 1468 vir-

267 1492 327 1514 tute
347 1487 529 1518 iucedentem,
548 1485 685 1514 oﬂ'endere
708 1493 739 1512 ac
763 1486 819 1513 labi
842 1490 932 1521 putes,
948 1485 1053 1522 ³641

1102 892 1175 926 Ἐγὼ
1188 892 1217 918 δὲ
1234 892 1309 926 ὑμῖν,
1324 891 1365 917 ὃτι
1390 888 1560 925 αἰσχύνεσθε.
1587 888 1619 914 Εἰ
1646 887 1695 922 μὲν
1721 885 1775 920 γὰρ
1800 883 1886 920 ὀρθῶς

1101 938 1188 965 ταῦτα
1201 937 1352 972 πάσχομεν,
1371 935 1527 970 αἰσχυντέον
1543 935 1609 969 ἡμῖν
1626 931 1735 968 μᾶλλον,
1746 931 1834 965 ἢὺμῖν
1845 929 1886 963 ἐφ’

1100 987 1166 1021 ἡμῖν
1178 995 1184 1000 '
1197 985 1245 1020 οὐχ
1264 985 1305 1011 ὃτι
1323 984 1379 1020 (97)
1396 982 1586 1018 ἀτιμαζόμεθα
1602 980 1735 1017 μᾶλλον,ἥ
1748 980 1789 1006 ὅτι
1805 979 1887 1014 ἐσμὲν

1102 1031 1214 1066 ἀτιμίας
1223 1030 1291 1062 ἄξιοι
1302 1038 1309 1045 ·
1320 1030 1343 1056 εἰ
1355 1029 1383 1056 δὲ
1393 1029 1502 1061 ἀδίκως,
1513 1028 1567 1055 τῶν
1576 1026 1739 1063 ὑϐριζόντων
1753 1025 1783 1052 τὸ
1792 1024 1888 1060 ἐγκλη-

1103 1086 1152 1112 μα,
1168 1077 1215 1104 καὶ
1238 1077 1308 1112 ὑπὲρ
1333 1076 1444 1102 ἐκείνων
1461 1075 1602 1111 μᾶλλον,ἣ
1627 1073 1697 1109 ὑπὲρ
1719 1072 1799 1108 ἡμῶν
1821 1072 1889 1105 ἀγα-

1102 1122 1248 1158 νακτητέον
1258 1131 1264 1137 ’
1280 1122 1379 1148 ἐκεῖνοι
1390 1121 1443 1156 γὰρ
1456 1122 1480 1147 οἱ
1493 1120 1585 1151 κακῶς
1598 1119 1755 1154 πάσχοντες.
1771 1117 1803 1144 El
1813 1117 1841 1142 δέ
1854 1124 1888 1151 με

1102 1168 1166 1195 ὅντα
1189 1168 1283 1201 κακὸν,
1312 1167 1421 1202 ἄριστον
1449 1166 1639 1201 ὑπελάμϐανες
1653 1185 1660 1197 ,
1681 1165 1713 1191 ’τί
1742 1172 1776 1200 με
1802 1164 1889 1190 ποιεῖν

1103 1215 1205 1250 ὲχρῆν;
1221 1212 1299 1241 Εἶναι
1317 1214 1417 1249 μᾶλλον
1439 1213 1534 1245 κακὸν,
1550 1213 1593 1239 ἵνα
1607 1211 1688 1239 πλέον
1703 1211 1813 1247 ἀρέσκω
1831 1209 1888 1242 σοί;

1105 1261 1162 1287 Οὐκ
1171 1261 1204 1287 ἂν
1216 1260 1295 1286 τοῦτο
1314 1259 1425 1296 ἐμαυτῷ
1449 1257 1656 1286 συνεϐούλευσα.
1670 1257 1763 1289 Οὕτως
1777 1256 1848 1286 οὐδὲ,
1864 1256 1889 1282 εἰ

1103 1305 1287 1341 κατορθοῦντα
1303 1314 1337 1341 με
1353 1305 1461 1332 πταίειν
1475 1303 1750 1339 ὑπολαμϐάνεις(98),
1764 1301 1813 1328 τοῦ
1825 1310 1891 1328 κατ-

1107 1351 1203 1387 ορθοῦν
1235 1352 1279 1378 διὰ
1300 1352 1329 1378 σὲ
1355 1351 1543 1387 μεταθήσομαι
1563 1350 1631 1386 (99).
1653 1349 1695 1375 Ζῶ
1716 1348 1781 1383 γὰρ,
1804 1348 1834 1375 οὐ
1849 1347 1891 1374 σοὶ

1106 1397 1204 1432 μᾶλλον
1226 1396 1242 1433 ἢ
1267 1396 1396 1432 ἐμαυτῷ·
1414 1397 1461 1423 καὶ
1485 1395 1636 1431 σύμϐουλον
1660 1394 1714 1429 ἔχω
1737 1394 1802 1429 ’περὶ¹
1823 1393 1892 1420 πᾶν-

1104 1451 1158 1469 των
1182 1443 1228 1469 τὸν
1253 1442 1342 1477 λόγον,
1363 1442 1460 1469 καὶτὰ
1476 1441 1523 1468 τοῦ
1545 1440 1614 1467 Θεοῦ
1637 1439 1828 1475 δικαιώματα,
1846 1438 1890 1473 ὑφ’

1104 1485 1141 1516 ὧν
1158 1488 1304 1524 ἁλίσκομαι
1326 1489 1374 1524 μὲν
1391 1488 1531 1521 πολλάκις,
1543 1487 1649 1519 οὐδενὸς
1665 1486 1890 1522 κατηγοροῦντος·

270 1538 345 1560 recta
370 1532 481 1560 vivendi
509 1532 616 1559 ratione
641 1536 752 1566 propter
782 1536 808 1559 te
835 1532 974 1559 desistam.
998 1532 1052 1560 Nec

1105 1537 1221 1571 ἀφίεμαι
1235 1537 1273 1568 δὲ,
1295 1536 1399 1563 πολλῶν
1422 1536 1650 1571 κατακρινόντων.
1674 1536 1730 1562 Καὶ
1751 1534 1829 1562 τοῦτο
1845 1534 1892 1570 μό.

269 1578 341 1606 enim
360 1577 408 1604 tibi
431 1576 527 1610 magis,
552 1583 632 1611 quam
657 1575 723 1603 mihi
750 1575 800 1611 ipsi
825 1577 885 1604 vivo
902 1586 909 1604 :
927 1581 1009 1610 atque
1025 1576 1052 1604 in

267 1621 393 1649 omnibus
414 1621 494 1648 rebus
517 1621 665 1648 consiliarii
692 1621 761 1653 loco,
789 1621 920 1648 rationem
938 1622 1054 1656 ‘_Deique

269 1667 479 1703 iustiﬁcationes
499 1667 596 1699 habeo,
619 1675 634 1693 a
651 1666 749 1701 quibus
775 1667 944 1702 plerumque,
971 1668 1053 1696 etiam

268 1714 342 1741 nullo
365 1719 521 1746 accusante,
548 1713 709 1745 convincar;
733 1717 761 1739 et
784 1720 901 1746 rurSum,
926 1714 1053 1741 condem-

268 1759 397 1788 nantibus
418 1760 517 1803 multis,
542 1759 679 1786 absolvor.
694 1761 782 1793 Atque
798 1759 851 1786 hoc
866 1767 947 1786 unum
967 1760 1054 1787 tribu—

269 1806 315 1834 nal
334 1813 412 1834 nemo
430 1805 548 1841 eﬂ‘ugere
565 1809 661 1840 potest,
688 1805 826 1832 internum
851 1813 946 1841 nempe
974 1811 1056 1841 atque

1107 1589 1151 1608 vov
1167 1581 1216 1607 οὐκ
1233 1581 1291 1607 ἔστι
1307 1581 1457 1615 διαφυγεῖν,
1470 1581 1501 1607 τὸ
1516 1581 1591 1608 ἔνδον
1606 1581 1653 1608 καὶ
1668 1582 1696 1607 ὲν
1716 1581 1782 1616 ἡμῖν
1801 1581 1892 1612 αὐτοῖς

1106 1627 1292 1663 δικαστήριον,
1303 1628 1371 1663 πρὸς
1379 1628 1392 1654 ὃ
1401 1627 1550 1663 βλέποντας
1562 1628 1652 1663 μόνον,
1660 1628 1710 1663 τὴν
1721 1627 1827 1654 εὐθεῖαν
1835 1627 1892 1654 ὁδὸν

1108 1673 1187 1700 ἰτέον.
1203 1674 1239 1700 Τὸ
1250 1674 1337 1701 δοκεῖν
1349 1674 1388 1705 δὲ,
1403 1673 1436 1700 ἂν
1451 1673 1500 1709 μὲν
1516 1673 1684 1710 ὑπάρχῃμ),
1701 1671 1844 1708 δεξόμεθα,
1858 1672 1891 1699 ἶν’

1107 1718 1177 1745 εἴπω
1191 1728 1218 1745 τι
1241 1719 1288 1746 καὶ
1305 1718 1475 1755 ἀνθρώπινον
1487 1727 1494 1734 ·
1510 1719 1543 1746 ἂν
1561 1719 1589 1746 δὲ
1605 1719 1765 1754 ἀντιπίπτῃ,
1787 1718 1893 1754 χαίρειν
1918 1742 1921 1744 .

1107 1764 1225 1800 ἐάσομεν
1238 1764 1288 1800 κῆ),
1306 1765 1354 1792 καὶ
1369 1765 1444 1791 οὐδὲν
1456 1765 1503 1791 τοῦ
1519 1762 1589 1791 εἶναι
1606 1764 1650 1791 διὰ
1663 1765 1693 1792 τὸ
1712 1765 1802 1791 δοκεῖν
1812 1764 1893 1791 ἀφαι-

1111 1811 1239 1846 ρήσομεν.

268 1854 297 1881 in
319 1854 396 1882 nobis
415 1854 507 1887 situm,
528 1854 608 1888 idque
627 1853 713 1880 solum
748 1854 783 1881 ob
814 1854 907 1882 oculos
928 1856 1093 1890 propositum
1114 1858 1262 1892 habentes,
1278 1864 1383 1887 rectum
1407 1860 1469 1888 vitae
1484 1860 1536 1887 iter
1550 1863 1642 1887 tenere
1659 1858 1796 1887 debemus.
1818 1857 1893 1891 Quod

271 1905 361 1927 autem
395 1901 429 1928 ad
458 1900 597 1928 haminum
619 1902 652 1929 de
674 1902 753 1930 nobis
779 1902 1006 1931 existimationem
1032 1907 1140 1938 attinet,
1164 1907 1201 1933 ita
1225 1907 1315 1935 animo
1334 1908 1482 1942 comparati
1505 1915 1610 1939 sumus,
1627 1912 1667 1940 ut,
1700 1906 1832 1941 siquidem
1862 1913 1894 1933 ea

269 1949 416 1984 contingat,
440 1955 494 1975 non
524 1948 657 1977 illibenter
689 1950 825 1985 accepturi
856 1950 953 1984 simus.
979 1954 1010 1978 ut
1030 1952 1138 1980 humani
1162 1954 1243 1981 etiam
1274 1954 1374 1989 aliquid
1401 1955 1504 1986 dicam;
1539 1953 1580 1981 sin
1614 1957 1704 1979 autem
1725 1952 1751 1979 in
1782 1955 1846 1978 cont
1862 1958 1892 1977 a-

270 1995 341 2023 rium
356 1996 445 2029 cadat,
461 1995 551 2024 valere
572 1996 734 2032 iubebimus,
752 2005 801 2026 nec
812 1998 959 2033 quidquam
979 1999 1013 2027 de
1032 2000 1071 2027 rei
1088 2001 1201 2028 veritate
1212 2006 1321 2036 propter
1333 2001 1469 2028 hominum
1487 2001 1638 2035 opinionem
1655 1999 1836 2027 detrahemus.

307 2044 344 2071 1x
373 2044 419 2072 Sic
434 2045 504 2072 enim
520 2051 703 2080 comparatum
718 2050 760 2074 est
772 2056 779 2074 :
791 2047 838 2082 qui
855 2047 996 2074 honestum
1010 2047 1052 2074 ali-

1145 2049 1184 2075 θ’.
1206 2050 1261 2076 Καὶ
1286 2050 1337 2085 γὰρ
1356 2048 1441 2080 οὕτως
1459 2048 1534 2084 ἔχει·
1553 2048 1568 2073 ὁ
1587 2047 1637 2083 μέν
1664 2054 1737 2078 τινος
1757 2045 1850 2072 ἕνεκεν
1865 2044 1895 2070 τδ

269 2090 347 2125 cujus
367 2097 448 2117 causa
472 2091 592 2119 studiose
619 2097 748 2125 sectatur,
775 2093 798 2120 is
822 2092 944 2127 profecto
967 2094 1058 2120 neuti—

269 2144 351 2171 quam
377 2136 469 2164 [irmas
487 2137 513 2163 in
533 2138 635 2165 virtute
657 2138 764 2165 radices
783 2138 846 2173 egit.
876 2137 963 2165 Simul
985 2139 1057 2166 enim

270 2185 352 2216 atque
366 2188 411 2209 res
425 2189 456 2208 ea
486 2181 630 2215 eﬂluxerit,
651 2182 719 2210 recti
743 2190 850 2218 quoque
871 2184 987 2212 studium
1011 2185 1059 2212 de-

269 2232 366 2263 ponet;
393 2228 619 2263 quemadmodum
634 2229 678 2263 qui
697 2234 816 2263 qutestus
834 2237 916 2257 causa
939 2231 1057 2266 navigat,

269 2273 323 2301 nisi
343 2273 447 2300 lucrum
472 2278 572 2308 praesto
596 2273 641 2305 sit,
664 2275 792 2308 navigare
816 2275 939 2303 desistet.
961 2277 996 2303 At
1013 2277 1059 2311 qui

269 2317 371 2345 bonum
387 2319 474 2353 ipsum
492 2325 602 2354 propter
622 2327 651 2346 se
664 2320 728 2346 colit
741 2323 769 2346 et
787 2321 966 2354 amplectitur,
991 2328 1059 2355 quo—

270 2363 342 2390 niam
365 2370 421 2390 rem
437 2364 517 2390 lixam
531 2369 558 2391 et
571 2363 694 2391 stabilem
719 2368 803 2396 amat,
826 2369 927 2392 certam
952 2373 1059 2401 quoque

270 2414 299 2435 et
318 2412 485 2435 constantem
498 2415 559 2443 erga
585 2408 648 2435 illud
666 2407 748 2435 animi
771 2408 939 2436 alacritatem
961 2410 1057 2444 habet;

270 2456 338 2483 adeo
353 2460 381 2482 ut
403 2455 521 2482 divinum
543 2456 644 2490 aliquid
671 2457 798 2490 sentiens,
816 2457 859 2485 his
885 2465 990 2493 quoque
1012 2460 1058 2487 Dei

270 2501 361 2529 verbis
380 2501 418 2528 uti
442 2501 525 2534 possit
544 2510 551 2528 :
576 2504 632 2535 Ego
659 2502 726 2528 idem
740 2511 808 2535 sum,
822 2507 846 2530 et
864 2511 915 2530 mm
939 2510 1025 2531 mutor
1037 2505 1058 2532 ⁸.

270 2546 450 2580 Quamobrem
466 2554 515 2573 nec
533 2547 566 2573 ab
580 2547 670 2574 animo
682 2555 732 2574 suo
745 2547 880 2582 migrabit,
894 2555 943 2575 nec
957 2549 1055 2576 immu-

271 2593 374 2621 tabitur
394 2597 474 2627 atque
493 2600 508 2619 a
524 2600 554 2620 se
568 2593 709 2627 desciscet,
730 2601 779 2621 nec
799 2601 860 2622 cum
890 2595 1055 2630 temporibus

1112 2095 1194 2122 καλὸν
1207 2095 1384 2131 ἐπιτηδεύων,
1401 2096 1432 2122 οὺ
1450 2094 1558 2130 βέϐαιος
1573 2094 1612 2126 εἰς
1628 2093 1738 2129 ἀρετήν.
1761 2091 1845 2126 Ὀμοῦ
1865 2099 1894 2117 τε

1111 2142 1166 2177 γὰρ
1191 2141 1331 2177 παρῆλθεν
1360 2142 1457 2173 ἐκεῖνο,
1489 2142 1536 2168 καὶ
1564 2139 1611 2166 τοῦ
1635 2139 1717 2166 καλοῦ
1747 2138 1894 2174 στήσεται“

1112 2187 1206 2223 ὥσπερ
1222 2188 1236 2213 ὁ
1257 2187 1369 2222 κέρδους
1389 2187 1481 2214 ἕνεκεν
1497 2186 1602 2217 πλέων,
1623 2184 1670 2211 τοῦ
1692 2184 1779 2216 πλεῖν,
1803 2183 1837 2210 ἂν
1859 2182 1896 2217 μὴ

1112 2234 1186 2268 παρῇ
1207 2233 1237 2259 τὺ
1251 2233 1411 2268 κερδαίνειν.
1434 2233 1464 2260 '0
1480 2233 1507 2259 δὲ
1523 2232 1588 2258 αὐτὸ
1610 2231 1643 2258 δι’
1665 2230 1746 2258 ἑαυτὸ
1764 2229 1852 2265 τιμῶν
1867 2237 1895 2256 τε

1113 2277 1160 2303 καὶ
1174 2277 1322 2311 περιέπων,
1338 2277 1431 2313 ἐπειδὴ
1444 2277 1491 2304 τοῦ
1506 2277 1621 2308 ἑστῶτος
1636 2276 1698 2311 ἐρᾷ,
1708 2276 1829 2302 ἑστῶσαν
1839 2274 1896 2309 ἔχει

1112 2323 1160 2349 καὶ
1170 2322 1219 2358 τὴν
1233 2323 1298 2358 περὶ
1313 2323 1378 2350 αὐτὸ
1392 2323 1544 2358 προθυμίαν
1553 2331 1560 2337 ⁸
1572 2321 1642 2349 ὥστε
1657 2320 1727 2347 θεῖόν
1738 2329 1764 2346 τι
1775 2320 1895 2355 πάσχων,

1112 2369 1160 2395 καὶ
1177 2369 1207 2394 τὸ
1219 2368 1266 2395 τοῦ
1282 2369 1349 2396 Θεοῦ
1363 2369 1491 2396 δύνασθαι
1505 2369 1611 2403 λέγειν·
1639 2366 1712 2401 Ἐγὼ
1733 2365 1783 2398 δὲ,
1809 2366 1825 2392 ὁ
1844 2366 1883 2392 αὐ

1112 2415 1164 2446 τός
1174 2415 1244 2448 ειμι.
1261 2415 1310 2441 καὶ
1328 2416 1383 2442 οὐκ
1405 2415 1580 2449 ἠλλοίωμαι.
1597 2412 1701 2440 Οὔκουν
1716 2411 1896 2447 μεταποιηθή-

1113 2469 1198 2494 σεται,
1208 2461 1267 2488 οὑδὲ
1283 2462 1506 2497 μετατεθήσεται,
1520 2461 1581 2487 οὐδὲ
1595 2459 1845 2495 συμμεταπεσεῖται
1858 2458 1896 2493 (ᾇ)

1112 2507 1168 2538 τοῖς
1183 2509 1289 2543 καιροῖς
1305 2508 1352 2534 καὶ
1372 2509 1427 2539 τοῖς
1442 2508 1611 2544 πράγμασιν,
1625 2505 1718 2532 ἄλλοτε
1731 2504 1811 2536 ἄλλος
1825 2503 1884 2538 γινό

1109 2559 1198 2586 μενος,
1212 2551 1260 2578 καὶ
1279 2552 1378 2583 πολλὰς
1393 2552 1608 2588 μεταλαμϐάνων
1625 2551 1725 2588 χρόας,
1743 2550 1837 2585 ὥσπερ
1850 2549 1897 2581 τὰς

1109 2596 1163 2623 τῶν
1181 2597 1288 2633 πετρῶν
1303 2598 1328 2624 οἰ
1345 2597 1505 2632 πολύποδες,
1522 2596 1565 2630 αἶς
1582 2599 1614 2625 ἂν
1630 2598 1799 2633 ὁμιλήσωσι·
1823 2596 1897 2632 μενεῖ

307 2662 318 2677 ⁸
334 2661 422 2697 lReg.
445 2661 538 2694 xv1,7.
575 2661 586 2677 ⁷
601 2660 634 2689 lll
647 2662 713 2697 Reg.
727 2670 776 2695 xu,
790 2662 806 2690 8
822 2670 899 2698 seqq.
938 2663 949 2679 '
962 2662 1076 2691 Malach.
1093 2672 1132 2698 ui,
1145 2664 1171 2692 ὃ.

269 2720 363 2783 δέ(96)
388 2722 414 2748 Ὁ
440 2720 475 2748 δὲ
505 2721 587 2754 Θεός.
614 2720 672 2749 Duo
701 2719 786 2756 Regg.
813 2725 840 2749 et
867 2720 914 2750 0r.
937 2721 966 2755 1,
993 2721 1059 2753 Θεὸς

302 2775 362 2826 ’(97)
385 2792 445 2826 οὺχ
466 2791 520 2819 ὅτι.
535 2790 642 2824 Comb.,
659 2791 777 2819 οὐδ’ὃτι.
802 2800 812 2817 ι
836 2790 895 2819 Non
918 2795 971 2819 tam
994 2791 1057 2827 quia

272 2827 483 2859 contemnimur,
498 2834 590 2860 quam,
610 2836 620 2852 ι
638 2831 691 2855 etc.

309 2862 366 2893 (98-)
389 2861 633 2896 'I‘aoxaub’a’rstg.
653 2861 721 2898 Reg.
738 2862 793 2896 bm,
810 2861 1015 2899 ὑπολαμϐάνῃς.

1148 2722 1204 2758 (99)
1225 2722 1443 2757 Μεταθήσομαι.
1473 2723 1518 2751 Sic
1545 2727 1600 2751 tres
1624 2723 1718 2759 Begg.,
1751 2721 1800 2750 0r.
1829 2722 1843 2750 1
1873 2725 1898 2750 et

1112 2757 1207 2786 Coiuh.
1222 2759 1249 2785 In
1268 2759 1323 2790 ed.,
1337 2758 1492 2794 μετασθήσο
1515 2767 1554 2786 αι.

1146 2793 1185 2820 th
1207 2792 1346 2820 'Tndoy'n.
1367 2793 1473 2820 Comb..
1487 2767 1554 2820 ιζ’-πάι

1146 2793 1185 2828 (1)
1207 2792 1346 2828 ’Υπάρχῃζ
1367 2792 1473 2825 Comb..
1487 2792 1605 2830 ὑπάρξῃ.

1147 2828 1186 2863 (Ξ)
1205 2827 1360 2863 Ἐάσωμεν.
1373 2827 1440 2862 Reg.
1457 2829 1514 2858 bu).
1529 2829 1653 2863 ὲᾶσωμεν

1159 2837 1175 2854 z
1207 2837 1360 2863 ‘uaaopsr.
1457 2837 1514 2858 υω,
1529 2837 1663 2864 εασωμεν.

1159 2837 1187 2898 εἰ
1197 2865 1477 2900 Συμμεταπεσειται.
1492 2863 1559 2900 Reg.
1571 2865 1626 2898 bm,
1644 2862 1833 2901 συμπεσεῖται.
