  <div class='ocr_page' id='page_1' title='image "/cluster/home/n/w/nwhite01/storage/ocr_20150623/36/njp.32101013202633/150.png"; bbox 0 0 2029 3127; ppageno 0'>
   <div class='ocr_carea' id='block_1_1' title="bbox 75 2096 89 2287">
    <p class='ocr_par' dir='ltr' id='par_1_1' title="bbox 75 2096 89 2287">
     <span class='ocr_line' id='line_1_1' title="bbox 83 2096 89 2144; baseline 0 -44"><span class='ocrx_word' id='word_1_1' title='bbox 83 2096 89 2144; x_wconf 21' lang='grc' dir='ltr'><strong>ί,</strong></span> 
     </span>
     <span class='ocr_line' id='line_1_2' title="bbox 75 2147 85 2287; baseline 0 0"><span class='ocrx_word' id='word_1_2' title='bbox 75 2147 85 2287; x_wconf 55' lang='lat'><strong>2’</strong></span> 
     </span>
    </p>
   </div>
   <div class='ocr_carea' id='block_1_2' title="bbox 119 174 173 202">
    <p class='ocr_par' dir='ltr' id='par_1_2' title="bbox 119 174 173 202">
     <span class='ocr_line' id='line_1_3' title="bbox 119 174 173 202; baseline -0.019 0"><span class='ocrx_word' id='word_1_3' title='bbox 119 174 173 202; x_wconf 59' lang='lat'><strong>177</strong></span> 
     </span>
    </p>
   </div>
   <div class='ocr_carea' id='block_1_3' title="bbox 617 175 1250 212">
    <p class='ocr_par' dir='ltr' id='par_1_3' title="bbox 617 175 1250 212">
     <span class='ocr_line' id='line_1_4' title="bbox 617 175 1250 212; baseline 0.005 -9"><span class='ocrx_word' id='word_1_4' title='bbox 617 175 747 204; x_wconf 77' lang='lat' dir='ltr'><strong>ORATIO</strong></span> <span class='ocrx_word' id='word_1_5' title='bbox 766 175 886 203; x_wconf 79' lang='lat' dir='ltr'><strong>XXXVI.</strong></span> <span class='ocrx_word' id='word_1_6' title='bbox 906 193 937 197; x_wconf 96' lang='lat'><strong>—</strong></span> <span class='ocrx_word' id='word_1_7' title='bbox 962 177 1004 204; x_wconf 85' lang='lat' dir='ltr'><strong>DE</strong></span> <span class='ocrx_word' id='word_1_8' title='bbox 1025 177 1154 212; x_wconf 86' lang='lat' dir='ltr'><strong>SEIPSO,</strong></span> <span class='ocrx_word' id='word_1_9' title='bbox 1175 178 1250 206; x_wconf 88' lang='lat' dir='ltr'><strong>ETC.</strong></span> 
     </span>
    </p>
   </div>
   <div class='ocr_carea' id='block_1_4' title="bbox 1690 180 1745 211">
    <p class='ocr_par' dir='ltr' id='par_1_4' title="bbox 1690 180 1745 211">
     <span class='ocr_line' id='line_1_5' title="bbox 1690 180 1745 211; baseline 0.036 -2"><span class='ocrx_word' id='word_1_10' title='bbox 1690 180 1745 211; x_wconf 65' lang='grc' dir='ltr'><strong>ῖὶῦ</strong></span> 
     </span>
    </p>
   </div>
   <div class='ocr_carea' id='block_1_5' title="bbox 118 231 913 272">
    <p class='ocr_par' dir='ltr' id='par_1_5' title="bbox 118 231 908 270">
     <span class='ocr_line' id='line_1_6' title="bbox 118 231 908 270; baseline 0.004 -12"><span class='ocrx_word' id='word_1_11' title='bbox 118 233 148 259; x_wconf 75' lang='grc' dir='ltr'>δὲ</span> <span class='ocrx_word' id='word_1_12' title='bbox 162 233 177 258; x_wconf 86' lang='grc' dir='ltr'><strong>ὁ</strong></span> <span class='ocrx_word' id='word_1_13' title='bbox 193 231 275 263; x_wconf 64' lang='grc' dir='ltr'>αὐτὸς</span> <span class='ocrx_word' id='word_1_14' title='bbox 291 233 345 264; x_wconf 82' lang='grc' dir='ltr'>ἀεὶ,</span> <span class='ocrx_word' id='word_1_15' title='bbox 362 231 458 266; x_wconf 82' lang='grc' dir='ltr'>πάγιος</span> <span class='ocrx_word' id='word_1_16' title='bbox 475 233 504 259; x_wconf 85' lang='grc' dir='ltr'>ὲν</span> <span class='ocrx_word' id='word_1_17' title='bbox 522 233 552 259; x_wconf 79' lang='grc' dir='ltr'>οὺ</span> <span class='ocrx_word' id='word_1_18' title='bbox 567 234 714 269; x_wconf 77' lang='grc' dir='ltr'><strong>πεπηγόσι,</strong></span> <span class='ocrx_word' id='word_1_19' title='bbox 730 235 777 261; x_wconf 71' lang='grc' dir='ltr'>καὶ</span> <span class='ocrx_word' id='word_1_20' title='bbox 788 235 816 261; x_wconf 84' lang='grc' dir='ltr'>ὲν</span> <span class='ocrx_word' id='word_1_21' title='bbox 830 243 908 270; x_wconf 84' lang='grc' dir='ltr'>στρε-</span> 
     </span>
    </p>
   </div>
   <div class='ocr_carea' id='block_1_6' title="bbox 963 231 1743 272">
    <p class='ocr_par' dir='ltr' id='par_1_6' title="bbox 963 237 1743 272">
     <span class='ocr_line' id='line_1_7' title="bbox 963 237 1743 272; baseline 0.009 -9"><span class='ocrx_word' id='word_1_22' title='bbox 963 245 993 264; x_wconf 87' lang='lat' dir='ltr'><strong>ac</strong></span> <span class='ocrx_word' id='word_1_23' title='bbox 1006 238 1085 265; x_wconf 86' lang='lat' dir='ltr'><strong>rebus</strong></span> <span class='ocrx_word' id='word_1_24' title='bbox 1098 238 1255 270; x_wconf 88' lang='lat' dir='ltr'><strong>collabctur,</strong></span> <span class='ocrx_word' id='word_1_25' title='bbox 1274 237 1339 265; x_wconf 83' lang='lat' dir='ltr'><strong>alias</strong></span> <span class='ocrx_word' id='word_1_26' title='bbox 1354 237 1420 266; x_wconf 92' lang='lat' dir='ltr'><strong>alios</strong></span> <span class='ocrx_word' id='word_1_27' title='bbox 1445 245 1535 266; x_wconf 87' lang='lat' dir='ltr'><strong>mores</strong></span> <span class='ocrx_word' id='word_1_28' title='bbox 1565 239 1686 272; x_wconf 84' lang='lat' dir='ltr'><strong>induens,</strong></span> <span class='ocrx_word' id='word_1_29' title='bbox 1710 249 1743 270; x_wconf 80' lang='lat' dir='ltr'><strong>ac</strong></span> 
     </span>
    </p>
   </div>
   <div class='ocr_carea' id='block_1_7' title="bbox 118 277 909 315">
    <p class='ocr_par' dir='ltr' id='par_1_7' title="bbox 118 277 909 315">
     <span class='ocr_line' id='line_1_8' title="bbox 118 277 909 315; baseline 0.004 -11"><span class='ocrx_word' id='word_1_30' title='bbox 118 278 249 313; x_wconf 67' lang='grc' dir='ltr'>ςομένοις</span> <span class='ocrx_word' id='word_1_31' title='bbox 266 279 399 313; x_wconf 78' lang='grc' dir='ltr'>ἄστροφος</span> <span class='ocrx_word' id='word_1_32' title='bbox 409 287 416 294; x_wconf 88' lang='grc'><strong>·</strong></span> <span class='ocrx_word' id='word_1_33' title='bbox 432 278 519 313; x_wconf 81' lang='grc' dir='ltr'>πέτρα</span> <span class='ocrx_word' id='word_1_34' title='bbox 535 287 586 310; x_wconf 91' lang='grc' dir='ltr'>τις,</span> <span class='ocrx_word' id='word_1_35' title='bbox 602 277 689 314; x_wconf 76' lang='grc' dir='ltr'>οἶμαι,</span> <span class='ocrx_word' id='word_1_36' title='bbox 705 280 773 315; x_wconf 77' lang='grc' dir='ltr'>πρὸς</span> <span class='ocrx_word' id='word_1_37' title='bbox 791 279 909 315; x_wconf 75' lang='grc' dir='ltr'>ἐμϐολὰς</span> 
     </span>
    </p>
   </div>
   <div class='ocr_carea' id='block_1_8' title="bbox 119 323 908 361">
    <p class='ocr_par' dir='ltr' id='par_1_8' title="bbox 119 323 908 361">
     <span class='ocr_line' id='line_1_9' title="bbox 119 323 908 361; baseline 0.001 -10"><span class='ocrx_word' id='word_1_38' title='bbox 119 326 230 360; x_wconf 74' lang='grc' dir='ltr'>ανὲμων</span> <span class='ocrx_word' id='word_1_39' title='bbox 246 333 276 351; x_wconf 85' lang='grc' dir='ltr'><strong>τε</strong></span> <span class='ocrx_word' id='word_1_40' title='bbox 293 325 340 351; x_wconf 78' lang='grc' dir='ltr'><strong>καὶ</strong></span> <span class='ocrx_word' id='word_1_41' title='bbox 359 325 499 359; x_wconf 76' lang='grc' dir='ltr'><strong>κυμάτων,</strong></span> <span class='ocrx_word' id='word_1_42' title='bbox 517 323 579 351; x_wconf 81' lang='grc' dir='ltr'>οὔτε</span> <span class='ocrx_word' id='word_1_43' title='bbox 594 326 787 361; x_wconf 80' lang='grc' dir='ltr'>τινασσομένη,</span> <span class='ocrx_word' id='word_1_44' title='bbox 803 327 849 352; x_wconf 73' lang='grc' dir='ltr'><strong>καὶ</strong></span> <span class='ocrx_word' id='word_1_45' title='bbox 862 326 908 352; x_wconf 89' lang='grc' dir='ltr'>δα-</span> 
     </span>
    </p>
   </div>
   <div class='ocr_carea' id='block_1_9' title="bbox 119 371 908 407">
    <p class='ocr_par' dir='ltr' id='par_1_9' title="bbox 119 371 908 407">
     <span class='ocr_line' id='line_1_10' title="bbox 119 371 908 407; baseline 0.001 -10"><span class='ocrx_word' id='word_1_46' title='bbox 119 371 234 398; x_wconf 80' lang='grc' dir='ltr'>πανῶσα</span> <span class='ocrx_word' id='word_1_47' title='bbox 248 371 313 407; x_wconf 80' lang='grc' dir='ltr'>περὶ</span> <span class='ocrx_word' id='word_1_48' title='bbox 334 371 434 406; x_wconf 80' lang='grc' dir='ltr'>ἑαυτὴν</span> <span class='ocrx_word' id='word_1_49' title='bbox 449 371 484 397; x_wconf 83' lang='grc' dir='ltr'><strong>τὰ</strong></span> <span class='ocrx_word' id='word_1_50' title='bbox 507 372 726 407; x_wconf 82' lang='grc' dir='ltr'>προσπίπτοντα.</span> <span class='ocrx_word' id='word_1_51' title='bbox 751 372 843 399; x_wconf 84' lang='grc' dir='ltr'>Ταῦτα</span> <span class='ocrx_word' id='word_1_52' title='bbox 859 373 908 407; x_wconf 83' lang='grc' dir='ltr'>μὲν</span> 
     </span>
    </p>
   </div>
   <div class='ocr_carea' id='block_1_10' title="bbox 118 416 906 454">
    <p class='ocr_par' dir='ltr' id='par_1_10' title="bbox 118 416 906 454">
     <span class='ocr_line' id='line_1_11' title="bbox 118 416 906 454; baseline 0.001 -9"><span class='ocrx_word' id='word_1_53' title='bbox 118 420 159 450; x_wconf 80' lang='grc' dir='ltr'>εις</span> <span class='ocrx_word' id='word_1_54' title='bbox 171 416 298 445; x_wconf 83' lang='grc' dir='ltr'>τοσοῦτον</span> <span class='ocrx_word' id='word_1_55' title='bbox 309 426 316 433; x_wconf 91' lang='grc'><strong>·</strong></span> <span class='ocrx_word' id='word_1_56' title='bbox 331 417 391 444; x_wconf 83' lang='grc' dir='ltr'>οὐδὲ</span> <span class='ocrx_word' id='word_1_57' title='bbox 403 417 458 453; x_wconf 83' lang='grc' dir='ltr'>γάρ</span> <span class='ocrx_word' id='word_1_58' title='bbox 474 426 519 453; x_wconf 89' lang='grc' dir='ltr'><strong>μοι</strong></span> <span class='ocrx_word' id='word_1_59' title='bbox 532 418 613 454; x_wconf 82' lang='grc' dir='ltr'>σχολὴ</span> <span class='ocrx_word' id='word_1_60' title='bbox 628 419 686 450; x_wconf 81' lang='grc' dir='ltr'>ταῖς</span> <span class='ocrx_word' id='word_1_61' title='bbox 699 418 835 452; x_wconf 83' lang='grc' dir='ltr'><strong>γλώσσαις</strong></span> <span class='ocrx_word' id='word_1_62' title='bbox 854 420 906 454; x_wconf 85' lang='grc' dir='ltr'><strong>μά-</strong></span> 
     </span>
    </p>
   </div>
   <div class='ocr_carea' id='block_1_11' title="bbox 118 463 836 498">
    <p class='ocr_par' dir='ltr' id='par_1_11' title="bbox 118 463 836 498">
     <span class='ocr_line' id='line_1_12' title="bbox 118 463 836 498; baseline 0.001 -8"><span class='ocrx_word' id='word_1_63' title='bbox 118 463 226 498; x_wconf 77' lang='grc' dir='ltr'>χεσθαι,</span> <span class='ocrx_word' id='word_1_64' title='bbox 246 463 293 490; x_wconf 77' lang='grc' dir='ltr'><strong>καὶ</strong></span> <span class='ocrx_word' id='word_1_65' title='bbox 308 463 394 490; x_wconf 75' lang='grc' dir='ltr'>ταῦτα</span> <span class='ocrx_word' id='word_1_66' title='bbox 413 464 452 498; x_wconf 77' lang='grc'><strong>(4)</strong></span> <span class='ocrx_word' id='word_1_67' title='bbox 473 464 538 495; x_wconf 73' lang='grc' dir='ltr'>ἴσως</span> <span class='ocrx_word' id='word_1_68' title='bbox 555 464 639 491; x_wconf 83' lang='grc' dir='ltr'><strong>πλείω</strong></span> <span class='ocrx_word' id='word_1_69' title='bbox 655 464 702 490; x_wconf 84' lang='grc' dir='ltr'>τοῦ</span> <span class='ocrx_word' id='word_1_70' title='bbox 719 464 836 496; x_wconf 76' lang='grc' dir='ltr'><strong>δέοντος.</strong></span> 
     </span>
    </p>
   </div>
   <div class='ocr_carea' id='block_1_12' title="bbox 961 285 1743 322">
    <p class='ocr_par' dir='ltr' id='par_1_12' title="bbox 961 285 1743 322">
     <span class='ocr_line' id='line_1_13' title="bbox 961 285 1743 322; baseline 0.006 -12"><span class='ocrx_word' id='word_1_71' title='bbox 961 291 1044 311; x_wconf 84' lang='lat' dir='ltr'><strong>novos</strong></span> <span class='ocrx_word' id='word_1_72' title='bbox 1060 285 1174 312; x_wconf 83' lang='lat' dir='ltr'><strong>subinde</strong></span> <span class='ocrx_word' id='word_1_73' title='bbox 1185 285 1289 312; x_wconf 84' lang='lat' dir='ltr'><strong>colores</strong></span> <span class='ocrx_word' id='word_1_74' title='bbox 1313 291 1464 316; x_wconf 82' lang='lat' dir='ltr'><strong>assumens,</strong></span> <span class='ocrx_word' id='word_1_75' title='bbox 1483 292 1535 311; x_wconf 92' lang='lat' dir='ltr'><strong>non</strong></span> <span class='ocrx_word' id='word_1_76' title='bbox 1548 292 1625 313; x_wconf 86' lang='lat' dir='ltr'><strong>secus</strong></span> <span class='ocrx_word' id='word_1_77' title='bbox 1640 293 1671 314; x_wconf 87' lang='lat' dir='ltr'><strong>ac</strong></span> <span class='ocrx_word' id='word_1_78' title='bbox 1693 295 1743 322; x_wconf 84' lang='lat' dir='ltr'><strong>po-</strong></span> 
     </span>
    </p>
   </div>
   <div class='ocr_carea' id='block_1_13' title="bbox 960 324 1760 365">
    <p class='ocr_par' dir='ltr' id='par_1_13' title="bbox 960 324 1760 365">
     <span class='ocr_line' id='line_1_14' title="bbox 960 324 1760 365; baseline 0.005 -9"><span class='ocrx_word' id='word_1_79' title='bbox 960 329 1026 365; x_wconf 82' lang='lat' dir='ltr'><strong>iypi,</strong></span> <span class='ocrx_word' id='word_1_80' title='bbox 1042 335 1191 364; x_wconf 75' lang='lat' dir='ltr'><strong>petrarum,</strong></span> <span class='ocrx_word' id='word_1_81' title='bbox 1204 331 1237 357; x_wconf 91' lang='lat' dir='ltr'><strong>ad</strong></span> <span class='ocrx_word' id='word_1_82' title='bbox 1256 337 1324 364; x_wconf 85' lang='lat' dir='ltr'><strong>quas</strong></span> <span class='ocrx_word' id='word_1_83' title='bbox 1350 330 1524 363; x_wconf 83' lang='lat' dir='ltr'><strong>accesserint,</strong></span> <span class='ocrx_word' id='word_1_84' title='bbox 1547 331 1651 359; x_wconf 84' lang='lat' dir='ltr'><strong>colores</strong></span> <span class='ocrx_word' id='word_1_85' title='bbox 1673 324 1760 360; x_wconf 41' lang='lat' dir='ltr'><strong>refe-i</strong></span> 
     </span>
    </p>
   </div>
   <div class='ocr_carea' id='block_1_14' title="bbox 961 375 1745 411">
    <p class='ocr_par' dir='ltr' id='par_1_14' title="bbox 961 375 1745 411">
     <span class='ocr_line' id='line_1_15' title="bbox 961 375 1745 411; baseline 0.005 -10"><span class='ocrx_word' id='word_1_86' title='bbox 961 380 1044 403; x_wconf 87' lang='lat' dir='ltr'><strong>runt:</strong></span> <span class='ocrx_word' id='word_1_87' title='bbox 1060 383 1153 403; x_wconf 91' lang='lat' dir='ltr'><strong>verum</strong></span> <span class='ocrx_word' id='word_1_88' title='bbox 1169 375 1238 402; x_wconf 87' lang='lat' dir='ltr'><strong>idem</strong></span> <span class='ocrx_word' id='word_1_89' title='bbox 1264 383 1369 410; x_wconf 79' lang='lat' dir='ltr'><strong>semper</strong></span> <span class='ocrx_word' id='word_1_90' title='bbox 1385 375 1480 409; x_wconf 85' lang='lat' dir='ltr'><strong>suique</strong></span> <span class='ocrx_word' id='word_1_91' title='bbox 1493 376 1587 404; x_wconf 87' lang='lat' dir='ltr'><strong>similis</strong></span> <span class='ocrx_word' id='word_1_92' title='bbox 1600 383 1745 411; x_wconf 86' lang='lat' dir='ltr'><strong>permane-</strong></span> 
     </span>
    </p>
   </div>
   <div class='ocr_carea' id='block_1_15' title="bbox 959 421 1744 453">
    <p class='ocr_par' dir='ltr' id='par_1_15' title="bbox 959 421 1744 453">
     <span class='ocr_line' id='line_1_16' title="bbox 959 421 1744 453; baseline 0.004 -5"><span class='ocrx_word' id='word_1_93' title='bbox 959 421 1009 452; x_wconf 79' lang='lat' dir='ltr'><strong>bit,</strong></span> <span class='ocrx_word' id='word_1_94' title='bbox 1031 421 1098 448; x_wconf 78' lang='lat' dir='ltr'><strong>ﬁxus</strong></span> <span class='ocrx_word' id='word_1_95' title='bbox 1127 422 1153 449; x_wconf 92' lang='lat' dir='ltr'><strong>in</strong></span> <span class='ocrx_word' id='word_1_96' title='bbox 1172 422 1252 449; x_wconf 85' lang='lat' dir='ltr'><strong>rebus</strong></span> <span class='ocrx_word' id='word_1_97' title='bbox 1276 422 1386 448; x_wconf 90' lang='lat' dir='ltr'><strong>minime</strong></span> <span class='ocrx_word' id='word_1_98' title='bbox 1407 421 1477 453; x_wconf 76' lang='lat' dir='ltr'><strong>lixis,</strong></span> <span class='ocrx_word' id='word_1_99' title='bbox 1501 422 1628 450; x_wconf 82' lang='lat' dir='ltr'><strong>immotus</strong></span> <span class='ocrx_word' id='word_1_100' title='bbox 1657 424 1683 450; x_wconf 94' lang='lat' dir='ltr'><strong>in</strong></span> <span class='ocrx_word' id='word_1_101' title='bbox 1701 424 1744 451; x_wconf 91' lang='lat' dir='ltr'><strong>in-</strong></span> 
     </span>
    </p>
   </div>
   <div class='ocr_carea' id='block_1_16' title="bbox 960 465 1744 501">
    <p class='ocr_par' dir='ltr' id='par_1_16' title="bbox 960 465 1744 501">
     <span class='ocr_line' id='line_1_17' title="bbox 960 465 1744 501; baseline 0.004 -9"><span class='ocrx_word' id='word_1_102' title='bbox 960 466 1044 493; x_wconf 77' lang='lat' dir='ltr'><strong>certis</strong></span> <span class='ocrx_word' id='word_1_103' title='bbox 1058 470 1084 493; x_wconf 89' lang='lat' dir='ltr'><strong>et</strong></span> <span class='ocrx_word' id='word_1_104' title='bbox 1109 465 1310 498; x_wconf 81' lang='lat' dir='ltr'><strong>ﬂuctuantibus,</strong></span> <span class='ocrx_word' id='word_1_105' title='bbox 1329 473 1381 493; x_wconf 90' lang='lat' dir='ltr'><strong>non</strong></span> <span class='ocrx_word' id='word_1_106' title='bbox 1403 465 1491 498; x_wconf 90' lang='lat' dir='ltr'><strong>aliter,</strong></span> <span class='ocrx_word' id='word_1_107' title='bbox 1510 467 1616 501; x_wconf 86' lang='lat' dir='ltr'><strong>opinor,</strong></span> <span class='ocrx_word' id='word_1_108' title='bbox 1643 475 1674 495; x_wconf 92' lang='lat' dir='ltr'><strong>ac</strong></span> <span class='ocrx_word' id='word_1_109' title='bbox 1699 475 1744 495; x_wconf 89' lang='lat' dir='ltr'><strong>ru-</strong></span> 
     </span>
    </p>
   </div>
   <div class='ocr_carea' id='block_1_17' title="bbox 118 512 1743 547">
    <p class='ocr_par' dir='ltr' id='par_1_17' title="bbox 118 512 1743 547">
     <span class='ocr_line' id='line_1_18' title="bbox 118 512 1743 547; baseline 0.004 -8"><span class='ocrx_word' id='word_1_110' title='bbox 118 520 178 547; x_wconf 84' lang='lat' dir='ltr'><strong>pes,</strong></span> <span class='ocrx_word' id='word_1_111' title='bbox 195 520 256 547; x_wconf 62' lang='lat' dir='ltr'><strong>quae</strong></span> <span class='ocrx_word' id='word_1_112' title='bbox 274 517 412 539; x_wconf 85' lang='lat' dir='ltr'><strong>ventorum</strong></span> <span class='ocrx_word' id='word_1_113' title='bbox 428 512 609 546; x_wconf 85' lang='lat' dir='ltr'><strong>ﬁuctuumque</strong></span> <span class='ocrx_word' id='word_1_114' title='bbox 629 512 729 546; x_wconf 89' lang='lat' dir='ltr'><strong>impetu</strong></span> <span class='ocrx_word' id='word_1_115' title='bbox 746 520 798 539; x_wconf 90' lang='lat' dir='ltr'><strong>non</strong></span> <span class='ocrx_word' id='word_1_116' title='bbox 827 513 906 540; x_wconf 88' lang='lat' dir='ltr'><strong>modo</strong></span> <span class='ocrx_word' id='word_1_117' title='bbox 925 519 978 540; x_wconf 92' lang='lat' dir='ltr'><strong>non</strong></span> <span class='ocrx_word' id='word_1_118' title='bbox 993 513 1155 545; x_wconf 83' lang='lat' dir='ltr'><strong>concutitur.</strong></span> <span class='ocrx_word' id='word_1_119' title='bbox 1171 513 1216 540; x_wconf 89' lang='lat' dir='ltr'><strong>sed</strong></span> <span class='ocrx_word' id='word_1_120' title='bbox 1238 514 1319 540; x_wconf 84' lang='lat' dir='ltr'><strong>etiam</strong></span> <span class='ocrx_word' id='word_1_121' title='bbox 1359 513 1528 543; x_wconf 86' lang='lat' dir='ltr'><strong>incursantes</strong></span> <span class='ocrx_word' id='word_1_122' title='bbox 1562 517 1647 545; x_wconf 86' lang='lat' dir='ltr'><strong>undas</strong></span> <span class='ocrx_word' id='word_1_123' title='bbox 1671 517 1743 546; x_wconf 82' lang='lat' dir='ltr'><strong>circa</strong></span> 
     </span>
    </p>
   </div>
   <div class='ocr_carea' id='block_1_18' title="bbox 118 560 1745 601">
    <p class='ocr_par' dir='ltr' id='par_1_18' title="bbox 118 560 1745 601">
     <span class='ocr_line' id='line_1_19' title="bbox 118 560 1745 601; baseline 0.005 -15"><span class='ocrx_word' id='word_1_124' title='bbox 118 567 149 586; x_wconf 85' lang='lat' dir='ltr'><strong>se</strong></span> <span class='ocrx_word' id='word_1_125' title='bbox 169 560 271 595; x_wconf 77' lang='lat' dir='ltr'><strong>frangit</strong></span> <span class='ocrx_word' id='word_1_126' title='bbox 284 563 365 594; x_wconf 90' lang='lat' dir='ltr'><strong>atque</strong></span> <span class='ocrx_word' id='word_1_127' title='bbox 380 560 506 587; x_wconf 91' lang='lat' dir='ltr'><strong>absumit.</strong></span> <span class='ocrx_word' id='word_1_128' title='bbox 525 560 622 588; x_wconf 90' lang='lat' dir='ltr'><strong>Verum</strong></span> <span class='ocrx_word' id='word_1_129' title='bbox 643 560 678 587; x_wconf 88' lang='lat' dir='ltr'><strong>de</strong></span> <span class='ocrx_word' id='word_1_130' title='bbox 695 560 736 587; x_wconf 87' lang='lat' dir='ltr'><strong>his</strong></span> <span class='ocrx_word' id='word_1_131' title='bbox 755 560 906 587; x_wconf 87' lang='lat' dir='ltr'><strong>hactenus:</strong></span> <span class='ocrx_word' id='word_1_132' title='bbox 926 567 975 588; x_wconf 89' lang='lat' dir='ltr'><strong>nec</strong></span> <span class='ocrx_word' id='word_1_133' title='bbox 1006 561 1077 588; x_wconf 90' lang='lat' dir='ltr'><strong>enim</strong></span> <span class='ocrx_word' id='word_1_134' title='bbox 1101 561 1165 588; x_wconf 91' lang='lat' dir='ltr'><strong>mihi</strong></span> <span class='ocrx_word' id='word_1_135' title='bbox 1190 565 1270 588; x_wconf 86' lang='lat' dir='ltr'><strong>vacat</strong></span> <span class='ocrx_word' id='word_1_136' title='bbox 1292 570 1353 590; x_wconf 90' lang='lat' dir='ltr'><strong>cum</strong></span> <span class='ocrx_word' id='word_1_137' title='bbox 1388 562 1486 597; x_wconf 78' lang='lat' dir='ltr'><strong>linguis</strong></span> <span class='ocrx_word' id='word_1_138' title='bbox 1504 571 1638 599; x_wconf 81' lang='lat' dir='ltr'><strong>pugnare;</strong></span> <span class='ocrx_word' id='word_1_139' title='bbox 1664 569 1745 601; x_wconf 88' lang='lat' dir='ltr'><strong>atque</strong></span> 
     </span>
    </p>
   </div>
   <div class='ocr_carea' id='block_1_19' title="bbox 118 604 947 639">
    <p class='ocr_par' dir='ltr' id='par_1_19' title="bbox 118 604 947 639">
     <span class='ocr_line' id='line_1_20' title="bbox 118 604 947 639; baseline -0.002 -5"><span class='ocrx_word' id='word_1_140' title='bbox 118 606 202 634; x_wconf 80' lang='lat' dir='ltr'><strong>etiam</strong></span> <span class='ocrx_word' id='word_1_141' title='bbox 240 605 355 632; x_wconf 79' lang='lat' dir='ltr'><strong>fortasse</strong></span> <span class='ocrx_word' id='word_1_142' title='bbox 390 604 465 639; x_wconf 80' lang='lat' dir='ltr'><strong>plura</strong></span> <span class='ocrx_word' id='word_1_143' title='bbox 506 605 633 638; x_wconf 79' lang='lat' dir='ltr'><strong>diximus,</strong></span> <span class='ocrx_word' id='word_1_144' title='bbox 661 612 742 638; x_wconf 86' lang='lat' dir='ltr'><strong>quam</strong></span> <span class='ocrx_word' id='word_1_145' title='bbox 781 605 947 633; x_wconf 84' lang='lat' dir='ltr'><strong>conveniret.</strong></span> 
     </span>
    </p>
   </div>
   <div class='ocr_carea' id='block_1_20' title="bbox 154 650 908 687">
    <p class='ocr_par' dir='ltr' id='par_1_20' title="bbox 154 650 908 687">
     <span class='ocr_line' id='line_1_21' title="bbox 154 650 908 687; baseline -0.003 -9"><span class='ocrx_word' id='word_1_146' title='bbox 154 652 185 678; x_wconf 88' lang='lat' dir='ltr'><strong>l&#39;.</strong></span> <span class='ocrx_word' id='word_1_147' title='bbox 204 651 274 686; x_wconf 82' lang='grc' dir='ltr'><strong>Ἤδη</strong></span> <span class='ocrx_word' id='word_1_148' title='bbox 295 651 324 677; x_wconf 80' lang='grc' dir='ltr'>δέ</span> <span class='ocrx_word' id='word_1_149' title='bbox 346 660 390 686; x_wconf 91' lang='grc' dir='ltr'><strong>μοι</strong></span> <span class='ocrx_word' id='word_1_150' title='bbox 409 650 477 686; x_wconf 81' lang='grc' dir='ltr'>πρὸς</span> <span class='ocrx_word' id='word_1_151' title='bbox 494 651 565 687; x_wconf 82' lang='grc' dir='ltr'>ὑμᾶς</span> <span class='ocrx_word' id='word_1_152' title='bbox 578 652 592 678; x_wconf 84' lang='grc' dir='ltr'><strong>ὸ</strong></span> <span class='ocrx_word' id='word_1_153' title='bbox 605 651 694 685; x_wconf 80' lang='grc' dir='ltr'>λόγος,</span> <span class='ocrx_word' id='word_1_154' title='bbox 715 651 746 677; x_wconf 83' lang='grc' dir='ltr'><strong>τὺ</strong></span> <span class='ocrx_word' id='word_1_155' title='bbox 766 651 832 686; x_wconf 80' lang='grc' dir='ltr'>ἐμὸν</span> <span class='ocrx_word' id='word_1_156' title='bbox 848 650 908 677; x_wconf 88' lang='grc' dir='ltr'>ποί-</span> 
     </span>
    </p>
   </div>
   <div class='ocr_carea' id='block_1_21' title="bbox 120 696 907 733">
    <p class='ocr_par' dir='ltr' id='par_1_21' title="bbox 120 696 907 733">
     <span class='ocr_line' id='line_1_22' title="bbox 120 696 907 733; baseline -0.001 -10"><span class='ocrx_word' id='word_1_157' title='bbox 120 705 209 733; x_wconf 84' lang='grc' dir='ltr'>μνιον.</span> <span class='ocrx_word' id='word_1_158' title='bbox 241 696 340 731; x_wconf 84' lang='grc' dir='ltr'><strong>Ὑμεῖς</strong></span> <span class='ocrx_word' id='word_1_159' title='bbox 356 696 480 731; x_wconf 73' lang='grc' dir='ltr'>τέγεσθέ</span> <span class='ocrx_word' id='word_1_160' title='bbox 494 696 532 732; x_wconf 72' lang='lat'><strong>(5)</strong></span> <span class='ocrx_word' id='word_1_161' title='bbox 546 705 608 730; x_wconf 88' lang='grc' dir='ltr'>μοι,</span> <span class='ocrx_word' id='word_1_162' title='bbox 636 696 718 731; x_wconf 66' lang='grc' dir='ltr'>φησιν</span> <span class='ocrx_word' id='word_1_163' title='bbox 755 697 768 723; x_wconf 83' lang='grc' dir='ltr'>ὁ</span> <span class='ocrx_word' id='word_1_164' title='bbox 790 696 907 728; x_wconf 86' lang='grc' dir='ltr'>Παῦλος,</span> 
     </span>
    </p>
   </div>
   <div class='ocr_carea' id='block_1_22' title="bbox 119 741 904 776">
    <p class='ocr_par' dir='ltr' id='par_1_22' title="bbox 119 741 904 776">
     <span class='ocr_line' id='line_1_23' title="bbox 119 741 904 776; baseline -0.001 -7"><span class='ocrx_word' id='word_1_165' title='bbox 119 741 212 776; x_wconf 77' lang='grc' dir='ltr'>δόξα,</span> <span class='ocrx_word' id='word_1_166' title='bbox 246 742 295 769; x_wconf 78' lang='grc' dir='ltr'>καὶ</span> <span class='ocrx_word' id='word_1_167' title='bbox 322 742 413 776; x_wconf 78' lang='grc' dir='ltr'>χαρὰ,</span> <span class='ocrx_word' id='word_1_168' title='bbox 447 742 496 769; x_wconf 80' lang='grc' dir='ltr'>καὶ</span> <span class='ocrx_word' id='word_1_169' title='bbox 532 741 709 776; x_wconf 81' lang='grc' dir='ltr'><strong>καυχήσεως</strong></span> <span class='ocrx_word' id='word_1_170' title='bbox 739 741 904 776; x_wconf 69' lang='grc' dir='ltr'>στέφανος·</span> 
     </span>
    </p>
   </div>
   <div class='ocr_carea' id='block_1_23' title="bbox 996 650 1743 690">
    <p class='ocr_par' dir='ltr' id='par_1_23' title="bbox 996 650 1743 690">
     <span class='ocr_line' id='line_1_24' title="bbox 996 650 1743 690; baseline 0.015 -13"><span class='ocrx_word' id='word_1_171' title='bbox 996 650 1029 677; x_wconf 80' lang='grc' dir='ltr'><strong>Χ.</strong></span> <span class='ocrx_word' id='word_1_172' title='bbox 1045 650 1103 679; x_wconf 86' lang='lat' dir='ltr'><strong>Jam</strong></span> <span class='ocrx_word' id='word_1_173' title='bbox 1123 652 1156 679; x_wconf 84' lang='lat' dir='ltr'><strong>ad</strong></span> <span class='ocrx_word' id='word_1_174' title='bbox 1171 660 1231 685; x_wconf 90' lang='lat' dir='ltr'><strong>vos,</strong></span> <span class='ocrx_word' id='word_1_175' title='bbox 1247 661 1264 680; x_wconf 89' lang='grc' dir='ltr'><strong>ο</strong></span> <span class='ocrx_word' id='word_1_176' title='bbox 1281 655 1316 681; x_wconf 91' lang='lat' dir='ltr'><strong>mi</strong></span> <span class='ocrx_word' id='word_1_177' title='bbox 1342 663 1416 690; x_wconf 80' lang='lat' dir='ltr'><strong>grex,</strong></span> <span class='ocrx_word' id='word_1_178' title='bbox 1443 663 1471 683; x_wconf 88' lang='lat' dir='ltr'><strong>se</strong></span> <span class='ocrx_word' id='word_1_179' title='bbox 1496 658 1627 685; x_wconf 78' lang='lat' dir='ltr'><strong>convertit</strong></span> <span class='ocrx_word' id='word_1_180' title='bbox 1646 661 1743 688; x_wconf 87' lang='lat' dir='ltr'><strong>oratio.</strong></span> 
     </span>
    </p>
   </div>
   <div class='ocr_carea' id='block_1_24' title="bbox 966 695 1744 740">
    <p class='ocr_par' dir='ltr' id='par_1_24' title="bbox 966 695 1744 740">
     <span class='ocr_line' id='line_1_25' title="bbox 966 695 1744 740; baseline 0.013 -18"><span class='ocrx_word' id='word_1_181' title='bbox 966 695 1017 724; x_wconf 72' lang='lat' dir='ltr'><strong>Vos</strong></span> <span class='ocrx_word' id='word_1_182' title='bbox 1033 701 1125 729; x_wconf 76' lang='lat' dir='ltr'><strong>estote,</strong></span> <span class='ocrx_word' id='word_1_183' title='bbox 1145 698 1369 732; x_wconf 86' lang='lat' dir='ltr'><strong>quemadmodum</strong></span> <span class='ocrx_word' id='word_1_184' title='bbox 1388 702 1425 728; x_wconf 89' lang='lat' dir='ltr'><strong>ait</strong></span> <span class='ocrx_word' id='word_1_185' title='bbox 1440 701 1546 736; x_wconf 82' lang='lat' dir='ltr'><strong>Paulus,</strong></span> <span class='ocrx_word' id='word_1_186' title='bbox 1568 703 1652 738; x_wconf 84' lang='lat' dir='ltr'><strong>gloria</strong></span> <span class='ocrx_word' id='word_1_187' title='bbox 1676 713 1744 740; x_wconf 77' lang='lat' dir='ltr'><strong>mea,</strong></span> 
     </span>
    </p>
   </div>
   <div class='ocr_carea' id='block_1_25' title="bbox 957 744 1745 779">
    <p class='ocr_par' dir='ltr' id='par_1_25' title="bbox 957 744 1745 779">
     <span class='ocr_line' id='line_1_26' title="bbox 957 744 1745 779; baseline 0.014 -11"><span class='ocrx_word' id='word_1_188' title='bbox 957 747 984 769; x_wconf 80' lang='lat' dir='ltr'><strong>et</strong></span> <span class='ocrx_word' id='word_1_189' title='bbox 1003 744 1139 778; x_wconf 83' lang='lat' dir='ltr'><strong>gaudium,</strong></span> <span class='ocrx_word' id='word_1_190' title='bbox 1155 749 1178 771; x_wconf 84' lang='lat' dir='ltr'><strong>et</strong></span> <span class='ocrx_word' id='word_1_191' title='bbox 1196 745 1289 778; x_wconf 78' lang='lat' dir='ltr'><strong>gloria:</strong></span> <span class='ocrx_word' id='word_1_192' title='bbox 1315 754 1411 773; x_wconf 83' lang='lat' dir='ltr'><strong>corona</strong></span> <span class='ocrx_word' id='word_1_193' title='bbox 1426 748 1458 774; x_wconf 85' lang='lat'><strong>’:</strong></span> <span class='ocrx_word' id='word_1_194' title='bbox 1478 755 1524 776; x_wconf 91' lang='lat' dir='ltr'><strong>vos</strong></span> <span class='ocrx_word' id='word_1_195' title='bbox 1550 754 1636 777; x_wconf 85' lang='lat' dir='ltr'><strong>estote</strong></span> <span class='ocrx_word' id='word_1_196' title='bbox 1653 750 1745 779; x_wconf 79' lang='lat' dir='ltr'><strong>delen-</strong></span> 
     </span>
    </p>
   </div>
   <div class='ocr_carea' id='block_1_26' title="bbox 120 786 913 830">
    <p class='ocr_par' dir='ltr' id='par_1_26' title="bbox 120 788 908 824">
     <span class='ocr_line' id='line_1_27' title="bbox 120 788 908 824; baseline 0 -10"><span class='ocrx_word' id='word_1_197' title='bbox 120 789 200 824; x_wconf 84' lang='grc' dir='ltr'>ὑμεῖς</span> <span class='ocrx_word' id='word_1_198' title='bbox 222 788 356 822; x_wconf 76' lang='grc' dir='ltr'><strong>ἀπολογία</strong></span> <span class='ocrx_word' id='word_1_199' title='bbox 380 790 435 820; x_wconf 83' lang='grc' dir='ltr'>τοῖς</span> <span class='ocrx_word' id='word_1_200' title='bbox 457 789 506 824; x_wconf 75' lang='grc' dir='ltr'><strong>ἐμὲ</strong></span> <span class='ocrx_word' id='word_1_201' title='bbox 527 788 732 824; x_wconf 77' lang='grc' dir='ltr'>ἀνακρίνουσιν·</span> <span class='ocrx_word' id='word_1_202' title='bbox 752 788 795 821; x_wconf 77' lang='grc' dir='ltr'>ἵν’,</span> <span class='ocrx_word' id='word_1_203' title='bbox 814 788 908 823; x_wconf 86' lang='grc' dir='ltr'>ὥσπερ</span> 
     </span>
    </p>
   </div>
   <div class='ocr_carea' id='block_1_27' title="bbox 963 786 1746 830">
    <p class='ocr_par' dir='ltr' id='par_1_27' title="bbox 963 789 1746 830">
     <span class='ocr_line' id='line_1_28' title="bbox 963 789 1746 830; baseline 0.011 -17"><span class='ocrx_word' id='word_1_204' title='bbox 963 789 998 814; x_wconf 85' lang='lat' dir='ltr'><strong>sio</strong></span> <span class='ocrx_word' id='word_1_205' title='bbox 1012 795 1070 815; x_wconf 80' lang='lat' dir='ltr'><strong>:nca</strong></span> <span class='ocrx_word' id='word_1_206' title='bbox 1090 789 1159 823; x_wconf 89' lang='lat' dir='ltr'><strong>apud</strong></span> <span class='ocrx_word' id='word_1_207' title='bbox 1182 796 1228 816; x_wconf 87' lang='lat' dir='ltr'><strong>eos</strong></span> <span class='ocrx_word' id='word_1_208' title='bbox 1254 791 1300 824; x_wconf 89' lang='lat' dir='ltr'><strong>qui</strong></span> <span class='ocrx_word' id='word_1_209' title='bbox 1320 799 1363 819; x_wconf 91' lang='lat' dir='ltr'><strong>me</strong></span> <span class='ocrx_word' id='word_1_210' title='bbox 1384 792 1506 826; x_wconf 88' lang='lat' dir='ltr'><strong>judicaut</strong></span> <span class='ocrx_word' id='word_1_211' title='bbox 1526 804 1532 821; x_wconf 88' lang='lat'>:</span> <span class='ocrx_word' id='word_1_212' title='bbox 1553 800 1592 827; x_wconf 91' lang='lat' dir='ltr'><strong>ut,</strong></span> <span class='ocrx_word' id='word_1_213' title='bbox 1612 797 1746 830; x_wconf 85' lang='lat' dir='ltr'><strong>quemad_</strong></span> 
     </span>
    </p>
   </div>
   <div class='ocr_carea' id='block_1_28' title="bbox 119 833 907 870">
    <p class='ocr_par' dir='ltr' id='par_1_28' title="bbox 119 833 907 870">
     <span class='ocr_line' id='line_1_29' title="bbox 119 833 907 870; baseline 0 -10"><span class='ocrx_word' id='word_1_214' title='bbox 119 836 177 866; x_wconf 76' lang='grc' dir='ltr'>τοῖς</span> <span class='ocrx_word' id='word_1_215' title='bbox 195 835 364 865; x_wconf 76' lang='grc' dir='ltr'><strong>τεκτονικοῖς</strong></span> <span class='ocrx_word' id='word_1_216' title='bbox 383 834 420 869; x_wconf 75' lang='grc'>(6)</span> <span class='ocrx_word' id='word_1_217' title='bbox 438 834 454 869; x_wconf 83' lang='grc' dir='ltr'><strong>ἢ</strong></span> <span class='ocrx_word' id='word_1_218' title='bbox 471 836 616 870; x_wconf 77' lang='grc' dir='ltr'><strong>γραφικοῖς</strong></span> <span class='ocrx_word' id='word_1_219' title='bbox 637 834 847 869; x_wconf 80' lang='grc' dir='ltr'>ἀπαιτουμένοις</span> <span class='ocrx_word' id='word_1_220' title='bbox 862 833 907 860; x_wconf 87' lang='grc' dir='ltr'>λό-</span> 
     </span>
    </p>
   </div>
   <div class='ocr_carea' id='block_1_29' title="bbox 119 879 908 915">
    <p class='ocr_par' dir='ltr' id='par_1_29' title="bbox 119 879 908 915">
     <span class='ocr_line' id='line_1_30' title="bbox 119 879 908 915; baseline 0.001 -10"><span class='ocrx_word' id='word_1_221' title='bbox 119 888 180 913; x_wconf 88' lang='grc' dir='ltr'>γον,</span> <span class='ocrx_word' id='word_1_222' title='bbox 194 879 306 915; x_wconf 79' lang='grc' dir='ltr'>ἐξαρκεῖ</span> <span class='ocrx_word' id='word_1_223' title='bbox 317 879 419 911; x_wconf 81' lang='grc' dir='ltr'>δείξασι</span> <span class='ocrx_word' id='word_1_224' title='bbox 439 879 469 906; x_wconf 80' lang='grc' dir='ltr'>τὸ</span> <span class='ocrx_word' id='word_1_225' title='bbox 486 879 648 914; x_wconf 81' lang='grc' dir='ltr'>τεκτονηθὲν</span> <span class='ocrx_word' id='word_1_226' title='bbox 664 880 681 915; x_wconf 85' lang='grc' dir='ltr'>ἢ</span> <span class='ocrx_word' id='word_1_227' title='bbox 695 880 799 915; x_wconf 79' lang='grc' dir='ltr'>γραφὲν</span> <span class='ocrx_word' id='word_1_228' title='bbox 818 879 908 915; x_wconf 75' lang='grc' dir='ltr'>ἀπηλ-</span> 
     </span>
    </p>
   </div>
   <div class='ocr_carea' id='block_1_30' title="bbox 120 925 908 961">
    <p class='ocr_par' dir='ltr' id='par_1_30' title="bbox 120 925 908 961">
     <span class='ocr_line' id='line_1_31' title="bbox 120 925 908 961; baseline -0.001 -9"><span class='ocrx_word' id='word_1_229' title='bbox 120 925 218 960; x_wconf 69' lang='grc' dir='ltr'>λάχθαι</span> <span class='ocrx_word' id='word_1_230' title='bbox 232 925 404 961; x_wconf 80' lang='grc' dir='ltr'><strong>πραγμάτων</strong></span> <span class='ocrx_word' id='word_1_231' title='bbox 418 925 514 961; x_wconf 73' lang='grc' dir='ltr'>(ἔργον</span> <span class='ocrx_word' id='word_1_232' title='bbox 529 925 584 960; x_wconf 85' lang='grc' dir='ltr'><strong>γὰρ</strong></span> <span class='ocrx_word' id='word_1_233' title='bbox 599 925 689 959; x_wconf 79' lang='grc' dir='ltr'>λόγου,</span> <span class='ocrx_word' id='word_1_234' title='bbox 715 926 796 960; x_wconf 72' lang='grc' dir='ltr'>φησὶν</span> <span class='ocrx_word' id='word_1_235' title='bbox 806 945 813 958; x_wconf 88' lang='grc'><strong>,</strong></span> <span class='ocrx_word' id='word_1_236' title='bbox 833 925 908 959; x_wconf 80' lang='grc' dir='ltr'>ισχυ-</span> 
     </span>
    </p>
   </div>
   <div class='ocr_carea' id='block_1_31' title="bbox 120 971 908 1007">
    <p class='ocr_par' dir='ltr' id='par_1_31' title="bbox 120 971 908 1007">
     <span class='ocr_line' id='line_1_32' title="bbox 120 971 908 1007; baseline -0.003 -9"><span class='ocrx_word' id='word_1_237' title='bbox 120 971 254 1007; x_wconf 75' lang='grc' dir='ltr'>ράτερον),</span> <span class='ocrx_word' id='word_1_238' title='bbox 266 971 352 1004; x_wconf 84' lang='grc' dir='ltr'>οὓτως</span> <span class='ocrx_word' id='word_1_239' title='bbox 369 972 406 1007; x_wconf 83' lang='grc'><strong>(7)</strong></span> <span class='ocrx_word' id='word_1_240' title='bbox 421 971 469 998; x_wconf 77' lang='grc' dir='ltr'>καὶ</span> <span class='ocrx_word' id='word_1_241' title='bbox 483 971 562 1002; x_wconf 79' lang='grc' dir='ltr'>αὐτὸς</span> <span class='ocrx_word' id='word_1_242' title='bbox 574 972 646 1006; x_wconf 81' lang='grc' dir='ltr'>ὑμᾶς</span> <span class='ocrx_word' id='word_1_243' title='bbox 660 971 806 1004; x_wconf 77' lang='grc' dir='ltr'>ἐπιδείξας,</span> <span class='ocrx_word' id='word_1_244' title='bbox 821 971 908 1006; x_wconf 78' lang='grc' dir='ltr'>ὑπερ-</span> 
     </span>
    </p>
   </div>
   <div class='ocr_carea' id='block_1_32' title="bbox 119 1015 909 1053">
    <p class='ocr_par' dir='ltr' id='par_1_32' title="bbox 119 1015 909 1053">
     <span class='ocr_line' id='line_1_33' title="bbox 119 1015 909 1053; baseline -0.003 -9"><span class='ocrx_word' id='word_1_245' title='bbox 119 1017 174 1050; x_wconf 70' lang='grc' dir='ltr'><strong>έξω</strong></span> <span class='ocrx_word' id='word_1_246' title='bbox 191 1018 230 1053; x_wconf 65' lang='lat' dir='ltr'><strong>t8)</strong></span> <span class='ocrx_word' id='word_1_247' title='bbox 244 1017 294 1050; x_wconf 76' lang='grc' dir='ltr'><strong>τὰς</strong></span> <span class='ocrx_word' id='word_1_248' title='bbox 314 1018 457 1053; x_wconf 79' lang='grc' dir='ltr'><strong>λοιδορίας.</strong></span> <span class='ocrx_word' id='word_1_249' title='bbox 481 1016 620 1052; x_wconf 81' lang='grc' dir='ltr'>’Υπερέξω</span> <span class='ocrx_word' id='word_1_250' title='bbox 645 1017 673 1043; x_wconf 80' lang='grc' dir='ltr'>δὲ</span> <span class='ocrx_word' id='word_1_251' title='bbox 698 1016 773 1048; x_wconf 89' lang='grc' dir='ltr'><strong>πῶς;</strong></span> <span class='ocrx_word' id='word_1_252' title='bbox 798 1015 909 1052; x_wconf 81' lang='grc' dir='ltr'>Πρῶτον</span> 
     </span>
    </p>
   </div>
   <div class='ocr_carea' id='block_1_33' title="bbox 122 1061 909 1098">
    <p class='ocr_par' dir='ltr' id='par_1_33' title="bbox 122 1061 909 1098">
     <span class='ocr_line' id='line_1_34' title="bbox 122 1061 909 1098; baseline -0.003 -8"><span class='ocrx_word' id='word_1_253' title='bbox 122 1064 184 1098; x_wconf 70' lang='grc' dir='ltr'>μὲν,</span> <span class='ocrx_word' id='word_1_254' title='bbox 199 1064 248 1090; x_wconf 74' lang='grc' dir='ltr'>ἐὰν</span> <span class='ocrx_word' id='word_1_255' title='bbox 258 1064 308 1098; x_wconf 85' lang='grc' dir='ltr'>τὴν</span> <span class='ocrx_word' id='word_1_256' title='bbox 319 1065 359 1095; x_wconf 86' lang='grc' dir='ltr'><strong>είς</strong></span> <span class='ocrx_word' id='word_1_257' title='bbox 370 1064 489 1098; x_wconf 85' lang='grc' dir='ltr'>Πατέρα,</span> <span class='ocrx_word' id='word_1_258' title='bbox 506 1064 553 1089; x_wconf 76' lang='grc' dir='ltr'>καὶ</span> <span class='ocrx_word' id='word_1_259' title='bbox 565 1062 640 1094; x_wconf 79' lang='grc' dir='ltr'>Υίὺν,</span> <span class='ocrx_word' id='word_1_260' title='bbox 651 1063 698 1089; x_wconf 73' lang='grc' dir='ltr'>καὶ</span> <span class='ocrx_word' id='word_1_261' title='bbox 710 1062 786 1096; x_wconf 76' lang='grc' dir='ltr'>ἅγιον</span> <span class='ocrx_word' id='word_1_262' title='bbox 798 1061 909 1096; x_wconf 78' lang='grc' dir='ltr'><strong>Πνεῦμα</strong></span> 
     </span>
    </p>
   </div>
   <div class='ocr_carea' id='block_1_34' title="bbox 119 1107 910 1145">
    <p class='ocr_par' dir='ltr' id='par_1_34' title="bbox 119 1107 910 1145">
     <span class='ocr_line' id='line_1_35' title="bbox 119 1107 910 1145; baseline -0.003 -10"><span class='ocrx_word' id='word_1_263' title='bbox 119 1109 267 1144; x_wconf 74' lang='grc' dir='ltr'>ὁμολογίαν</span> <span class='ocrx_word' id='word_1_264' title='bbox 281 1109 379 1144; x_wconf 83' lang='grc' dir='ltr'>ἀκλινῆ</span> <span class='ocrx_word' id='word_1_265' title='bbox 395 1109 442 1135; x_wconf 80' lang='grc' dir='ltr'>καὶ</span> <span class='ocrx_word' id='word_1_266' title='bbox 460 1108 496 1145; x_wconf 76' lang='lat'><strong>(9)</strong></span> <span class='ocrx_word' id='word_1_267' title='bbox 515 1108 627 1144; x_wconf 75' lang='grc' dir='ltr'>βεϐαίαν</span> <span class='ocrx_word' id='word_1_268' title='bbox 644 1108 806 1143; x_wconf 81' lang='grc' dir='ltr'><strong>φυλάττητε,</strong></span> <span class='ocrx_word' id='word_1_269' title='bbox 826 1107 910 1143; x_wconf 82' lang='grc' dir='ltr'>μηδὲν</span> 
     </span>
    </p>
   </div>
   <div class='ocr_carea' id='block_1_35' title="bbox 120 1153 910 1190">
    <p class='ocr_par' dir='ltr' id='par_1_35' title="bbox 120 1153 910 1190">
     <span class='ocr_line' id='line_1_36' title="bbox 120 1153 910 1190; baseline -0.001 -10"><span class='ocrx_word' id='word_1_270' title='bbox 120 1155 325 1190; x_wconf 79' lang='grc' dir='ltr'><strong>προστιθέντες,</strong></span> <span class='ocrx_word' id='word_1_271' title='bbox 342 1155 408 1190; x_wconf 84' lang='grc' dir='ltr'>μηδὲ</span> <span class='ocrx_word' id='word_1_272' title='bbox 429 1155 618 1190; x_wconf 67' lang='grc' dir='ltr'>ἀφαιροῦντες,</span> <span class='ocrx_word' id='word_1_273' title='bbox 634 1154 701 1189; x_wconf 81' lang='grc' dir='ltr'>μηδὲ</span> <span class='ocrx_word' id='word_1_274' title='bbox 717 1153 910 1188; x_wconf 86' lang='grc' dir='ltr'>σμικρύνοντες</span> 
     </span>
    </p>
   </div>
   <div class='ocr_carea' id='block_1_36' title="bbox 119 1198 910 1236">
    <p class='ocr_par' dir='ltr' id='par_1_36' title="bbox 119 1198 910 1236">
     <span class='ocr_line' id='line_1_37' title="bbox 119 1198 910 1236; baseline -0.001 -11"><span class='ocrx_word' id='word_1_275' title='bbox 119 1200 170 1235; x_wconf 80' lang='grc' dir='ltr'>τῆς</span> <span class='ocrx_word' id='word_1_276' title='bbox 193 1201 257 1235; x_wconf 78' lang='grc' dir='ltr'>μιᾶς</span> <span class='ocrx_word' id='word_1_277' title='bbox 276 1201 408 1235; x_wconf 77' lang='grc' dir='ltr'>Θεὸτητος</span> <span class='ocrx_word' id='word_1_278' title='bbox 426 1200 473 1236; x_wconf 86' lang='grc' dir='ltr'>(τὸ</span> <span class='ocrx_word' id='word_1_279' title='bbox 489 1208 543 1236; x_wconf 78' lang='grc' dir='ltr'><strong>γαρ</strong></span> <span class='ocrx_word' id='word_1_280' title='bbox 562 1199 723 1230; x_wconf 77' lang='grc' dir='ltr'>ἐλαττωθὲν,</span> <span class='ocrx_word' id='word_1_281' title='bbox 743 1198 791 1226; x_wconf 79' lang='grc' dir='ltr'>τοῦ</span> <span class='ocrx_word' id='word_1_282' title='bbox 810 1198 910 1230; x_wconf 87' lang='grc' dir='ltr'>παντός</span> 
     </span>
    </p>
   </div>
   <div class='ocr_carea' id='block_1_37' title="bbox 119 1244 909 1282">
    <p class='ocr_par' dir='ltr' id='par_1_37' title="bbox 119 1244 909 1282">
     <span class='ocr_line' id='line_1_38' title="bbox 119 1244 909 1282; baseline -0.001 -10"><span class='ocrx_word' id='word_1_283' title='bbox 119 1247 195 1273; x_wconf 76' lang='grc' dir='ltr'>ἔστιν</span> <span class='ocrx_word' id='word_1_284' title='bbox 214 1247 361 1278; x_wconf 77' lang='grc' dir='ltr'>ἐλάττωσις</span> <span class='ocrx_word' id='word_1_285' title='bbox 384 1247 412 1282; x_wconf 93' lang='grc'>)·</span> <span class='ocrx_word' id='word_1_286' title='bbox 431 1247 494 1278; x_wconf 84' lang='grc' dir='ltr'>τοὺς</span> <span class='ocrx_word' id='word_1_287' title='bbox 519 1246 547 1273; x_wconf 79' lang='grc' dir='ltr'>δὲ</span> <span class='ocrx_word' id='word_1_288' title='bbox 563 1246 627 1273; x_wconf 83' lang='grc' dir='ltr'>ἄλλο</span> <span class='ocrx_word' id='word_1_289' title='bbox 651 1254 677 1272; x_wconf 85' lang='grc' dir='ltr'><strong>τι</strong></span> <span class='ocrx_word' id='word_1_290' title='bbox 693 1245 874 1280; x_wconf 75' lang='grc' dir='ltr'>φρονοῦντας,</span> <span class='ocrx_word' id='word_1_291' title='bbox 892 1244 909 1279; x_wconf 86' lang='grc' dir='ltr'>ἢ</span> 
     </span>
    </p>
   </div>
   <div class='ocr_carea' id='block_1_38' title="bbox 119 1290 911 1328">
    <p class='ocr_par' dir='ltr' id='par_1_38' title="bbox 119 1290 911 1328">
     <span class='ocr_line' id='line_1_39' title="bbox 119 1290 911 1328; baseline -0.003 -9"><span class='ocrx_word' id='word_1_292' title='bbox 119 1292 258 1326; x_wconf 79' lang='grc' dir='ltr'>λέγοντας,</span> <span class='ocrx_word' id='word_1_293' title='bbox 273 1293 290 1328; x_wconf 86' lang='grc' dir='ltr'>ἢ</span> <span class='ocrx_word' id='word_1_294' title='bbox 306 1293 413 1327; x_wconf 73' lang='grc' dir='ltr'>φύσεων</span> <span class='ocrx_word' id='word_1_295' title='bbox 430 1293 538 1328; x_wconf 84' lang='grc' dir='ltr'>μέτροις</span> <span class='ocrx_word' id='word_1_296' title='bbox 555 1292 585 1318; x_wconf 79' lang='grc' dir='ltr'>τὸ</span> <span class='ocrx_word' id='word_1_297' title='bbox 599 1292 627 1318; x_wconf 80' lang='grc' dir='ltr'>ἓν</span> <span class='ocrx_word' id='word_1_298' title='bbox 642 1291 810 1322; x_wconf 79' lang='grc' dir='ltr'>διαλύοντας,</span> <span class='ocrx_word' id='word_1_299' title='bbox 826 1291 841 1326; x_wconf 86' lang='grc' dir='ltr'>ἢ</span> <span class='ocrx_word' id='word_1_300' title='bbox 854 1290 911 1317; x_wconf 82' lang='grc' dir='ltr'>δια-</span> 
     </span>
    </p>
   </div>
   <div class='ocr_carea' id='block_1_39' title="bbox 120 1336 910 1374">
    <p class='ocr_par' dir='ltr' id='par_1_39' title="bbox 120 1336 910 1374">
     <span class='ocr_line' id='line_1_40' title="bbox 120 1336 910 1374; baseline -0.005 -8"><span class='ocrx_word' id='word_1_301' title='bbox 120 1339 298 1374; x_wconf 78' lang='grc' dir='ltr'>τειχίζοντας,</span> <span class='ocrx_word' id='word_1_302' title='bbox 315 1339 351 1370; x_wconf 87' lang='grc' dir='ltr'>ὡς</span> <span class='ocrx_word' id='word_1_303' title='bbox 365 1339 453 1374; x_wconf 78' lang='grc' dir='ltr'>λύμην</span> <span class='ocrx_word' id='word_1_304' title='bbox 468 1340 517 1374; x_wconf 86' lang='grc' dir='ltr'>τῆς</span> <span class='ocrx_word' id='word_1_305' title='bbox 538 1338 712 1373; x_wconf 79' lang='grc' dir='ltr'>Ἐκκλησίας,</span> <span class='ocrx_word' id='word_1_306' title='bbox 723 1338 771 1364; x_wconf 77' lang='grc' dir='ltr'>καὶ</span> <span class='ocrx_word' id='word_1_307' title='bbox 785 1338 833 1372; x_wconf 87' lang='grc' dir='ltr'>τῆς</span> <span class='ocrx_word' id='word_1_308' title='bbox 846 1336 910 1371; x_wconf 78' lang='grc' dir='ltr'><strong>ἀλη-</strong></span> 
     </span>
    </p>
   </div>
   <div class='ocr_carea' id='block_1_40' title="bbox 121 1381 911 1419">
    <p class='ocr_par' dir='ltr' id='par_1_40' title="bbox 121 1381 911 1419">
     <span class='ocr_line' id='line_1_41' title="bbox 121 1381 911 1419; baseline -0.004 -9"><span class='ocrx_word' id='word_1_309' title='bbox 121 1384 199 1415; x_wconf 79' lang='grc' dir='ltr'>θείας</span> <span class='ocrx_word' id='word_1_310' title='bbox 213 1384 262 1416; x_wconf 75' lang='grc' dir='ltr'>ξὺν,</span> <span class='ocrx_word' id='word_1_311' title='bbox 280 1383 499 1419; x_wconf 82' lang='grc' dir='ltr'>ὰποπέμποισθε,</span> <span class='ocrx_word' id='word_1_312' title='bbox 515 1383 551 1419; x_wconf 85' lang='grc' dir='ltr'>μὴ</span> <span class='ocrx_word' id='word_1_313' title='bbox 566 1383 719 1418; x_wconf 81' lang='grc' dir='ltr'>μισοῦντες,</span> <span class='ocrx_word' id='word_1_314' title='bbox 733 1382 790 1408; x_wconf 85' lang='grc' dir='ltr'>ἀλλ’</span> <span class='ocrx_word' id='word_1_315' title='bbox 806 1381 911 1408; x_wconf 75' lang='grc' dir='ltr'>ἐλεοῦν-</span> 
     </span>
    </p>
   </div>
   <div class='ocr_carea' id='block_1_41' title="bbox 120 1428 910 1464">
    <p class='ocr_par' dir='ltr' id='par_1_41' title="bbox 120 1428 910 1464">
     <span class='ocr_line' id='line_1_42' title="bbox 120 1428 910 1464; baseline -0.001 -9"><span class='ocrx_word' id='word_1_316' title='bbox 120 1438 166 1461; x_wconf 85' lang='grc' dir='ltr'><strong>τες</strong></span> <span class='ocrx_word' id='word_1_317' title='bbox 185 1429 232 1455; x_wconf 80' lang='grc' dir='ltr'>τοῦ</span> <span class='ocrx_word' id='word_1_318' title='bbox 251 1429 407 1464; x_wconf 79' lang='grc' dir='ltr'>πτώματος.</span> <span class='ocrx_word' id='word_1_319' title='bbox 436 1429 567 1464; x_wconf 81' lang='grc' dir='ltr'>Δεύτερον</span> <span class='ocrx_word' id='word_1_320' title='bbox 585 1429 628 1460; x_wconf 83' lang='grc' dir='ltr'>δὲ,</span> <span class='ocrx_word' id='word_1_321' title='bbox 647 1429 671 1454; x_wconf 83' lang='grc' dir='ltr'><strong>εί</strong></span> <span class='ocrx_word' id='word_1_322' title='bbox 698 1428 747 1463; x_wconf 86' lang='grc' dir='ltr'>τὴν</span> <span class='ocrx_word' id='word_1_323' title='bbox 774 1428 910 1454; x_wconf 80' lang='grc' dir='ltr'>πολιτείαν</span> 
     </span>
    </p>
   </div>
   <div class='ocr_carea' id='block_1_42' title="bbox 120 1472 909 1512">
    <p class='ocr_par' dir='ltr' id='par_1_42' title="bbox 120 1472 909 1512">
     <span class='ocr_line' id='line_1_43' title="bbox 120 1472 909 1512; baseline -0.003 -10"><span class='ocrx_word' id='word_1_324' title='bbox 120 1475 268 1502; x_wconf 74' lang='grc' dir='ltr'>ἀκόλουθον</span> <span class='ocrx_word' id='word_1_325' title='bbox 293 1475 332 1510; x_wconf 86' lang='grc' dir='ltr'>τῷ</span> <span class='ocrx_word' id='word_1_326' title='bbox 349 1476 421 1512; x_wconf 80' lang='grc' dir='ltr'>ὀρθῷ</span> <span class='ocrx_word' id='word_1_327' title='bbox 440 1475 511 1511; x_wconf 77' lang='grc' dir='ltr'>λόγῳ</span> <span class='ocrx_word' id='word_1_328' title='bbox 532 1475 687 1510; x_wconf 85' lang='grc' dir='ltr'>παρέχοιτε,</span> <span class='ocrx_word' id='word_1_329' title='bbox 707 1475 740 1501; x_wconf 74' lang='grc' dir='ltr'><strong>ἵν’</strong></span> <span class='ocrx_word' id='word_1_330' title='bbox 759 1472 808 1510; x_wconf 78' lang='grc' dir='ltr'>ἦτε</span> <span class='ocrx_word' id='word_1_331' title='bbox 833 1483 909 1510; x_wconf 86' lang='grc' dir='ltr'>περι-</span> 
     </span>
    </p>
   </div>
   <div class='ocr_carea' id='block_1_43' title="bbox 120 1521 855 1557">
    <p class='ocr_par' dir='ltr' id='par_1_43' title="bbox 120 1521 855 1557">
     <span class='ocr_line' id='line_1_44' title="bbox 120 1521 855 1557; baseline -0.003 -9"><span class='ocrx_word' id='word_1_332' title='bbox 120 1522 203 1554; x_wconf 73' lang='grc' dir='ltr'>ὸέξιοι</span> <span class='ocrx_word' id='word_1_333' title='bbox 220 1522 269 1557; x_wconf 83' lang='grc' dir='ltr'>τὴν</span> <span class='ocrx_word' id='word_1_334' title='bbox 286 1522 397 1557; x_wconf 81' lang='grc' dir='ltr'>ἀρετὴν,</span> <span class='ocrx_word' id='word_1_335' title='bbox 412 1521 480 1548; x_wconf 78' lang='grc' dir='ltr'>ἀλλὰ</span> <span class='ocrx_word' id='word_1_336' title='bbox 497 1521 534 1557; x_wconf 82' lang='grc' dir='ltr'>μὴ</span> <span class='ocrx_word' id='word_1_337' title='bbox 548 1521 586 1556; x_wconf 82' lang='grc' dir='ltr'>τῷ</span> <span class='ocrx_word' id='word_1_338' title='bbox 607 1521 692 1556; x_wconf 82' lang='grc' dir='ltr'>ἑτέρῳ</span> <span class='ocrx_word' id='word_1_339' title='bbox 707 1521 855 1552; x_wconf 85' lang='grc' dir='ltr'>λείποντες.</span> 
     </span>
    </p>
   </div>
   <div class='ocr_carea' id='block_1_44' title="bbox 957 834 1743 875">
    <p class='ocr_par' dir='ltr' id='par_1_44' title="bbox 957 834 1743 875">
     <span class='ocr_line' id='line_1_45' title="bbox 957 834 1743 875; baseline 0.01 -15"><span class='ocrx_word' id='word_1_340' title='bbox 957 834 1066 861; x_wconf 90' lang='lat' dir='ltr'><strong>modum</strong></span> <span class='ocrx_word' id='word_1_341' title='bbox 1090 835 1132 866; x_wconf 88' lang='lat' dir='ltr'><strong>iis.</strong></span> <span class='ocrx_word' id='word_1_342' title='bbox 1150 835 1194 869; x_wconf 92' lang='lat' dir='ltr'><strong>qui</strong></span> <span class='ocrx_word' id='word_1_343' title='bbox 1213 835 1362 864; x_wconf 87' lang='lat' dir='ltr'><strong>fabricandi</strong></span> <span class='ocrx_word' id='word_1_344' title='bbox 1376 843 1422 864; x_wconf 91' lang='lat' dir='ltr'><strong>aut</strong></span> <span class='ocrx_word' id='word_1_345' title='bbox 1435 838 1560 873; x_wconf 74' lang='lat' dir='ltr'><strong>pingendi</strong></span> <span class='ocrx_word' id='word_1_346' title='bbox 1575 845 1660 867; x_wconf 86' lang='lat' dir='ltr'><strong>artem</strong></span> <span class='ocrx_word' id='word_1_347' title='bbox 1678 848 1743 875; x_wconf 89' lang='lat' dir='ltr'><strong>pro-</strong></span> 
     </span>
    </p>
   </div>
   <div class='ocr_carea' id='block_1_45' title="bbox 959 879 1747 918">
    <p class='ocr_par' dir='ltr' id='par_1_45' title="bbox 959 879 1747 918">
     <span class='ocr_line' id='line_1_46' title="bbox 959 879 1747 918; baseline 0.01 -12"><span class='ocrx_word' id='word_1_348' title='bbox 959 879 1078 913; x_wconf 90' lang='lat' dir='ltr'><strong>ﬁtentur,</strong></span> <span class='ocrx_word' id='word_1_349' title='bbox 1107 888 1167 907; x_wconf 91' lang='lat' dir='ltr'><strong>cum</strong></span> <span class='ocrx_word' id='word_1_350' title='bbox 1188 881 1255 909; x_wconf 88' lang='lat' dir='ltr'><strong>artis</strong></span> <span class='ocrx_word' id='word_1_351' title='bbox 1274 885 1404 910; x_wconf 89' lang='lat' dir='ltr'><strong>rationem</strong></span> <span class='ocrx_word' id='word_1_352' title='bbox 1432 891 1624 918; x_wconf 77' lang='lat' dir='ltr'><strong>exposcuntur,</strong></span> <span class='ocrx_word' id='word_1_353' title='bbox 1652 886 1747 914; x_wconf 82' lang='lat' dir='ltr'><strong>fabrile</strong></span> 
     </span>
    </p>
   </div>
   <div class='ocr_carea' id='block_1_46' title="bbox 958 925 1746 966">
    <p class='ocr_par' dir='ltr' id='par_1_46' title="bbox 958 925 1746 966">
     <span class='ocr_line' id='line_1_47' title="bbox 958 925 1746 966; baseline 0.01 -15"><span class='ocrx_word' id='word_1_354' title='bbox 958 929 1004 952; x_wconf 81' lang='lat' dir='ltr'><strong>aut</strong></span> <span class='ocrx_word' id='word_1_355' title='bbox 1025 925 1167 960; x_wconf 92' lang='lat' dir='ltr'><strong>pictorium</strong></span> <span class='ocrx_word' id='word_1_356' title='bbox 1192 934 1260 961; x_wconf 88' lang='lat' dir='ltr'><strong>opus</strong></span> <span class='ocrx_word' id='word_1_357' title='bbox 1289 929 1431 956; x_wconf 85' lang='lat' dir='ltr'><strong>ostendere</strong></span> <span class='ocrx_word' id='word_1_358' title='bbox 1459 929 1563 963; x_wconf 74' lang='lat' dir='ltr'><strong>suﬁit-it,</strong></span> <span class='ocrx_word' id='word_1_359' title='bbox 1586 935 1614 958; x_wconf 89' lang='lat' dir='ltr'><strong>ut</strong></span> <span class='ocrx_word' id='word_1_360' title='bbox 1640 932 1746 966; x_wconf 71' lang='lat' dir='ltr'><strong>negotio</strong></span> 
     </span>
    </p>
   </div>
   <div class='ocr_carea' id='block_1_47' title="bbox 959 971 1745 1011">
    <p class='ocr_par' dir='ltr' id='par_1_47' title="bbox 959 971 1745 1011">
     <span class='ocr_line' id='line_1_48' title="bbox 959 971 1745 1011; baseline 0.008 -14"><span class='ocrx_word' id='word_1_361' title='bbox 959 971 1031 998; x_wconf 92' lang='lat' dir='ltr'><strong>omni</strong></span> <span class='ocrx_word' id='word_1_362' title='bbox 1043 978 1075 998; x_wconf 90' lang='lat' dir='ltr'><strong>ac</strong></span> <span class='ocrx_word' id='word_1_363' title='bbox 1089 971 1210 999; x_wconf 81' lang='lat' dir='ltr'><strong>molestia</strong></span> <span class='ocrx_word' id='word_1_364' title='bbox 1225 973 1375 1000; x_wconf 86' lang='lat' dir='ltr'><strong>liberentur</strong></span> <span class='ocrx_word' id='word_1_365' title='bbox 1385 974 1462 1010; x_wconf 86' lang='lat' dir='ltr'><strong>(opus</strong></span> <span class='ocrx_word' id='word_1_366' title='bbox 1469 976 1552 1010; x_wconf 87' lang='lat' dir='ltr'><strong>enim,</strong></span> <span class='ocrx_word' id='word_1_367' title='bbox 1563 973 1650 1011; x_wconf 86' lang='lat' dir='ltr'><strong>inquit</strong></span> <span class='ocrx_word' id='word_1_368' title='bbox 1662 977 1745 1005; x_wconf 72' lang='lat' dir='ltr'><strong>ille”.</strong></span> 
     </span>
    </p>
   </div>
   <div class='ocr_carea' id='block_1_48' title="bbox 959 1018 1746 1059">
    <p class='ocr_par' dir='ltr' id='par_1_48' title="bbox 959 1018 1746 1059">
     <span class='ocr_line' id='line_1_49' title="bbox 959 1018 1746 1059; baseline 0.008 -15"><span class='ocrx_word' id='word_1_369' title='bbox 959 1024 1084 1045; x_wconf 87' lang='lat' dir='ltr'><strong>sermone</strong></span> <span class='ocrx_word' id='word_1_370' title='bbox 1098 1018 1193 1045; x_wconf 80' lang='lat' dir='ltr'><strong>fortius</strong></span> <span class='ocrx_word' id='word_1_371' title='bbox 1212 1020 1279 1053; x_wconf 82' lang='lat' dir='ltr'><strong>est),</strong></span> <span class='ocrx_word' id='word_1_372' title='bbox 1302 1020 1342 1047; x_wconf 90' lang='lat' dir='ltr'><strong>sic</strong></span> <span class='ocrx_word' id='word_1_373' title='bbox 1359 1020 1414 1055; x_wconf 90' lang='lat' dir='ltr'><strong>ipse</strong></span> <span class='ocrx_word' id='word_1_374' title='bbox 1433 1028 1548 1056; x_wconf 90' lang='lat' dir='ltr'><strong>quoque,</strong></span> <span class='ocrx_word' id='word_1_375' title='bbox 1568 1023 1643 1050; x_wconf 83' lang='lat' dir='ltr'><strong>vobis</strong></span> <span class='ocrx_word' id='word_1_376' title='bbox 1664 1023 1746 1059; x_wconf 62' lang='grc'><strong>642</strong></span> 
     </span>
    </p>
   </div>
   <div class='ocr_carea' id='block_1_49' title="bbox 960 1063 1747 1098">
    <p class='ocr_par' dir='ltr' id='par_1_49' title="bbox 960 1063 1747 1098">
     <span class='ocr_line' id='line_1_50' title="bbox 960 1063 1747 1098; baseline 0.008 -8"><span class='ocrx_word' id='word_1_377' title='bbox 960 1063 986 1090; x_wconf 94' lang='lat' dir='ltr'><strong>in</strong></span> <span class='ocrx_word' id='word_1_378' title='bbox 1003 1064 1118 1090; x_wconf 80' lang='lat' dir='ltr'><strong>taedium</strong></span> <span class='ocrx_word' id='word_1_379' title='bbox 1144 1065 1290 1098; x_wconf 91' lang='lat' dir='ltr'><strong>productis,</strong></span> <span class='ocrx_word' id='word_1_380' title='bbox 1315 1065 1524 1094; x_wconf 84' lang='lat' dir='ltr'><strong>obtrectatorum</strong></span> <span class='ocrx_word' id='word_1_381' title='bbox 1550 1075 1670 1095; x_wconf 90' lang='lat' dir='ltr'><strong>meorum</strong></span> <span class='ocrx_word' id='word_1_382' title='bbox 1689 1077 1747 1096; x_wconf 90' lang='lat' dir='ltr'><strong>ma-</strong></span> 
     </span>
    </p>
   </div>
   <div class='ocr_carea' id='block_1_50' title="bbox 959 1109 1747 1149">
    <p class='ocr_par' dir='ltr' id='par_1_50' title="bbox 959 1109 1747 1149">
     <span class='ocr_line' id='line_1_51' title="bbox 959 1109 1747 1149; baseline 0.008 -13"><span class='ocrx_word' id='word_1_383' title='bbox 959 1109 1056 1136; x_wconf 81' lang='lat' dir='ltr'><strong>ledicta</strong></span> <span class='ocrx_word' id='word_1_384' title='bbox 1085 1117 1219 1144; x_wconf 87' lang='lat' dir='ltr'><strong>superem.</strong></span> <span class='ocrx_word' id='word_1_385' title='bbox 1250 1113 1390 1144; x_wconf 80' lang='lat' dir='ltr'><strong>Quomodo</strong></span> <span class='ocrx_word' id='word_1_386' title='bbox 1416 1117 1506 1139; x_wconf 89' lang='lat' dir='ltr'><strong>autem</strong></span> <span class='ocrx_word' id='word_1_387' title='bbox 1528 1121 1558 1140; x_wconf 86' lang='lat' dir='ltr'><strong>ea</strong></span> <span class='ocrx_word' id='word_1_388' title='bbox 1593 1115 1747 1149; x_wconf 69' lang='lat' dir='ltr'><strong>superabo!</strong></span> 
     </span>
    </p>
   </div>
   <div class='ocr_carea' id='block_1_51' title="bbox 960 1155 1748 1193">
    <p class='ocr_par' dir='ltr' id='par_1_51' title="bbox 960 1155 1748 1193">
     <span class='ocr_line' id='line_1_52' title="bbox 960 1155 1748 1193; baseline 0.008 -11"><span class='ocrx_word' id='word_1_389' title='bbox 960 1155 1090 1188; x_wconf 83' lang='lat' dir='ltr'><strong>Primum,</strong></span> <span class='ocrx_word' id='word_1_390' title='bbox 1106 1156 1128 1182; x_wconf 96' lang='lat' dir='ltr'><strong>si</strong></span> <span class='ocrx_word' id='word_1_391' title='bbox 1144 1155 1241 1190; x_wconf 83' lang='lat' dir='ltr'><strong>Patris,</strong></span> <span class='ocrx_word' id='word_1_392' title='bbox 1257 1162 1282 1185; x_wconf 88' lang='lat' dir='ltr'><strong>et</strong></span> <span class='ocrx_word' id='word_1_393' title='bbox 1299 1157 1370 1189; x_wconf 80' lang='lat' dir='ltr'><strong>Filii,</strong></span> <span class='ocrx_word' id='word_1_394' title='bbox 1385 1162 1412 1184; x_wconf 89' lang='lat' dir='ltr'><strong>et</strong></span> <span class='ocrx_word' id='word_1_395' title='bbox 1433 1157 1549 1193; x_wconf 88' lang='lat' dir='ltr'><strong>Spiritus</strong></span> <span class='ocrx_word' id='word_1_396' title='bbox 1570 1161 1655 1187; x_wconf 85' lang='lat' dir='ltr'><strong>sancti</strong></span> <span class='ocrx_word' id='word_1_397' title='bbox 1683 1168 1748 1188; x_wconf 91' lang='lat' dir='ltr'><strong>con-</strong></span> 
     </span>
    </p>
   </div>
   <div class='ocr_carea' id='block_1_52' title="bbox 959 1195 1746 1239">
    <p class='ocr_par' dir='ltr' id='par_1_52' title="bbox 959 1195 1746 1239">
     <span class='ocr_line' id='line_1_53' title="bbox 959 1195 1746 1239; baseline 0.009 -12"><span class='ocrx_word' id='word_1_398' title='bbox 959 1200 1103 1227; x_wconf 78' lang='lat' dir='ltr'><strong>fessionem</strong></span> <span class='ocrx_word' id='word_1_399' title='bbox 1120 1202 1225 1229; x_wconf 81' lang='lat' dir='ltr'><strong>ﬁrmant</strong></span> <span class='ocrx_word' id='word_1_400' title='bbox 1252 1209 1279 1231; x_wconf 90' lang='lat' dir='ltr'><strong>et</strong></span> <span class='ocrx_word' id='word_1_401' title='bbox 1302 1209 1469 1231; x_wconf 84' lang='lat' dir='ltr'><strong>constantem</strong></span> <span class='ocrx_word' id='word_1_402' title='bbox 1499 1206 1649 1239; x_wconf 81' lang='lat' dir='ltr'><strong>retineatis,</strong></span> <span class='ocrx_word' id='word_1_403' title='bbox 1678 1195 1746 1234; x_wconf 70' lang='lat' dir='ltr'><strong>niliil</strong></span> 
     </span>
    </p>
   </div>
   <div class='ocr_carea' id='block_1_53' title="bbox 961 1246 1747 1284">
    <p class='ocr_par' dir='ltr' id='par_1_53' title="bbox 961 1246 1747 1284">
     <span class='ocr_line' id='line_1_54' title="bbox 961 1246 1747 1284; baseline 0.01 -12"><span class='ocrx_word' id='word_1_404' title='bbox 961 1246 1005 1273; x_wconf 93' lang='lat' dir='ltr'><strong>uni</strong></span> <span class='ocrx_word' id='word_1_405' title='bbox 1026 1246 1120 1273; x_wconf 88' lang='lat' dir='ltr'><strong>Deitati</strong></span> <span class='ocrx_word' id='word_1_406' title='bbox 1150 1248 1288 1282; x_wconf 80' lang='lat' dir='ltr'><strong>addentes,</strong></span> <span class='ocrx_word' id='word_1_407' title='bbox 1308 1256 1358 1276; x_wconf 89' lang='lat' dir='ltr'><strong>nec</strong></span> <span class='ocrx_word' id='word_1_408' title='bbox 1376 1250 1559 1284; x_wconf 80' lang='lat' dir='ltr'><strong>detrahentes,</strong></span> <span class='ocrx_word' id='word_1_409' title='bbox 1586 1259 1634 1279; x_wconf 87' lang='lat' dir='ltr'><strong>nec</strong></span> <span class='ocrx_word' id='word_1_410' title='bbox 1656 1253 1747 1280; x_wconf 89' lang='lat' dir='ltr'><strong>immi-</strong></span> 
     </span>
    </p>
   </div>
   <div class='ocr_carea' id='block_1_54' title="bbox 961 1291 1747 1329">
    <p class='ocr_par' dir='ltr' id='par_1_54' title="bbox 961 1291 1747 1329">
     <span class='ocr_line' id='line_1_55' title="bbox 961 1291 1747 1329; baseline 0.01 -12"><span class='ocrx_word' id='word_1_411' title='bbox 961 1297 1074 1319; x_wconf 86' lang='lat' dir='ltr'><strong>nuentes</strong></span> <span class='ocrx_word' id='word_1_412' title='bbox 1103 1291 1175 1327; x_wconf 91' lang='lat' dir='ltr'><strong>(nam</strong></span> <span class='ocrx_word' id='word_1_413' title='bbox 1200 1294 1221 1320; x_wconf 90' lang='lat' dir='ltr'><strong>si</strong></span> <span class='ocrx_word' id='word_1_414' title='bbox 1252 1295 1316 1327; x_wconf 87' lang='lat' dir='ltr'><strong>quid</strong></span> <span class='ocrx_word' id='word_1_415' title='bbox 1349 1294 1519 1322; x_wconf 89' lang='lat' dir='ltr'><strong>imminutum</strong></span> <span class='ocrx_word' id='word_1_416' title='bbox 1545 1295 1637 1329; x_wconf 86' lang='lat' dir='ltr'><strong>fuerit,</strong></span> <span class='ocrx_word' id='word_1_417' title='bbox 1664 1302 1747 1325; x_wconf 82' lang='lat' dir='ltr'><strong>totum</strong></span> 
     </span>
    </p>
   </div>
   <div class='ocr_carea' id='block_1_55' title="bbox 961 1338 1748 1377">
    <p class='ocr_par' dir='ltr' id='par_1_55' title="bbox 961 1338 1748 1377">
     <span class='ocr_line' id='line_1_56' title="bbox 961 1338 1748 1377; baseline 0.011 -15"><span class='ocrx_word' id='word_1_418' title='bbox 961 1345 1066 1372; x_wconf 89' lang='lat' dir='ltr'><strong>quoque</strong></span> <span class='ocrx_word' id='word_1_419' title='bbox 1082 1338 1160 1365; x_wconf 89' lang='lat' dir='ltr'><strong>simul</strong></span> <span class='ocrx_word' id='word_1_420' title='bbox 1190 1339 1394 1375; x_wconf 79' lang='lat' dir='ltr'><strong>imminuetur);</strong></span> <span class='ocrx_word' id='word_1_421' title='bbox 1423 1348 1470 1368; x_wconf 89' lang='lat' dir='ltr'><strong>eos</strong></span> <span class='ocrx_word' id='word_1_422' title='bbox 1487 1346 1585 1374; x_wconf 83' lang='lat' dir='ltr'><strong>autent,</strong></span> <span class='ocrx_word' id='word_1_423' title='bbox 1606 1343 1650 1377; x_wconf 89' lang='lat' dir='ltr'><strong>qui</strong></span> <span class='ocrx_word' id='word_1_424' title='bbox 1676 1343 1748 1371; x_wconf 81' lang='lat' dir='ltr'><strong>aliud</strong></span> 
     </span>
    </p>
   </div>
   <div class='ocr_carea' id='block_1_56' title="bbox 960 1383 1747 1422">
    <p class='ocr_par' dir='ltr' id='par_1_56' title="bbox 960 1383 1747 1422">
     <span class='ocr_line' id='line_1_57' title="bbox 960 1383 1747 1422; baseline 0.01 -14"><span class='ocrx_word' id='word_1_425' title='bbox 960 1383 1086 1418; x_wconf 82' lang='lat' dir='ltr'><strong>quiddam</strong></span> <span class='ocrx_word' id='word_1_426' title='bbox 1103 1385 1231 1417; x_wconf 82' lang='lat' dir='ltr'><strong>sentiunt,</strong></span> <span class='ocrx_word' id='word_1_427' title='bbox 1249 1389 1294 1411; x_wconf 86' lang='lat' dir='ltr'><strong>aut</strong></span> <span class='ocrx_word' id='word_1_428' title='bbox 1311 1386 1481 1420; x_wconf 89' lang='lat' dir='ltr'><strong>proﬁtentur,</strong></span> <span class='ocrx_word' id='word_1_429' title='bbox 1498 1392 1543 1414; x_wconf 84' lang='lat' dir='ltr'><strong>aut</strong></span> <span class='ocrx_word' id='word_1_430' title='bbox 1565 1395 1611 1422; x_wconf 90' lang='lat' dir='ltr'><strong>per</strong></span> <span class='ocrx_word' id='word_1_431' title='bbox 1625 1389 1747 1416; x_wconf 83' lang='lat' dir='ltr'><strong>diversos</strong></span> 
     </span>
    </p>
   </div>
   <div class='ocr_carea' id='block_1_57' title="bbox 961 1431 1746 1466">
    <p class='ocr_par' dir='ltr' id='par_1_57' title="bbox 961 1431 1746 1466">
     <span class='ocr_line' id='line_1_58' title="bbox 961 1431 1746 1466; baseline 0.011 -12"><span class='ocrx_word' id='word_1_432' title='bbox 961 1433 1116 1456; x_wconf 84' lang='lat' dir='ltr'><strong>naturarum</strong></span> <span class='ocrx_word' id='word_1_433' title='bbox 1144 1431 1241 1465; x_wconf 77' lang='lat' dir='ltr'><strong>gradus</strong></span> <span class='ocrx_word' id='word_1_434' title='bbox 1261 1431 1435 1466; x_wconf 84' lang='lat' dir='ltr'><strong>diversasque</strong></span> <span class='ocrx_word' id='word_1_435' title='bbox 1451 1440 1591 1461; x_wconf 73' lang='lat' dir='ltr'><strong>mensuras</strong></span> <span class='ocrx_word' id='word_1_436' title='bbox 1616 1434 1746 1463; x_wconf 82' lang='lat' dir='ltr'><strong>unitatem</strong></span> 
     </span>
    </p>
   </div>
   <div class='ocr_carea' id='block_1_58' title="bbox 962 1478 1751 1513">
    <p class='ocr_par' dir='ltr' id='par_1_58' title="bbox 962 1478 1751 1513">
     <span class='ocr_line' id='line_1_59' title="bbox 962 1478 1751 1513; baseline 0.01 -12"><span class='ocrx_word' id='word_1_437' title='bbox 962 1479 1086 1503; x_wconf 79' lang='lat' dir='ltr'><strong>evertunt</strong></span> <span class='ocrx_word' id='word_1_438' title='bbox 1102 1481 1147 1503; x_wconf 82' lang='lat' dir='ltr'><strong>aut</strong></span> <span class='ocrx_word' id='word_1_439' title='bbox 1170 1478 1309 1509; x_wconf 82' lang='lat' dir='ltr'><strong>dirimunt,</strong></span> <span class='ocrx_word' id='word_1_440' title='bbox 1339 1483 1466 1513; x_wconf 87' lang='lat' dir='ltr'><strong>tanquam</strong></span> <span class='ocrx_word' id='word_1_441' title='bbox 1483 1480 1608 1507; x_wconf 71' lang='lat' dir='ltr'><strong>Ecclesiae</strong></span> <span class='ocrx_word' id='word_1_442' title='bbox 1623 1481 1709 1508; x_wconf 84' lang='lat' dir='ltr'><strong>labem</strong></span> <span class='ocrx_word' id='word_1_443' title='bbox 1723 1486 1751 1509; x_wconf 83' lang='lat' dir='ltr'><strong>et</strong></span> 
     </span>
    </p>
   </div>
   <div class='ocr_carea' id='block_1_59' title="bbox 963 1521 1751 1559">
    <p class='ocr_par' dir='ltr' id='par_1_59' title="bbox 963 1521 1751 1559">
     <span class='ocr_line' id='line_1_60' title="bbox 963 1521 1751 1559; baseline 0.011 -13"><span class='ocrx_word' id='word_1_444' title='bbox 963 1521 1121 1554; x_wconf 85' lang='lat' dir='ltr'><strong>perniciem,</strong></span> <span class='ocrx_word' id='word_1_445' title='bbox 1136 1530 1167 1549; x_wconf 92' lang='lat' dir='ltr'><strong>ac</strong></span> <span class='ocrx_word' id='word_1_446' title='bbox 1183 1523 1301 1551; x_wconf 80' lang='lat' dir='ltr'><strong>Veritatis</strong></span> <span class='ocrx_word' id='word_1_447' title='bbox 1317 1525 1389 1551; x_wconf 86' lang='lat' dir='ltr'><strong>virus</strong></span> <span class='ocrx_word' id='word_1_448' title='bbox 1406 1524 1546 1559; x_wconf 79' lang='lat' dir='ltr'><strong>ablegetis,</strong></span> <span class='ocrx_word' id='word_1_449' title='bbox 1573 1534 1626 1554; x_wconf 93' lang='lat' dir='ltr'><strong>non</strong></span> <span class='ocrx_word' id='word_1_450' title='bbox 1641 1534 1688 1554; x_wconf 89' lang='lat' dir='ltr'><strong>eos</strong></span> <span class='ocrx_word' id='word_1_451' title='bbox 1709 1528 1751 1554; x_wconf 93' lang='lat' dir='ltr'><strong>in-</strong></span> 
     </span>
    </p>
   </div>
   <div class='ocr_carea' id='block_1_60' title="bbox 123 1564 1751 1610">
    <p class='ocr_par' dir='ltr' id='par_1_60' title="bbox 123 1564 1751 1610">
     <span class='ocr_line' id='line_1_61' title="bbox 123 1564 1751 1610; baseline 0.006 -16"><span class='ocrx_word' id='word_1_452' title='bbox 123 1570 198 1595; x_wconf 76' lang='lat' dir='ltr'><strong>visos</strong></span> <span class='ocrx_word' id='word_1_453' title='bbox 214 1568 410 1598; x_wconf 80' lang='lat' dir='ltr'><strong>lxabentes,sed</strong></span> <span class='ocrx_word' id='word_1_454' title='bbox 424 1575 517 1594; x_wconf 78' lang='lat' dir='ltr'><strong>eorum</strong></span> <span class='ocrx_word' id='word_1_455' title='bbox 533 1569 621 1600; x_wconf 82' lang='lat' dir='ltr'><strong>potius</strong></span> <span class='ocrx_word' id='word_1_456' title='bbox 633 1572 724 1592; x_wconf 85' lang='lat' dir='ltr'><strong>casum</strong></span> <span class='ocrx_word' id='word_1_457' title='bbox 743 1566 910 1592; x_wconf 79' lang='lat' dir='ltr'><strong>miserantes.</strong></span> <span class='ocrx_word' id='word_1_458' title='bbox 932 1564 1042 1597; x_wconf 78' lang='lat' dir='ltr'><strong>Deinde,</strong></span> <span class='ocrx_word' id='word_1_459' title='bbox 1061 1566 1082 1592; x_wconf 91' lang='lat' dir='ltr'><strong>si</strong></span> <span class='ocrx_word' id='word_1_460' title='bbox 1103 1567 1181 1593; x_wconf 81' lang='lat' dir='ltr'><strong>vitam</strong></span> <span class='ocrx_word' id='word_1_461' title='bbox 1198 1574 1269 1595; x_wconf 84' lang='lat' dir='ltr'><strong>reete</strong></span> <span class='ocrx_word' id='word_1_462' title='bbox 1302 1570 1430 1600; x_wconf 72' lang='lat' dir='ltr'><strong>doctrinae</strong></span> <span class='ocrx_word' id='word_1_463' title='bbox 1444 1579 1651 1602; x_wconf 83' lang='lat' dir='ltr'><strong>consentaneam</strong></span> <span class='ocrx_word' id='word_1_464' title='bbox 1683 1583 1751 1610; x_wconf 67' lang='lat' dir='ltr'><strong>prte-</strong></span> 
     </span>
    </p>
   </div>
   <div class='ocr_carea' id='block_1_61' title="bbox 121 1611 1394 1648">
    <p class='ocr_par' dir='ltr' id='par_1_61' title="bbox 121 1611 1394 1648">
     <span class='ocr_line' id='line_1_62' title="bbox 121 1611 1394 1648; baseline 0.002 -6"><span class='ocrx_word' id='word_1_465' title='bbox 121 1616 211 1647; x_wconf 81' lang='lat' dir='ltr'><strong>stetis,</strong></span> <span class='ocrx_word' id='word_1_466' title='bbox 230 1620 258 1641; x_wconf 89' lang='lat' dir='ltr'><strong>ut</strong></span> <span class='ocrx_word' id='word_1_467' title='bbox 283 1622 358 1648; x_wconf 70' lang='lat' dir='ltr'><strong>aequa</strong></span> <span class='ocrx_word' id='word_1_468' title='bbox 387 1614 526 1647; x_wconf 85' lang='lat' dir='ltr'><strong>utriusque</strong></span> <span class='ocrx_word' id='word_1_469' title='bbox 545 1613 652 1640; x_wconf 87' lang='lat' dir='ltr'><strong>virtutis</strong></span> <span class='ocrx_word' id='word_1_470' title='bbox 675 1613 754 1639; x_wconf 88' lang='lat' dir='ltr'><strong>laude</strong></span> <span class='ocrx_word' id='word_1_471' title='bbox 771 1611 902 1643; x_wconf 87' lang='lat' dir='ltr'><strong>ﬁoreatis,</strong></span> <span class='ocrx_word' id='word_1_472' title='bbox 923 1619 954 1639; x_wconf 81' lang='lat' dir='ltr'><strong>ac</strong></span> <span class='ocrx_word' id='word_1_473' title='bbox 981 1619 1034 1639; x_wconf 92' lang='lat' dir='ltr'><strong>non</strong></span> <span class='ocrx_word' id='word_1_474' title='bbox 1056 1612 1138 1640; x_wconf 82' lang='lat' dir='ltr'><strong>altera</strong></span> <span class='ocrx_word' id='word_1_475' title='bbox 1157 1621 1231 1648; x_wconf 88' lang='lat' dir='ltr'><strong>parte</strong></span> <span class='ocrx_word' id='word_1_476' title='bbox 1252 1615 1394 1645; x_wconf 82' lang='lat' dir='ltr'><strong>deﬁciatis.</strong></span> 
     </span>
    </p>
   </div>
   <div class='ocr_carea' id='block_1_62' title="bbox 159 1659 910 1697">
    <p class='ocr_par' dir='ltr' id='par_1_62' title="bbox 159 1659 910 1697">
     <span class='ocr_line' id='line_1_63' title="bbox 159 1659 910 1697; baseline -0.005 -7"><span class='ocrx_word' id='word_1_477' title='bbox 159 1664 210 1690; x_wconf 82' lang='lat' dir='ltr'><strong>IA&#39;.</strong></span> <span class='ocrx_word' id='word_1_478' title='bbox 229 1664 260 1689; x_wconf 89' lang='grc' dir='ltr'><strong>Οἱ</strong></span> <span class='ocrx_word' id='word_1_479' title='bbox 278 1663 406 1697; x_wconf 78' lang='grc' dir='ltr'>βασιλεῖς,</span> <span class='ocrx_word' id='word_1_480' title='bbox 422 1661 539 1688; x_wconf 74' lang='grc' dir='ltr'>αἰδεῖσθε</span> <span class='ocrx_word' id='word_1_481' title='bbox 551 1661 600 1696; x_wconf 84' lang='grc' dir='ltr'>τὴν</span> <span class='ocrx_word' id='word_1_482' title='bbox 612 1660 759 1696; x_wconf 81' lang='grc' dir='ltr'>ἁλουργίδα</span> <span class='ocrx_word' id='word_1_483' title='bbox 771 1668 777 1674; x_wconf 92' lang='grc'>·</span> <span class='ocrx_word' id='word_1_484' title='bbox 796 1659 910 1695; x_wconf 87' lang='grc' dir='ltr'>νομοθε-</span> 
     </span>
    </p>
   </div>
   <div class='ocr_carea' id='block_1_63' title="bbox 123 1707 912 1747">
    <p class='ocr_par' dir='ltr' id='par_1_63' title="bbox 123 1707 912 1747">
     <span class='ocr_line' id='line_1_64' title="bbox 123 1707 912 1747; baseline -0.008 -9"><span class='ocrx_word' id='word_1_485' title='bbox 123 1713 201 1747; x_wconf 73' lang='grc' dir='ltr'>τήσει</span> <span class='ocrx_word' id='word_1_486' title='bbox 221 1711 275 1746; x_wconf 73' lang='grc' dir='ltr'>γὰρ</span> <span class='ocrx_word' id='word_1_487' title='bbox 293 1711 340 1736; x_wconf 67' lang='grc' dir='ltr'>καὶ</span> <span class='ocrx_word' id='word_1_488' title='bbox 361 1709 520 1744; x_wconf 78' lang='grc' dir='ltr'>νομοθέταις</span> <span class='ocrx_word' id='word_1_489' title='bbox 543 1709 557 1735; x_wconf 83' lang='grc' dir='ltr'>ὁ</span> <span class='ocrx_word' id='word_1_490' title='bbox 578 1708 666 1742; x_wconf 75' lang='grc' dir='ltr'>λόγος.</span> <span class='ocrx_word' id='word_1_491' title='bbox 685 1707 835 1733; x_wconf 85' lang='grc' dir='ltr'>Γινώσκετε</span> <span class='ocrx_word' id='word_1_492' title='bbox 851 1707 912 1733; x_wconf 81' lang='grc' dir='ltr'>ὅσον</span> 
     </span>
    </p>
   </div>
   <div class='ocr_carea' id='block_1_64' title="bbox 122 1754 914 1791">
    <p class='ocr_par' dir='ltr' id='par_1_64' title="bbox 122 1754 914 1791">
     <span class='ocr_line' id='line_1_65' title="bbox 122 1754 914 1791; baseline -0.006 -8"><span class='ocrx_word' id='word_1_493' title='bbox 122 1758 154 1784; x_wconf 71' lang='grc' dir='ltr'><strong>τὸ</strong></span> <span class='ocrx_word' id='word_1_494' title='bbox 174 1757 317 1783; x_wconf 70' lang='grc' dir='ltr'>πιστευθὲν</span> <span class='ocrx_word' id='word_1_495' title='bbox 332 1756 406 1791; x_wconf 82' lang='grc' dir='ltr'>ὑμῖν,</span> <span class='ocrx_word' id='word_1_496' title='bbox 421 1755 467 1782; x_wconf 73' lang='grc' dir='ltr'><strong>καὶ</strong></span> <span class='ocrx_word' id='word_1_497' title='bbox 480 1755 506 1781; x_wconf 85' lang='grc' dir='ltr'><strong>τί</strong></span> <span class='ocrx_word' id='word_1_498' title='bbox 521 1755 550 1781; x_wconf 73' lang='grc' dir='ltr'><strong>τὸ</strong></span> <span class='ocrx_word' id='word_1_499' title='bbox 566 1754 637 1790; x_wconf 77' lang='grc' dir='ltr'>μέγα</span> <span class='ocrx_word' id='word_1_500' title='bbox 649 1754 713 1789; x_wconf 77' lang='grc' dir='ltr'>περὶ</span> <span class='ocrx_word' id='word_1_501' title='bbox 727 1754 798 1788; x_wconf 77' lang='grc' dir='ltr'>ὑμᾶς</span> <span class='ocrx_word' id='word_1_502' title='bbox 812 1754 914 1788; x_wconf 81' lang='grc' dir='ltr'>μυστή-</span> 
     </span>
    </p>
   </div>
   <div class='ocr_carea' id='block_1_65' title="bbox 125 1797 914 1838">
    <p class='ocr_par' dir='ltr' id='par_1_65' title="bbox 125 1797 914 1838">
     <span class='ocr_line' id='line_1_66' title="bbox 125 1797 914 1838; baseline -0.005 -10"><span class='ocrx_word' id='word_1_503' title='bbox 125 1811 194 1838; x_wconf 85' lang='grc' dir='ltr'>ριον,</span> <span class='ocrx_word' id='word_1_504' title='bbox 211 1801 321 1836; x_wconf 73' lang='grc' dir='ltr'>Κόσμος</span> <span class='ocrx_word' id='word_1_505' title='bbox 334 1801 393 1832; x_wconf 85' lang='grc' dir='ltr'>ὅλος</span> <span class='ocrx_word' id='word_1_506' title='bbox 414 1800 466 1827; x_wconf 77' lang='grc' dir='ltr'><strong>ὑπὸ</strong></span> <span class='ocrx_word' id='word_1_507' title='bbox 490 1800 567 1835; x_wconf 87' lang='grc' dir='ltr'>χεῖρα</span> <span class='ocrx_word' id='word_1_508' title='bbox 585 1799 634 1834; x_wconf 81' lang='grc' dir='ltr'>τὴν</span> <span class='ocrx_word' id='word_1_509' title='bbox 654 1799 801 1834; x_wconf 73' lang='grc' dir='ltr'>ὑμετέραν,</span> <span class='ocrx_word' id='word_1_510' title='bbox 824 1797 914 1832; x_wconf 86' lang='grc' dir='ltr'>διαδή-</span> 
     </span>
    </p>
   </div>
   <div class='ocr_carea' id='block_1_66' title="bbox 126 1843 914 1882">
    <p class='ocr_par' dir='ltr' id='par_1_66' title="bbox 126 1843 914 1882">
     <span class='ocr_line' id='line_1_67' title="bbox 126 1843 914 1882; baseline -0.005 -9"><span class='ocrx_word' id='word_1_511' title='bbox 126 1856 193 1882; x_wconf 80' lang='grc' dir='ltr'>ματι</span> <span class='ocrx_word' id='word_1_512' title='bbox 211 1846 301 1882; x_wconf 79' lang='grc' dir='ltr'>μικρῴ</span> <span class='ocrx_word' id='word_1_513' title='bbox 317 1846 364 1872; x_wconf 77' lang='grc' dir='ltr'>καὶ</span> <span class='ocrx_word' id='word_1_514' title='bbox 380 1845 475 1881; x_wconf 83' lang='grc' dir='ltr'>βραχεῖ</span> <span class='ocrx_word' id='word_1_515' title='bbox 492 1845 580 1880; x_wconf 75' lang='grc' dir='ltr'>ῥακίῳ</span> <span class='ocrx_word' id='word_1_516' title='bbox 595 1844 790 1880; x_wconf 69' lang='grc' dir='ltr'>κρατούμενος.</span> <span class='ocrx_word' id='word_1_517' title='bbox 809 1843 848 1870; x_wconf 83' lang='grc' dir='ltr'><strong>Τὰ</strong></span> <span class='ocrx_word' id='word_1_518' title='bbox 865 1844 914 1878; x_wconf 80' lang='grc' dir='ltr'>μὲν</span> 
     </span>
    </p>
   </div>
   <div class='ocr_carea' id='block_1_67' title="bbox 125 1889 914 1928">
    <p class='ocr_par' dir='ltr' id='par_1_67' title="bbox 125 1889 914 1928">
     <span class='ocr_line' id='line_1_68' title="bbox 125 1889 914 1928; baseline -0.006 -8"><span class='ocrx_word' id='word_1_519' title='bbox 125 1895 194 1926; x_wconf 78' lang='grc' dir='ltr'>ἄνω,</span> <span class='ocrx_word' id='word_1_520' title='bbox 216 1893 297 1928; x_wconf 75' lang='grc' dir='ltr'>μόνου</span> <span class='ocrx_word' id='word_1_521' title='bbox 317 1891 401 1918; x_wconf 81' lang='grc' dir='ltr'>Θεοῦ·</span> <span class='ocrx_word' id='word_1_522' title='bbox 419 1891 453 1917; x_wconf 81' lang='grc' dir='ltr'>τὰ</span> <span class='ocrx_word' id='word_1_523' title='bbox 472 1891 546 1918; x_wconf 79' lang='grc' dir='ltr'>κάτω</span> <span class='ocrx_word' id='word_1_524' title='bbox 562 1891 599 1919; x_wconf 79' lang='grc' dir='ltr'>δὲ,</span> <span class='ocrx_word' id='word_1_525' title='bbox 622 1890 668 1916; x_wconf 76' lang='grc' dir='ltr'>καὶ</span> <span class='ocrx_word' id='word_1_526' title='bbox 686 1889 772 1925; x_wconf 81' lang='grc' dir='ltr'>ὑμῶν.</span> <span class='ocrx_word' id='word_1_527' title='bbox 794 1889 855 1915; x_wconf 67' lang='grc' dir='ltr'><strong>Θεο)¹</strong></span> <span class='ocrx_word' id='word_1_528' title='bbox 869 1889 914 1922; x_wconf 82' lang='grc' dir='ltr'><strong>γέ-</strong></span> 
     </span>
    </p>
   </div>
   <div class='ocr_carea' id='block_1_68' title="bbox 126 1934 914 1973">
    <p class='ocr_par' dir='ltr' id='par_1_68' title="bbox 126 1934 914 1973">
     <span class='ocr_line' id='line_1_69' title="bbox 126 1934 914 1973; baseline -0.009 -7"><span class='ocrx_word' id='word_1_529' title='bbox 126 1941 205 1966; x_wconf 75' lang='grc' dir='ltr'>νεσοε</span> <span class='ocrx_word' id='word_1_530' title='bbox 222 1939 276 1973; x_wconf 73' lang='grc'><strong>(10)</strong></span> <span class='ocrx_word' id='word_1_531' title='bbox 291 1939 347 1969; x_wconf 87' lang='grc' dir='ltr'>τοῖς</span> <span class='ocrx_word' id='word_1_532' title='bbox 364 1937 407 1971; x_wconf 81' lang='grc' dir='ltr'><strong>ὑφ’</strong></span> <span class='ocrx_word' id='word_1_533' title='bbox 425 1937 507 1972; x_wconf 79' lang='grc' dir='ltr'>ὑμᾶς,</span> <span class='ocrx_word' id='word_1_534' title='bbox 522 1936 556 1962; x_wconf 86' lang='grc' dir='ltr'>ἵν’</span> <span class='ocrx_word' id='word_1_535' title='bbox 569 1935 638 1962; x_wconf 83' lang='grc' dir='ltr'>εἴπω</span> <span class='ocrx_word' id='word_1_536' title='bbox 649 1943 675 1961; x_wconf 85' lang='grc' dir='ltr'><strong>τι</strong></span> <span class='ocrx_word' id='word_1_537' title='bbox 688 1935 735 1961; x_wconf 77' lang='grc' dir='ltr'>καὶ</span> <span class='ocrx_word' id='word_1_538' title='bbox 749 1934 914 1969; x_wconf 77' lang='grc' dir='ltr'>τολμηρότε-</span> 
     </span>
    </p>
   </div>
   <div class='ocr_carea' id='block_1_69' title="bbox 127 1980 912 2023">
    <p class='ocr_par' dir='ltr' id='par_1_69' title="bbox 127 1980 912 2023">
     <span class='ocr_line' id='line_1_70' title="bbox 127 1980 912 2023; baseline -0.006 -11"><span class='ocrx_word' id='word_1_539' title='bbox 127 1995 185 2023; x_wconf 79' lang='grc' dir='ltr'>ρον.</span> <span class='ocrx_word' id='word_1_540' title='bbox 200 1985 312 2018; x_wconf 75' lang='grc' dir='ltr'>Καρδία</span> <span class='ocrx_word' id='word_1_541' title='bbox 327 1983 480 2016; x_wconf 76' lang='grc' dir='ltr'>,ϐασιλέως</span> <span class='ocrx_word' id='word_1_542' title='bbox 492 1982 527 2008; x_wconf 77' lang='grc' dir='ltr'><strong>ἐν</strong></span> <span class='ocrx_word' id='word_1_543' title='bbox 540 1981 615 2016; x_wconf 80' lang='grc' dir='ltr'>χειρὶ</span> <span class='ocrx_word' id='word_1_544' title='bbox 631 1980 716 2012; x_wconf 83' lang='grc' dir='ltr'>Θεοῦ,</span> <span class='ocrx_word' id='word_1_545' title='bbox 733 1980 780 2007; x_wconf 66' lang='grc' dir='ltr'><strong>κα)⁵</strong></span> <span class='ocrx_word' id='word_1_546' title='bbox 795 1980 912 2016; x_wconf 73' lang='grc' dir='ltr'>εἴρηται.</span> 
     </span>
    </p>
   </div>
   <div class='ocr_carea' id='block_1_70' title="bbox 126 2025 915 2061">
    <p class='ocr_par' dir='ltr' id='par_1_70' title="bbox 126 2025 915 2061">
     <span class='ocr_line' id='line_1_71' title="bbox 126 2025 915 2061; baseline -0.009 -3"><span class='ocrx_word' id='word_1_547' title='bbox 126 2033 174 2059; x_wconf 76' lang='grc' dir='ltr'>καὶ</span> <span class='ocrx_word' id='word_1_548' title='bbox 187 2030 355 2057; x_wconf 76' lang='grc' dir='ltr'>πιστεύεται.</span> <span class='ocrx_word' id='word_1_549' title='bbox 378 2027 510 2055; x_wconf 65' lang='grc' dir='ltr'>Ἐνταῦθα</span> <span class='ocrx_word' id='word_1_550' title='bbox 523 2027 593 2053; x_wconf 75' lang='grc' dir='ltr'>ἔστω</span> <span class='ocrx_word' id='word_1_551' title='bbox 606 2027 635 2053; x_wconf 72' lang='grc' dir='ltr'>τὸ</span> <span class='ocrx_word' id='word_1_552' title='bbox 649 2026 747 2061; x_wconf 84' lang='grc' dir='ltr'>κράτος</span> <span class='ocrx_word' id='word_1_553' title='bbox 760 2026 832 2060; x_wconf 81' lang='grc' dir='ltr'>ὑμῖν,</span> <span class='ocrx_word' id='word_1_554' title='bbox 848 2025 915 2052; x_wconf 83' lang='grc' dir='ltr'>ἀλλὰ</span> 
     </span>
    </p>
   </div>
   <div class='ocr_carea' id='block_1_71' title="bbox 129 2069 915 2115">
    <p class='ocr_par' dir='ltr' id='par_1_71' title="bbox 129 2069 915 2115">
     <span class='ocr_line' id='line_1_72' title="bbox 129 2069 915 2115; baseline -0.009 -11"><span class='ocrx_word' id='word_1_555' title='bbox 129 2078 167 2115; x_wconf 84' lang='grc' dir='ltr'>μὴ</span> <span class='ocrx_word' id='word_1_556' title='bbox 190 2077 230 2112; x_wconf 82' lang='grc' dir='ltr'>τῷ</span> <span class='ocrx_word' id='word_1_557' title='bbox 251 2075 345 2112; x_wconf 81' lang='grc' dir='ltr'>χρυσῷ</span> <span class='ocrx_word' id='word_1_558' title='bbox 364 2075 411 2102; x_wconf 70' lang='grc' dir='ltr'>καὶ</span> <span class='ocrx_word' id='word_1_559' title='bbox 430 2075 488 2105; x_wconf 85' lang='grc' dir='ltr'>ταῖς</span> <span class='ocrx_word' id='word_1_560' title='bbox 509 2073 649 2108; x_wconf 75' lang='grc' dir='ltr'>φάλαγξιν.</span> <span class='ocrx_word' id='word_1_561' title='bbox 669 2069 701 2098; x_wconf 87' lang='grc' dir='ltr'><strong>Οἱ</strong></span> <span class='ocrx_word' id='word_1_562' title='bbox 715 2072 778 2107; x_wconf 73' lang='grc' dir='ltr'>περὶ</span> <span class='ocrx_word' id='word_1_563' title='bbox 792 2072 826 2098; x_wconf 79' lang='grc' dir='ltr'>τὰ</span> <span class='ocrx_word' id='word_1_564' title='bbox 840 2071 915 2107; x_wconf 83' lang='grc' dir='ltr'>βασί-</span> 
     </span>
    </p>
   </div>
   <div class='ocr_carea' id='block_1_72' title="bbox 126 2117 912 2157">
    <p class='ocr_par' dir='ltr' id='par_1_72' title="bbox 126 2117 912 2157">
     <span class='ocr_line' id='line_1_73' title="bbox 126 2117 912 2157; baseline -0.013 -5"><span class='ocrx_word' id='word_1_565' title='bbox 126 2127 186 2153; x_wconf 84' lang='grc' dir='ltr'>λεια</span> <span class='ocrx_word' id='word_1_566' title='bbox 203 2125 250 2150; x_wconf 82' lang='grc' dir='ltr'>καὶ</span> <span class='ocrx_word' id='word_1_567' title='bbox 271 2124 333 2154; x_wconf 80' lang='grc' dir='ltr'>τοὺς</span> <span class='ocrx_word' id='word_1_568' title='bbox 360 2121 480 2157; x_wconf 80' lang='grc' dir='ltr'>θρόνους,</span> <span class='ocrx_word' id='word_1_569' title='bbox 512 2120 548 2155; x_wconf 85' lang='grc' dir='ltr'>μὴ</span> <span class='ocrx_word' id='word_1_570' title='bbox 577 2119 677 2154; x_wconf 78' lang='grc' dir='ltr'>σφόδρα</span> <span class='ocrx_word' id='word_1_571' title='bbox 702 2119 761 2150; x_wconf 89' lang='grc' dir='ltr'>ταῖς</span> <span class='ocrx_word' id='word_1_572' title='bbox 779 2117 912 2149; x_wconf 77' lang='grc' dir='ltr'>ἐξουσίαις</span> 
     </span>
    </p>
   </div>
   <div class='ocr_carea' id='block_1_73' title="bbox 129 2162 913 2205">
    <p class='ocr_par' dir='ltr' id='par_1_73' title="bbox 129 2162 913 2205">
     <span class='ocr_line' id='line_1_74' title="bbox 129 2162 913 2205; baseline -0.009 -9"><span class='ocrx_word' id='word_1_573' title='bbox 129 2169 295 2205; x_wconf 69' lang='grc' dir='ltr'>ἐπαίρεσθε,</span> <span class='ocrx_word' id='word_1_574' title='bbox 314 2168 380 2203; x_wconf 80' lang='grc' dir='ltr'>μηδὲ</span> <span class='ocrx_word' id='word_1_575' title='bbox 400 2166 521 2193; x_wconf 77' lang='grc' dir='ltr'>ἀθάνατα</span> <span class='ocrx_word' id='word_1_576' title='bbox 537 2165 683 2192; x_wconf 80' lang='grc' dir='ltr'>διανοεῖσθε</span> <span class='ocrx_word' id='word_1_577' title='bbox 705 2163 769 2198; x_wconf 67' lang='grc' dir='ltr'><strong>περ)¹</strong></span> <span class='ocrx_word' id='word_1_578' title='bbox 791 2163 845 2190; x_wconf 82' lang='grc' dir='ltr'>τῶν</span> <span class='ocrx_word' id='word_1_579' title='bbox 863 2162 913 2189; x_wconf 79' lang='grc' dir='ltr'>οὑκ</span> 
     </span>
    </p>
   </div>
   <div class='ocr_carea' id='block_1_74' title="bbox 129 2208 918 2248">
    <p class='ocr_par' dir='ltr' id='par_1_74' title="bbox 129 2208 918 2248">
     <span class='ocr_line' id='line_1_75' title="bbox 129 2208 918 2248; baseline -0.01 -6"><span class='ocrx_word' id='word_1_580' title='bbox 129 2215 281 2242; x_wconf 81' lang='grc' dir='ltr'>ἀθανάτων.</span> <span class='ocrx_word' id='word_1_581' title='bbox 297 2213 392 2240; x_wconf 63' lang='lat' dir='ltr'><strong>[Ito-co!</strong></span> <span class='ocrx_word' id='word_1_582' title='bbox 406 2212 501 2248; x_wconf 83' lang='grc' dir='ltr'>μένετε</span> <span class='ocrx_word' id='word_1_583' title='bbox 513 2212 568 2243; x_wconf 84' lang='grc' dir='ltr'>τοῖς</span> <span class='ocrx_word' id='word_1_584' title='bbox 582 2209 729 2246; x_wconf 84' lang='grc' dir='ltr'>βασιλεῦσι,</span> <span class='ocrx_word' id='word_1_585' title='bbox 743 2208 803 2244; x_wconf 86' lang='grc' dir='ltr'><strong>Θεῷ</strong></span> <span class='ocrx_word' id='word_1_586' title='bbox 813 2209 840 2235; x_wconf 78' lang='grc' dir='ltr'>δὲ</span> <span class='ocrx_word' id='word_1_587' title='bbox 855 2208 918 2243; x_wconf 78' lang='grc' dir='ltr'>πρό-</span> 
     </span>
    </p>
   </div>
   <div class='ocr_carea' id='block_1_75' title="bbox 129 2252 917 2297">
    <p class='ocr_par' dir='ltr' id='par_1_75' title="bbox 129 2252 917 2297">
     <span class='ocr_line' id='line_1_76' title="bbox 129 2252 917 2297; baseline -0.009 -9"><span class='ocrx_word' id='word_1_588' title='bbox 129 2269 219 2297; x_wconf 53' lang='grc' dir='ltr'>τεῳν,</span> <span class='ocrx_word' id='word_1_589' title='bbox 240 2261 273 2287; x_wconf 80' lang='grc' dir='ltr'>δι’</span> <span class='ocrx_word' id='word_1_590' title='bbox 291 2259 321 2286; x_wconf 74' lang='grc' dir='ltr'>ὃν</span> <span class='ocrx_word' id='word_1_591' title='bbox 342 2260 389 2286; x_wconf 84' lang='grc' dir='ltr'>καὶ</span> <span class='ocrx_word' id='word_1_592' title='bbox 404 2259 508 2290; x_wconf 82' lang='grc' dir='ltr'>τούτοις</span> <span class='ocrx_word' id='word_1_593' title='bbox 531 2255 571 2290; x_wconf 76' lang='grc' dir='ltr'><strong>οἷς</strong></span> <span class='ocrx_word' id='word_1_594' title='bbox 592 2256 786 2291; x_wconf 76' lang='grc' dir='ltr'>ἐπιστεύθητε,</span> <span class='ocrx_word' id='word_1_595' title='bbox 811 2256 857 2282; x_wconf 68' lang='grc' dir='ltr'>καὶ</span> <span class='ocrx_word' id='word_1_596' title='bbox 876 2252 917 2286; x_wconf 80' lang='grc' dir='ltr'>οἷς</span> 
     </span>
    </p>
   </div>
   <div class='ocr_carea' id='block_1_76' title="bbox 129 2300 917 2341">
    <p class='ocr_par' dir='ltr' id='par_1_76' title="bbox 129 2300 917 2341">
     <span class='ocr_line' id='line_1_77' title="bbox 129 2300 917 2341; baseline -0.01 -8"><span class='ocrx_word' id='word_1_597' title='bbox 129 2305 326 2341; x_wconf 76' lang='grc' dir='ltr'>παραδέδοσθε.</span> <span class='ocrx_word' id='word_1_598' title='bbox 343 2305 375 2330; x_wconf 79' lang='grc' dir='ltr'><strong>Οἱ</strong></span> <span class='ocrx_word' id='word_1_599' title='bbox 393 2304 423 2330; x_wconf 78' lang='grc' dir='ltr'>τὸ</span> <span class='ocrx_word' id='word_1_600' title='bbox 439 2303 516 2337; x_wconf 84' lang='grc' dir='ltr'>γένος</span> <span class='ocrx_word' id='word_1_601' title='bbox 537 2301 724 2338; x_wconf 83' lang='grc' dir='ltr'>κομπάζοντες</span> <span class='ocrx_word' id='word_1_602' title='bbox 736 2320 743 2332; x_wconf 88' lang='grc'><strong>,</strong></span> <span class='ocrx_word' id='word_1_603' title='bbox 759 2301 804 2327; x_wconf 78' lang='grc' dir='ltr'>τὸν</span> <span class='ocrx_word' id='word_1_604' title='bbox 817 2300 917 2336; x_wconf 85' lang='grc' dir='ltr'>τρόπον</span> 
     </span>
    </p>
   </div>
   <div class='ocr_carea' id='block_1_77' title="bbox 130 2347 917 2387">
    <p class='ocr_par' dir='ltr' id='par_1_77' title="bbox 130 2347 917 2387">
     <span class='ocr_line' id='line_1_78' title="bbox 130 2347 917 2387; baseline -0.009 -8"><span class='ocrx_word' id='word_1_605' title='bbox 130 2353 323 2387; x_wconf 75' lang='grc' dir='ltr'>ἑξευγενίσατε</span> <span class='ocrx_word' id='word_1_606' title='bbox 334 2360 342 2367; x_wconf 92' lang='grc'><strong>·</strong></span> <span class='ocrx_word' id='word_1_607' title='bbox 365 2351 382 2387; x_wconf 82' lang='grc' dir='ltr'><strong>ἢ</strong></span> <span class='ocrx_word' id='word_1_608' title='bbox 395 2350 545 2386; x_wconf 78' lang='grc' dir='ltr'>φθέγξομαὶ</span> <span class='ocrx_word' id='word_1_609' title='bbox 557 2359 583 2376; x_wconf 87' lang='grc' dir='ltr'><strong>τι</strong></span> <span class='ocrx_word' id='word_1_610' title='bbox 598 2349 651 2375; x_wconf 82' lang='grc' dir='ltr'><strong>τῶν</strong></span> <span class='ocrx_word' id='word_1_611' title='bbox 663 2348 752 2384; x_wconf 83' lang='grc' dir='ltr'>ἀηδῶν</span> <span class='ocrx_word' id='word_1_612' title='bbox 766 2347 825 2382; x_wconf 84' lang='grc' dir='ltr'>μὲν,</span> <span class='ocrx_word' id='word_1_613' title='bbox 841 2347 917 2379; x_wconf 82' lang='grc' dir='ltr'>εὐγε-</span> 
     </span>
    </p>
   </div>
   <div class='ocr_carea' id='block_1_78' title="bbox 130 2390 916 2432">
    <p class='ocr_par' dir='ltr' id='par_1_78' title="bbox 130 2390 916 2432">
     <span class='ocr_line' id='line_1_79' title="bbox 130 2390 916 2432; baseline -0.01 -6"><span class='ocrx_word' id='word_1_614' title='bbox 130 2399 184 2427; x_wconf 83' lang='grc' dir='ltr'><strong>νῶν</strong></span> <span class='ocrx_word' id='word_1_615' title='bbox 204 2399 242 2426; x_wconf 78' lang='grc' dir='ltr'><strong>δέ.</strong></span> <span class='ocrx_word' id='word_1_616' title='bbox 263 2398 331 2424; x_wconf 84' lang='grc' dir='ltr'>Τότε</span> <span class='ocrx_word' id='word_1_617' title='bbox 352 2396 406 2432; x_wconf 84' lang='grc' dir='ltr'>γὰρ</span> <span class='ocrx_word' id='word_1_618' title='bbox 422 2396 520 2431; x_wconf 83' lang='grc' dir='ltr'>ἀληθὲς</span> <span class='ocrx_word' id='word_1_619' title='bbox 544 2394 599 2429; x_wconf 80' lang='lat' dir='ltr'><strong>(ll)</strong></span> <span class='ocrx_word' id='word_1_620' title='bbox 616 2394 806 2428; x_wconf 82' lang='grc' dir='ltr'>εὐγενέστατον</span> <span class='ocrx_word' id='word_1_621' title='bbox 829 2390 862 2428; x_wconf 78' lang='grc' dir='ltr'>ἦν</span> <span class='ocrx_word' id='word_1_622' title='bbox 884 2392 916 2419; x_wconf 80' lang='grc' dir='ltr'>ἄν</span> 
     </span>
    </p>
   </div>
   <div class='ocr_carea' id='block_1_79' title="bbox 132 2438 917 2479">
    <p class='ocr_par' dir='ltr' id='par_1_79' title="bbox 132 2438 917 2479">
     <span class='ocr_line' id='line_1_80' title="bbox 132 2438 917 2479; baseline -0.01 -8"><span class='ocrx_word' id='word_1_623' title='bbox 132 2452 159 2471; x_wconf 83' lang='grc' dir='ltr'><strong>τι</strong></span> <span class='ocrx_word' id='word_1_624' title='bbox 169 2444 200 2470; x_wconf 75' lang='grc' dir='ltr'>τὸ</span> <span class='ocrx_word' id='word_1_625' title='bbox 215 2443 359 2479; x_wconf 84' lang='grc' dir='ltr'>ὑμέτερον,</span> <span class='ocrx_word' id='word_1_626' title='bbox 377 2443 400 2468; x_wconf 86' lang='grc' dir='ltr'>εἰ</span> <span class='ocrx_word' id='word_1_627' title='bbox 416 2441 453 2477; x_wconf 82' lang='grc' dir='ltr'>μὴ</span> <span class='ocrx_word' id='word_1_628' title='bbox 471 2441 517 2467; x_wconf 75' lang='grc' dir='ltr'>καὶ</span> <span class='ocrx_word' id='word_1_629' title='bbox 529 2440 612 2467; x_wconf 78' lang='grc' dir='ltr'>δέλτοι</span> <span class='ocrx_word' id='word_1_630' title='bbox 625 2440 686 2470; x_wconf 83' lang='grc' dir='ltr'>τοὺς</span> <span class='ocrx_word' id='word_1_631' title='bbox 700 2438 839 2472; x_wconf 83' lang='grc' dir='ltr'>δυσγενεῖς</span> <span class='ocrx_word' id='word_1_632' title='bbox 853 2438 917 2472; x_wconf 82' lang='grc' dir='ltr'>ὑμῖν</span> 
     </span>
    </p>
   </div>
   <div class='ocr_carea' id='block_1_80' title="bbox 132 2488 363 2523">
    <p class='ocr_par' dir='ltr' id='par_1_80' title="bbox 132 2488 363 2523">
     <span class='ocr_line' id='line_1_81' title="bbox 132 2488 363 2523; baseline -0.009 -7"><span class='ocrx_word' id='word_1_633' title='bbox 132 2489 282 2523; x_wconf 74' lang='grc' dir='ltr'>ἐνέγραφον</span> <span class='ocrx_word' id='word_1_634' title='bbox 298 2488 363 2522; x_wconf 70' lang='lat'><strong>(1‘2).</strong></span> 
     </span>
    </p>
   </div>
   <div class='ocr_carea' id='block_1_81' title="bbox 1000 1659 1751 1699">
    <p class='ocr_par' dir='ltr' id='par_1_81' title="bbox 1000 1659 1751 1699">
     <span class='ocr_line' id='line_1_82' title="bbox 1000 1659 1751 1699; baseline 0.011 -13"><span class='ocrx_word' id='word_1_635' title='bbox 1000 1659 1046 1687; x_wconf 78' lang='lat' dir='ltr'><strong>XI.</strong></span> <span class='ocrx_word' id='word_1_636' title='bbox 1082 1660 1280 1695; x_wconf 83' lang='lat' dir='ltr'><strong>Imperatores,</strong></span> <span class='ocrx_word' id='word_1_637' title='bbox 1312 1670 1458 1699; x_wconf 88' lang='lat' dir='ltr'><strong>purpuram</strong></span> <span class='ocrx_word' id='word_1_638' title='bbox 1493 1666 1657 1699; x_wconf 83' lang='lat' dir='ltr'><strong>vereamini;</strong></span> <span class='ocrx_word' id='word_1_639' title='bbox 1689 1673 1751 1694; x_wconf 87' lang='lat' dir='ltr'><strong>nam</strong></span> 
     </span>
    </p>
   </div>
   <div class='ocr_carea' id='block_1_82' title="bbox 964 1707 1750 1746">
    <p class='ocr_par' dir='ltr' id='par_1_82' title="bbox 964 1707 1750 1746">
     <span class='ocr_line' id='line_1_83' title="bbox 964 1707 1750 1746; baseline 0.009 -14"><span class='ocrx_word' id='word_1_640' title='bbox 964 1713 1054 1733; x_wconf 82' lang='lat' dir='ltr'><strong>sermo</strong></span> <span class='ocrx_word' id='word_1_641' title='bbox 1083 1711 1177 1733; x_wconf 91' lang='lat' dir='ltr'><strong>noster</strong></span> <span class='ocrx_word' id='word_1_642' title='bbox 1197 1707 1395 1741; x_wconf 81' lang='lat' dir='ltr'><strong>legislatoribus</strong></span> <span class='ocrx_word' id='word_1_643' title='bbox 1413 1718 1520 1745; x_wconf 87' lang='lat' dir='ltr'><strong>quoque</strong></span> <span class='ocrx_word' id='word_1_644' title='bbox 1544 1711 1613 1746; x_wconf 83' lang='lat' dir='ltr'><strong>leges</strong></span> <span class='ocrx_word' id='word_1_645' title='bbox 1641 1716 1750 1740; x_wconf 88' lang='lat' dir='ltr'><strong>statuet.</strong></span> 
     </span>
    </p>
   </div>
   <div class='ocr_carea' id='block_1_83' title="bbox 965 1751 1753 1788">
    <p class='ocr_par' dir='ltr' id='par_1_83' title="bbox 965 1751 1753 1788">
     <span class='ocr_line' id='line_1_84' title="bbox 965 1751 1753 1788; baseline 0.006 -10"><span class='ocrx_word' id='word_1_646' title='bbox 965 1751 1126 1784; x_wconf 69' lang='lat' dir='ltr'><strong>Cognoscite</strong></span> <span class='ocrx_word' id='word_1_647' title='bbox 1142 1758 1271 1786; x_wconf 89' lang='lat' dir='ltr'><strong>quantum</strong></span> <span class='ocrx_word' id='word_1_648' title='bbox 1291 1754 1316 1780; x_wconf 89' lang='lat' dir='ltr'><strong>id</strong></span> <span class='ocrx_word' id='word_1_649' title='bbox 1334 1755 1380 1786; x_wconf 89' lang='lat' dir='ltr'><strong>sit,</strong></span> <span class='ocrx_word' id='word_1_650' title='bbox 1400 1756 1471 1788; x_wconf 90' lang='lat' dir='ltr'><strong>quod</strong></span> <span class='ocrx_word' id='word_1_651' title='bbox 1493 1762 1587 1783; x_wconf 70' lang='lat' dir='ltr'><strong>vestra:</strong></span> <span class='ocrx_word' id='word_1_652' title='bbox 1603 1756 1664 1783; x_wconf 86' lang='lat' dir='ltr'><strong>ﬁdei</strong></span> <span class='ocrx_word' id='word_1_653' title='bbox 1679 1765 1753 1784; x_wconf 89' lang='lat' dir='ltr'><strong>com-</strong></span> 
     </span>
    </p>
   </div>
   <div class='ocr_carea' id='block_1_84' title="bbox 967 1797 1753 1836">
    <p class='ocr_par' dir='ltr' id='par_1_84' title="bbox 967 1797 1753 1836">
     <span class='ocr_line' id='line_1_85' title="bbox 967 1797 1753 1836; baseline 0.006 -13"><span class='ocrx_word' id='word_1_654' title='bbox 967 1797 1078 1824; x_wconf 90' lang='lat' dir='ltr'><strong>missum</strong></span> <span class='ocrx_word' id='word_1_655' title='bbox 1095 1802 1145 1830; x_wconf 87' lang='lat' dir='ltr'><strong>est,</strong></span> <span class='ocrx_word' id='word_1_656' title='bbox 1161 1803 1343 1833; x_wconf 87' lang='lat' dir='ltr'><strong>quantumque</strong></span> <span class='ocrx_word' id='word_1_657' title='bbox 1360 1800 1434 1826; x_wconf 92' lang='lat' dir='ltr'><strong>circa</strong></span> <span class='ocrx_word' id='word_1_658' title='bbox 1451 1808 1497 1827; x_wconf 91' lang='lat' dir='ltr'><strong>vos</strong></span> <span class='ocrx_word' id='word_1_659' title='bbox 1517 1802 1683 1836; x_wconf 80' lang='lat' dir='ltr'><strong>mysterium.</strong></span> <span class='ocrx_word' id='word_1_660' title='bbox 1702 1801 1753 1828; x_wconf 93' lang='lat' dir='ltr'><strong>0r-</strong></span> 
     </span>
    </p>
   </div>
   <div class='ocr_carea' id='block_1_85' title="bbox 968 1844 1751 1881">
    <p class='ocr_par' dir='ltr' id='par_1_85' title="bbox 968 1844 1751 1881">
     <span class='ocr_line' id='line_1_86' title="bbox 968 1844 1751 1881; baseline 0.005 -11"><span class='ocrx_word' id='word_1_661' title='bbox 968 1844 1008 1870; x_wconf 82' lang='lat' dir='ltr'><strong>bis</strong></span> <span class='ocrx_word' id='word_1_662' title='bbox 1021 1844 1161 1871; x_wconf 86' lang='lat' dir='ltr'><strong>universus</strong></span> <span class='ocrx_word' id='word_1_663' title='bbox 1172 1846 1222 1872; x_wconf 87' lang='lat' dir='ltr'><strong>sub</strong></span> <span class='ocrx_word' id='word_1_664' title='bbox 1236 1854 1315 1872; x_wconf 81' lang='lat' dir='ltr'><strong>ntanu</strong></span> <span class='ocrx_word' id='word_1_665' title='bbox 1329 1851 1417 1873; x_wconf 90' lang='lat' dir='ltr'><strong>vestra</strong></span> <span class='ocrx_word' id='word_1_666' title='bbox 1430 1851 1480 1878; x_wconf 85' lang='lat' dir='ltr'><strong>est,</strong></span> <span class='ocrx_word' id='word_1_667' title='bbox 1494 1847 1647 1874; x_wconf 86' lang='lat' dir='ltr'><strong>diademate</strong></span> <span class='ocrx_word' id='word_1_668' title='bbox 1657 1855 1751 1881; x_wconf 84' lang='lat' dir='ltr'><strong>parvo,</strong></span> 
     </span>
    </p>
   </div>
   <div class='ocr_carea' id='block_1_86' title="bbox 967 1892 1754 1927">
    <p class='ocr_par' dir='ltr' id='par_1_86' title="bbox 967 1892 1754 1927">
     <span class='ocr_line' id='line_1_87' title="bbox 967 1892 1754 1927; baseline 0.006 -11"><span class='ocrx_word' id='word_1_669' title='bbox 967 1895 1047 1924; x_wconf 88' lang='lat' dir='ltr'><strong>atque</strong></span> <span class='ocrx_word' id='word_1_670' title='bbox 1063 1892 1160 1925; x_wconf 74' lang='lat' dir='ltr'><strong>exiguo</strong></span> <span class='ocrx_word' id='word_1_671' title='bbox 1177 1900 1263 1926; x_wconf 86' lang='lat' dir='ltr'><strong>panno</strong></span> <span class='ocrx_word' id='word_1_672' title='bbox 1279 1892 1422 1919; x_wconf 83' lang='lat' dir='ltr'><strong>coercitus.</strong></span> <span class='ocrx_word' id='word_1_673' title='bbox 1450 1892 1551 1926; x_wconf 88' lang='lat' dir='ltr'><strong>Supera</strong></span> <span class='ocrx_word' id='word_1_674' title='bbox 1567 1893 1686 1927; x_wconf 83' lang='lat' dir='ltr'><strong>quidem,</strong></span> <span class='ocrx_word' id='word_1_675' title='bbox 1708 1901 1754 1921; x_wconf 87' lang='lat' dir='ltr'><strong>so-</strong></span> 
     </span>
    </p>
   </div>
   <div class='ocr_carea' id='block_1_87' title="bbox 968 1935 1751 1969">
    <p class='ocr_par' dir='ltr' id='par_1_87' title="bbox 968 1935 1751 1969">
     <span class='ocr_line' id='line_1_88' title="bbox 968 1935 1751 1969; baseline 0.004 -7"><span class='ocrx_word' id='word_1_676' title='bbox 968 1935 1019 1962; x_wconf 80' lang='lat' dir='ltr'><strong>litis</strong></span> <span class='ocrx_word' id='word_1_677' title='bbox 1046 1936 1092 1963; x_wconf 85' lang='lat' dir='ltr'><strong>Dei</strong></span> <span class='ocrx_word' id='word_1_678' title='bbox 1118 1942 1195 1969; x_wconf 88' lang='lat' dir='ltr'><strong>sunt;</strong></span> <span class='ocrx_word' id='word_1_679' title='bbox 1221 1937 1304 1964; x_wconf 82' lang='lat' dir='ltr'><strong>infera</strong></span> <span class='ocrx_word' id='word_1_680' title='bbox 1333 1943 1434 1969; x_wconf 86' lang='lat' dir='ltr'><strong>autem,</strong></span> <span class='ocrx_word' id='word_1_681' title='bbox 1454 1943 1541 1965; x_wconf 80' lang='lat' dir='ltr'><strong>vestra</strong></span> <span class='ocrx_word' id='word_1_682' title='bbox 1571 1938 1650 1965; x_wconf 77' lang='lat' dir='ltr'><strong>etiam</strong></span> <span class='ocrx_word' id='word_1_683' title='bbox 1678 1944 1751 1966; x_wconf 86' lang='lat' dir='ltr'><strong>sunt.</strong></span> 
     </span>
    </p>
   </div>
   <div class='ocr_carea' id='block_1_88' title="bbox 968 1981 1749 2016">
    <p class='ocr_par' dir='ltr' id='par_1_88' title="bbox 968 1981 1749 2016">
     <span class='ocr_line' id='line_1_89' title="bbox 968 1981 1749 2016; baseline 0.003 -8"><span class='ocrx_word' id='word_1_684' title='bbox 968 1981 1087 2009; x_wconf 89' lang='lat' dir='ltr'><strong>Subditis</strong></span> <span class='ocrx_word' id='word_1_685' title='bbox 1100 1983 1197 2010; x_wconf 86' lang='lat' dir='ltr'><strong>vestris</strong></span> <span class='ocrx_word' id='word_1_686' title='bbox 1212 1983 1275 2010; x_wconf 79' lang='lat' dir='ltr'><strong>deos</strong></span> <span class='ocrx_word' id='word_1_687' title='bbox 1292 1990 1338 2010; x_wconf 90' lang='lat' dir='ltr'><strong>vos</strong></span> <span class='ocrx_word' id='word_1_688' title='bbox 1353 1983 1482 2016; x_wconf 66' lang='lat' dir='ltr'><strong>praebete,</strong></span> <span class='ocrx_word' id='word_1_689' title='bbox 1501 1988 1530 2010; x_wconf 91' lang='lat' dir='ltr'><strong>ut</strong></span> <span class='ocrx_word' id='word_1_690' title='bbox 1556 1984 1683 2010; x_wconf 80' lang='lat' dir='ltr'><strong>audacius</strong></span> <span class='ocrx_word' id='word_1_691' title='bbox 1698 1984 1749 2010; x_wconf 81' lang='lat' dir='ltr'><strong>ali-</strong></span> 
     </span>
    </p>
   </div>
   <div class='ocr_carea' id='block_1_89' title="bbox 967 2027 1753 2063">
    <p class='ocr_par' dir='ltr' id='par_1_89' title="bbox 967 2027 1753 2063">
     <span class='ocr_line' id='line_1_90' title="bbox 967 2027 1753 2063; baseline 0.004 -9"><span class='ocrx_word' id='word_1_692' title='bbox 967 2028 1030 2063; x_wconf 82' lang='lat' dir='ltr'><strong>quid</strong></span> <span class='ocrx_word' id='word_1_693' title='bbox 1052 2028 1151 2055; x_wconf 86' lang='lat' dir='ltr'><strong>dicarn.</strong></span> <span class='ocrx_word' id='word_1_694' title='bbox 1183 2027 1235 2055; x_wconf 85' lang='lat' dir='ltr'><strong>Cor</strong></span> <span class='ocrx_word' id='word_1_695' title='bbox 1259 2029 1327 2063; x_wconf 78' lang='lat' dir='ltr'><strong>regis</strong></span> <span class='ocrx_word' id='word_1_696' title='bbox 1352 2029 1378 2055; x_wconf 86' lang='lat' dir='ltr'><strong>in</strong></span> <span class='ocrx_word' id='word_1_697' title='bbox 1407 2037 1486 2054; x_wconf 86' lang='lat' dir='ltr'><strong>manu</strong></span> <span class='ocrx_word' id='word_1_698' title='bbox 1524 2028 1570 2055; x_wconf 80' lang='lat' dir='ltr'><strong>Dei</strong></span> <span class='ocrx_word' id='word_1_699' title='bbox 1596 2035 1643 2060; x_wconf 82' lang='lat' dir='ltr'><strong>est,</strong></span> <span class='ocrx_word' id='word_1_700' title='bbox 1669 2035 1698 2056; x_wconf 88' lang='lat' dir='ltr'><strong>ut</strong></span> <span class='ocrx_word' id='word_1_701' title='bbox 1720 2038 1753 2057; x_wconf 81' lang='lat' dir='ltr'><strong>ex</strong></span> 
     </span>
    </p>
   </div>
   <div class='ocr_carea' id='block_1_90' title="bbox 968 2070 1753 2105">
    <p class='ocr_par' dir='ltr' id='par_1_90' title="bbox 968 2070 1753 2105">
     <span class='ocr_line' id='line_1_91' title="bbox 968 2070 1753 2105; baseline 0 -7"><span class='ocrx_word' id='word_1_702' title='bbox 968 2071 1106 2104; x_wconf 86' lang='lat' dir='ltr'><strong>Scriptura</strong></span> <span class='ocrx_word' id='word_1_703' title='bbox 1122 2071 1245 2097; x_wconf 86' lang='lat' dir='ltr'><strong>audimus</strong></span> <span class='ocrx_word' id='word_1_704' title='bbox 1259 2070 1291 2101; x_wconf 84' lang='lat'><strong>“,</strong></span> <span class='ocrx_word' id='word_1_705' title='bbox 1312 2078 1344 2097; x_wconf 87' lang='lat' dir='ltr'><strong>ac</strong></span> <span class='ocrx_word' id='word_1_706' title='bbox 1371 2071 1517 2097; x_wconf 84' lang='lat' dir='ltr'><strong>credimus.</strong></span> <span class='ocrx_word' id='word_1_707' title='bbox 1546 2070 1594 2098; x_wconf 89' lang='lat' dir='ltr'><strong>Hic</strong></span> <span class='ocrx_word' id='word_1_708' title='bbox 1612 2071 1753 2105; x_wconf 86' lang='lat' dir='ltr'><strong>imperium</strong></span> 
     </span>
    </p>
   </div>
   <div class='ocr_carea' id='block_1_91' title="bbox 968 2116 1752 2149">
    <p class='ocr_par' dir='ltr' id='par_1_91' title="bbox 968 2116 1752 2149">
     <span class='ocr_line' id='line_1_92' title="bbox 968 2116 1752 2149; baseline 0 -6"><span class='ocrx_word' id='word_1_709' title='bbox 968 2122 1086 2144; x_wconf 82' lang='lat' dir='ltr'><strong>vestrum</strong></span> <span class='ocrx_word' id='word_1_710' title='bbox 1101 2117 1146 2149; x_wconf 86' lang='lat' dir='ltr'><strong>sit,</strong></span> <span class='ocrx_word' id='word_1_711' title='bbox 1165 2123 1216 2143; x_wconf 92' lang='lat' dir='ltr'><strong>non</strong></span> <span class='ocrx_word' id='word_1_712' title='bbox 1243 2121 1331 2143; x_wconf 89' lang='lat' dir='ltr'><strong>autem</strong></span> <span class='ocrx_word' id='word_1_713' title='bbox 1350 2116 1376 2142; x_wconf 90' lang='lat' dir='ltr'><strong>in</strong></span> <span class='ocrx_word' id='word_1_714' title='bbox 1394 2124 1460 2142; x_wconf 85' lang='lat' dir='ltr'><strong>auro</strong></span> <span class='ocrx_word' id='word_1_715' title='bbox 1477 2123 1504 2144; x_wconf 85' lang='lat' dir='ltr'><strong>et</strong></span> <span class='ocrx_word' id='word_1_716' title='bbox 1526 2117 1551 2143; x_wconf 92' lang='lat' dir='ltr'><strong>in</strong></span> <span class='ocrx_word' id='word_1_717' title='bbox 1579 2117 1752 2144; x_wconf 81' lang='lat' dir='ltr'><strong>exercitibus.</strong></span> 
     </span>
    </p>
   </div>
   <div class='ocr_carea' id='block_1_92' title="bbox 967 2161 1748 2198">
    <p class='ocr_par' dir='ltr' id='par_1_92' title="bbox 967 2161 1748 2198">
     <span class='ocr_line' id='line_1_93' title="bbox 967 2161 1748 2198; baseline 0.001 -10"><span class='ocrx_word' id='word_1_718' title='bbox 967 2162 1063 2194; x_wconf 81' lang='lat' dir='ltr'><strong>Aulici,</strong></span> <span class='ocrx_word' id='word_1_719' title='bbox 1080 2170 1204 2197; x_wconf 85' lang='lat' dir='ltr'><strong>proceres</strong></span> <span class='ocrx_word' id='word_1_720' title='bbox 1226 2170 1257 2188; x_wconf 87' lang='lat' dir='ltr'><strong>ac</strong></span> <span class='ocrx_word' id='word_1_721' title='bbox 1271 2161 1430 2190; x_wconf 71' lang='lat' dir='ltr'><strong>sublimibus</strong></span> <span class='ocrx_word' id='word_1_722' title='bbox 1455 2163 1558 2190; x_wconf 85' lang='lat' dir='ltr'><strong>thronis</strong></span> <span class='ocrx_word' id='word_1_723' title='bbox 1578 2167 1606 2190; x_wconf 92' lang='lat' dir='ltr'><strong>et</strong></span> <span class='ocrx_word' id='word_1_724' title='bbox 1632 2163 1748 2198; x_wconf 77' lang='lat' dir='ltr'><strong>dignita-</strong></span> 
     </span>
    </p>
   </div>
   <div class='ocr_carea' id='block_1_93' title="bbox 969 2209 1755 2244">
    <p class='ocr_par' dir='ltr' id='par_1_93' title="bbox 969 2209 1755 2244">
     <span class='ocr_line' id='line_1_94' title="bbox 969 2209 1755 2244; baseline 0.001 -10"><span class='ocrx_word' id='word_1_725' title='bbox 969 2209 1040 2236; x_wconf 90' lang='lat' dir='ltr'><strong>tibus</strong></span> <span class='ocrx_word' id='word_1_726' title='bbox 1055 2209 1182 2244; x_wconf 77' lang='lat' dir='ltr'><strong>insignes,</strong></span> <span class='ocrx_word' id='word_1_727' title='bbox 1207 2216 1240 2235; x_wconf 90' lang='lat' dir='ltr'><strong>ne</strong></span> <span class='ocrx_word' id='word_1_728' title='bbox 1253 2209 1287 2236; x_wconf 89' lang='lat' dir='ltr'><strong>ob</strong></span> <span class='ocrx_word' id='word_1_729' title='bbox 1310 2209 1457 2242; x_wconf 86' lang='lat' dir='ltr'><strong>potentiam</strong></span> <span class='ocrx_word' id='word_1_730' title='bbox 1475 2216 1634 2243; x_wconf 81' lang='lat' dir='ltr'><strong>magnopere</strong></span> <span class='ocrx_word' id='word_1_731' title='bbox 1650 2209 1755 2236; x_wconf 71' lang='lat' dir='ltr'><strong>anituos</strong></span> 
     </span>
    </p>
   </div>
   <div class='ocr_carea' id='block_1_94' title="bbox 969 2253 1756 2287">
    <p class='ocr_par' dir='ltr' id='par_1_94' title="bbox 969 2253 1756 2287">
     <span class='ocr_line' id='line_1_95' title="bbox 969 2253 1756 2287; baseline -0.001 -7"><span class='ocrx_word' id='word_1_732' title='bbox 969 2253 1098 2286; x_wconf 79' lang='lat' dir='ltr'><strong>eﬁ&#39;eratis,</strong></span> <span class='ocrx_word' id='word_1_733' title='bbox 1125 2261 1175 2281; x_wconf 90' lang='lat' dir='ltr'><strong>nec</strong></span> <span class='ocrx_word' id='word_1_734' title='bbox 1193 2254 1225 2280; x_wconf 92' lang='lat' dir='ltr'><strong>de</strong></span> <span class='ocrx_word' id='word_1_735' title='bbox 1250 2253 1407 2280; x_wconf 88' lang='lat' dir='ltr'><strong>mortalibus</strong></span> <span class='ocrx_word' id='word_1_736' title='bbox 1440 2253 1518 2280; x_wconf 88' lang='lat' dir='ltr'><strong>rebus</strong></span> <span class='ocrx_word' id='word_1_737' title='bbox 1550 2258 1676 2287; x_wconf 83' lang='lat' dir='ltr'><strong>tanquam</strong></span> <span class='ocrx_word' id='word_1_738' title='bbox 1705 2254 1756 2280; x_wconf 89' lang='lat' dir='ltr'><strong>im-</strong></span> 
     </span>
    </p>
   </div>
   <div class='ocr_carea' id='block_1_95' title="bbox 972 2299 1753 2334">
    <p class='ocr_par' dir='ltr' id='par_1_95' title="bbox 972 2299 1753 2334">
     <span class='ocr_line' id='line_1_96' title="bbox 972 2299 1753 2334; baseline 0 -8"><span class='ocrx_word' id='word_1_739' title='bbox 972 2300 1131 2328; x_wconf 88' lang='lat' dir='ltr'><strong>mortalibus</strong></span> <span class='ocrx_word' id='word_1_740' title='bbox 1148 2300 1283 2334; x_wconf 75' lang='lat' dir='ltr'><strong>cogitetis.</strong></span> <span class='ocrx_word' id='word_1_741' title='bbox 1299 2299 1391 2327; x_wconf 84' lang='lat' dir='ltr'><strong>Fidem</strong></span> <span class='ocrx_word' id='word_1_742' title='bbox 1408 2299 1615 2334; x_wconf 82' lang='lat' dir='ltr'><strong>imperatoribus</strong></span> <span class='ocrx_word' id='word_1_743' title='bbox 1637 2300 1753 2330; x_wconf 77' lang='lat' dir='ltr'><strong>servate,</strong></span> 
     </span>
    </p>
   </div>
   <div class='ocr_carea' id='block_1_96' title="bbox 970 2345 1754 2381">
    <p class='ocr_par' dir='ltr' id='par_1_96' title="bbox 970 2345 1754 2381">
     <span class='ocr_line' id='line_1_97' title="bbox 970 2345 1754 2381; baseline -0.001 -8"><span class='ocrx_word' id='word_1_744' title='bbox 970 2347 1016 2374; x_wconf 85' lang='lat' dir='ltr'><strong>sed</strong></span> <span class='ocrx_word' id='word_1_745' title='bbox 1031 2347 1105 2381; x_wconf 90' lang='lat' dir='ltr'><strong>prius</strong></span> <span class='ocrx_word' id='word_1_746' title='bbox 1122 2348 1187 2378; x_wconf 83' lang='lat' dir='ltr'><strong>Deo,</strong></span> <span class='ocrx_word' id='word_1_747' title='bbox 1200 2350 1311 2380; x_wconf 85' lang='lat' dir='ltr'><strong>propter</strong></span> <span class='ocrx_word' id='word_1_748' title='bbox 1328 2353 1407 2380; x_wconf 86' lang='lat' dir='ltr'><strong>quem</strong></span> <span class='ocrx_word' id='word_1_749' title='bbox 1420 2345 1461 2372; x_wconf 90' lang='lat' dir='ltr'><strong>bis</strong></span> <span class='ocrx_word' id='word_1_750' title='bbox 1474 2345 1555 2372; x_wconf 89' lang='lat' dir='ltr'><strong>etiam</strong></span> <span class='ocrx_word' id='word_1_751' title='bbox 1571 2345 1667 2379; x_wconf 89' lang='lat' dir='ltr'><strong>quibus</strong></span> <span class='ocrx_word' id='word_1_752' title='bbox 1681 2352 1754 2372; x_wconf 89' lang='lat' dir='ltr'><strong>com-</strong></span> 
     </span>
    </p>
   </div>
   <div class='ocr_carea' id='block_1_97' title="bbox 971 2390 1754 2425">
    <p class='ocr_par' dir='ltr' id='par_1_97' title="bbox 971 2390 1754 2425">
     <span class='ocr_line' id='line_1_98' title="bbox 971 2390 1754 2425; baseline -0.003 -6"><span class='ocrx_word' id='word_1_753' title='bbox 971 2393 1044 2420; x_wconf 85' lang='lat' dir='ltr'><strong>missi</strong></span> <span class='ocrx_word' id='word_1_754' title='bbox 1064 2398 1091 2420; x_wconf 84' lang='lat' dir='ltr'><strong>et</strong></span> <span class='ocrx_word' id='word_1_755' title='bbox 1109 2393 1198 2420; x_wconf 87' lang='lat' dir='ltr'><strong>traditi</strong></span> <span class='ocrx_word' id='word_1_756' title='bbox 1219 2392 1295 2419; x_wconf 92' lang='lat' dir='ltr'><strong>estis.</strong></span> <span class='ocrx_word' id='word_1_757' title='bbox 1316 2391 1367 2424; x_wconf 87' lang='lat' dir='ltr'><strong>Qui</strong></span> <span class='ocrx_word' id='word_1_758' title='bbox 1394 2391 1500 2425; x_wconf 76' lang='lat' dir='ltr'><strong>generis</strong></span> <span class='ocrx_word' id='word_1_759' title='bbox 1525 2391 1691 2425; x_wconf 85' lang='lat' dir='ltr'><strong>splendorem</strong></span> <span class='ocrx_word' id='word_1_760' title='bbox 1712 2390 1754 2424; x_wconf 88' lang='lat' dir='ltr'><strong>ja-</strong></span> 
     </span>
    </p>
   </div>
   <div class='ocr_carea' id='block_1_98' title="bbox 969 2436 1754 2471">
    <p class='ocr_par' dir='ltr' id='par_1_98' title="bbox 969 2436 1754 2471">
     <span class='ocr_line' id='line_1_99' title="bbox 969 2436 1754 2471; baseline -0.003 -7"><span class='ocrx_word' id='word_1_761' title='bbox 969 2438 1061 2470; x_wconf 90' lang='lat' dir='ltr'><strong>ctatis,</strong></span> <span class='ocrx_word' id='word_1_762' title='bbox 1080 2438 1142 2465; x_wconf 86' lang='lat' dir='ltr'><strong>date</strong></span> <span class='ocrx_word' id='word_1_763' title='bbox 1169 2445 1278 2471; x_wconf 88' lang='lat' dir='ltr'><strong>operam</strong></span> <span class='ocrx_word' id='word_1_764' title='bbox 1295 2441 1325 2464; x_wconf 90' lang='lat' dir='ltr'><strong>ut</strong></span> <span class='ocrx_word' id='word_1_765' title='bbox 1344 2443 1434 2463; x_wconf 84' lang='lat' dir='ltr'><strong>mores</strong></span> <span class='ocrx_word' id='word_1_766' title='bbox 1455 2443 1561 2471; x_wconf 90' lang='lat' dir='ltr'><strong>quoque</strong></span> <span class='ocrx_word' id='word_1_767' title='bbox 1586 2436 1754 2463; x_wconf 86' lang='lat' dir='ltr'><strong>nobilitetis:</strong></span> 
     </span>
    </p>
   </div>
   <div class='ocr_carea' id='block_1_99' title="bbox 969 2481 1757 2518">
    <p class='ocr_par' dir='ltr' id='par_1_99' title="bbox 969 2481 1757 2518">
     <span class='ocr_line' id='line_1_100' title="bbox 969 2481 1757 2518; baseline -0.001 -8"><span class='ocrx_word' id='word_1_768' title='bbox 969 2487 1016 2510; x_wconf 87' lang='lat' dir='ltr'><strong>aut</strong></span> <span class='ocrx_word' id='word_1_769' title='bbox 1039 2484 1139 2518; x_wconf 90' lang='lat' dir='ltr'><strong>aliquid</strong></span> <span class='ocrx_word' id='word_1_770' title='bbox 1164 2484 1264 2515; x_wconf 85' lang='lat' dir='ltr'><strong>dicam,</strong></span> <span class='ocrx_word' id='word_1_771' title='bbox 1294 2482 1466 2518; x_wconf 89' lang='lat' dir='ltr'><strong>injucundum</strong></span> <span class='ocrx_word' id='word_1_772' title='bbox 1488 2482 1595 2516; x_wconf 89' lang='lat' dir='ltr'><strong>quidem</strong></span> <span class='ocrx_word' id='word_1_773' title='bbox 1619 2485 1646 2508; x_wconf 89' lang='lat' dir='ltr'><strong>et</strong></span> <span class='ocrx_word' id='word_1_774' title='bbox 1672 2481 1757 2509; x_wconf 87' lang='lat' dir='ltr'><strong>mole-</strong></span> 
     </span>
    </p>
   </div>
   <div class='ocr_carea' id='block_1_100' title="bbox 134 2528 1756 2566">
    <p class='ocr_par' dir='ltr' id='par_1_100' title="bbox 134 2528 1756 2566">
     <span class='ocr_line' id='line_1_101' title="bbox 134 2528 1756 2566; baseline -0.002 -6"><span class='ocrx_word' id='word_1_775' title='bbox 134 2540 214 2565; x_wconf 75' lang='lat' dir='ltr'><strong>snun,</strong></span> <span class='ocrx_word' id='word_1_776' title='bbox 231 2540 258 2560; x_wconf 79' lang='lat' dir='ltr'><strong>at</strong></span> <span class='ocrx_word' id='word_1_777' title='bbox 271 2534 358 2561; x_wconf 88' lang='lat' dir='ltr'><strong>nobile</strong></span> <span class='ocrx_word' id='word_1_778' title='bbox 372 2538 459 2558; x_wconf 87' lang='lat' dir='ltr'><strong>tamen</strong></span> <span class='ocrx_word' id='word_1_779' title='bbox 472 2536 498 2557; x_wconf 72' lang='lat' dir='ltr'><strong>et</strong></span> <span class='ocrx_word' id='word_1_780' title='bbox 516 2537 686 2566; x_wconf 80' lang='lat' dir='ltr'><strong>generosum.</strong></span> <span class='ocrx_word' id='word_1_781' title='bbox 707 2528 773 2555; x_wconf 87' lang='lat' dir='ltr'><strong>Nam</strong></span> <span class='ocrx_word' id='word_1_782' title='bbox 786 2533 841 2555; x_wconf 91' lang='lat' dir='ltr'><strong>tum</strong></span> <span class='ocrx_word' id='word_1_783' title='bbox 856 2535 918 2554; x_wconf 87' lang='lat' dir='ltr'><strong>vere</strong></span> <span class='ocrx_word' id='word_1_784' title='bbox 938 2528 1121 2556; x_wconf 73' lang='lat' dir='ltr'><strong>nobilisSimus</strong></span> <span class='ocrx_word' id='word_1_785' title='bbox 1153 2534 1225 2556; x_wconf 87' lang='lat' dir='ltr'><strong>esset</strong></span> <span class='ocrx_word' id='word_1_786' title='bbox 1257 2529 1323 2556; x_wconf 90' lang='lat' dir='ltr'><strong>ordo</strong></span> <span class='ocrx_word' id='word_1_787' title='bbox 1342 2535 1440 2562; x_wconf 89' lang='lat' dir='ltr'><strong>vester,</strong></span> <span class='ocrx_word' id='word_1_788' title='bbox 1461 2530 1482 2557; x_wconf 88' lang='lat' dir='ltr'><strong>si</strong></span> <span class='ocrx_word' id='word_1_789' title='bbox 1501 2529 1630 2565; x_wconf 71' lang='lat' dir='ltr'><strong>ignobiles</strong></span> <span class='ocrx_word' id='word_1_790' title='bbox 1653 2530 1756 2558; x_wconf 85' lang='lat' dir='ltr'><strong>tabellis</strong></span> 
     </span>
    </p>
   </div>
   <div class='ocr_carea' id='block_1_101' title="bbox 134 2579 519 2607">
    <p class='ocr_par' dir='ltr' id='par_1_101' title="bbox 134 2579 519 2607">
     <span class='ocr_line' id='line_1_102' title="bbox 134 2579 519 2607; baseline -0.008 0"><span class='ocrx_word' id='word_1_791' title='bbox 134 2581 230 2607; x_wconf 84' lang='lat' dir='ltr'><strong>vestris</strong></span> <span class='ocrx_word' id='word_1_792' title='bbox 244 2588 296 2606; x_wconf 94' lang='lat' dir='ltr'><strong>non</strong></span> <span class='ocrx_word' id='word_1_793' title='bbox 313 2579 519 2606; x_wconf 85' lang='lat' dir='ltr'><strong>ascriberentur.</strong></span> 
     </span>
    </p>
   </div>
   <div class='ocr_carea' id='block_1_102' title="bbox 167 2642 970 2682">
    <p class='ocr_par' dir='ltr' id='par_1_102' title="bbox 167 2642 970 2682">
     <span class='ocr_line' id='line_1_103' title="bbox 167 2642 970 2682; baseline -0.01 -5"><span class='ocrx_word' id='word_1_794' title='bbox 167 2650 178 2666; x_wconf 84' lang='lat'>&#39;</span> <span class='ocrx_word' id='word_1_795' title='bbox 190 2648 201 2676; x_wconf 85' lang='lat' dir='ltr'><strong>l</strong></span> <span class='ocrx_word' id='word_1_796' title='bbox 215 2649 312 2676; x_wconf 81' lang='lat' dir='ltr'><strong>Thess.</strong></span> <span class='ocrx_word' id='word_1_797' title='bbox 329 2655 361 2680; x_wconf 83' lang='grc' dir='ltr'><strong>ιι,</strong></span> <span class='ocrx_word' id='word_1_798' title='bbox 375 2647 418 2682; x_wconf 79' lang='grc'>19,</span> <span class='ocrx_word' id='word_1_799' title='bbox 429 2646 475 2674; x_wconf 81' lang='grc'><strong>20.</strong></span> <span class='ocrx_word' id='word_1_800' title='bbox 514 2647 536 2662; x_wconf 85' lang='grc'><strong>¹⁰</strong></span> <span class='ocrx_word' id='word_1_801' title='bbox 550 2644 603 2672; x_wconf 89' lang='lat' dir='ltr'><strong>Tit.</strong></span> <span class='ocrx_word' id='word_1_802' title='bbox 618 2644 704 2677; x_wconf 67' lang='lat'><strong>&quot;1,14.</strong></span> <span class='ocrx_word' id='word_1_803' title='bbox 747 2643 765 2659; x_wconf 88' lang='lat'>”</span> <span class='ocrx_word' id='word_1_804' title='bbox 780 2643 859 2670; x_wconf 80' lang='lat' dir='ltr'><strong>Prov.</strong></span> <span class='ocrx_word' id='word_1_805' title='bbox 875 2649 930 2670; x_wconf 77' lang='lat' dir='ltr'><strong>ut.</strong></span> <span class='ocrx_word' id='word_1_806' title='bbox 945 2642 970 2669; x_wconf 82' lang='grc' dir='ltr'>ί.</span> 
     </span>
    </p>
   </div>
   <div class='ocr_carea' id='block_1_103' title="bbox 181 2714 622 2750">
    <p class='ocr_par' dir='ltr' id='par_1_103' title="bbox 181 2714 622 2750">
     <span class='ocr_line' id='line_1_104' title="bbox 181 2714 622 2750; baseline -0.009 -6"><span class='ocrx_word' id='word_1_807' title='bbox 181 2718 207 2750; x_wconf 73' lang='grc'>4)</span> <span class='ocrx_word' id='word_1_808' title='bbox 228 2717 332 2744; x_wconf 83' lang='grc' dir='ltr'>Ταῦτα.</span> <span class='ocrx_word' id='word_1_809' title='bbox 348 2715 413 2750; x_wconf 77' lang='lat' dir='ltr'><strong>Reg.</strong></span> <span class='ocrx_word' id='word_1_810' title='bbox 429 2715 485 2747; x_wconf 90' lang='lat' dir='ltr'><strong>bm,</strong></span> <span class='ocrx_word' id='word_1_811' title='bbox 501 2714 622 2750; x_wconf 83' lang='grc' dir='ltr'>ταύταις.</span> 
     </span>
    </p>
   </div>
   <div class='ocr_carea' id='block_1_104' title="bbox 169 2718 672 2788">
    <p class='ocr_par' dir='ltr' id='par_1_104' title="bbox 169 2718 672 2788">
     <span class='ocr_line' id='line_1_105' title="bbox 181 2718 622 2750; baseline -0.009 -6"><span class='ocrx_word' id='word_1_812' title='bbox 181 2718 207 2750; x_wconf 73' lang='grc'>4)</span> <span class='ocrx_word' id='word_1_813' title='bbox 228 2718 332 2744; x_wconf 83' lang='grc' dir='ltr'>Ταῦτα.</span> <span class='ocrx_word' id='word_1_814' title='bbox 349 2718 413 2750; x_wconf 77' lang='lat' dir='ltr'><strong>Reg.</strong></span> <span class='ocrx_word' id='word_1_815' title='bbox 429 2718 485 2747; x_wconf 89' lang='lat' dir='ltr'><strong>bm,</strong></span> <span class='ocrx_word' id='word_1_816' title='bbox 501 2718 622 2744; x_wconf 83' lang='grc' dir='ltr'>ταύταις.</span> 
     </span>
     <span class='ocr_line' id='line_1_106' title="bbox 169 2718 672 2788; baseline -0.01 -9"><span class='ocrx_word' id='word_1_817' title='bbox 169 2718 208 2788; x_wconf 58' lang='grc' dir='ltr'>ίῦ)</span> <span class='ocrx_word' id='word_1_818' title='bbox 222 2752 364 2788; x_wconf 61' lang='grc' dir='ltr'><strong>ΓένεσΟε.</strong></span> <span class='ocrx_word' id='word_1_819' title='bbox 383 2751 448 2785; x_wconf 71' lang='lat' dir='ltr'><strong>Heg.</strong></span> <span class='ocrx_word' id='word_1_820' title='bbox 467 2751 521 2788; x_wconf 65' lang='lat' dir='ltr'><strong>b_m,</strong></span> <span class='ocrx_word' id='word_1_821' title='bbox 537 2748 672 2788; x_wconf 71' lang='grc' dir='ltr'>γενέσθαι.</span> 
     </span>
    </p>
   </div>
   <div class='ocr_carea' id='block_1_105' title="bbox 170 2781 922 2828">
    <p class='ocr_par' dir='ltr' id='par_1_105' title="bbox 170 2781 922 2828">
     <span class='ocr_line' id='line_1_107' title="bbox 170 2781 922 2828; baseline -0.001 -16"><span class='ocrx_word' id='word_1_822' title='bbox 233 2787 302 2828; x_wconf 56' lang='grc' dir='ltr'>τοῖς</span> <span class='ocrx_word' id='word_1_823' title='bbox 328 2781 516 2828; x_wconf 67' lang='grc' dir='ltr'>τεκτροῖικοῖς.</span> <span class='ocrx_word' id='word_1_824' title='bbox 543 2781 809 2828; x_wconf 29' lang='grc' dir='ltr'><strong>ἰξιικξηοζξξζξιςθε</strong></span> <span class='ocrx_word' id='word_1_825' title='bbox 835 2783 922 2816; x_wconf 85' lang='lat' dir='ltr'><strong>Colb.,</strong></span> 
     </span>
    </p>
   </div>
   <div class='ocr_carea' id='block_1_106' title="bbox 135 2817 780 2855">
    <p class='ocr_par' dir='ltr' id='par_1_106' title="bbox 135 2817 780 2855">
     <span class='ocr_line' id='line_1_108' title="bbox 135 2817 780 2855; baseline -0.011 -5"><span class='ocrx_word' id='word_1_826' title='bbox 135 2817 217 2851; x_wconf 79' lang='lat' dir='ltr'><strong>Coisi.</strong></span> <span class='ocrx_word' id='word_1_827' title='bbox 235 2823 263 2852; x_wconf 77' lang='grc'>1,</span> <span class='ocrx_word' id='word_1_828' title='bbox 278 2817 344 2852; x_wconf 81' lang='lat' dir='ltr'><strong>elc.,</strong></span> <span class='ocrx_word' id='word_1_829' title='bbox 360 2822 414 2852; x_wconf 87' lang='grc' dir='ltr'>τοῖς</span> <span class='ocrx_word' id='word_1_830' title='bbox 427 2817 588 2855; x_wconf 69' lang='grc' dir='ltr'>τεκτονικῆς</span> <span class='ocrx_word' id='word_1_831' title='bbox 633 2817 780 2853; x_wconf 79' lang='grc' dir='ltr'>γραφικῆς.</span> 
     </span>
    </p>
   </div>
   <div class='ocr_carea' id='block_1_107' title="bbox 169 2854 528 2893">
    <p class='ocr_par' dir='ltr' id='par_1_107' title="bbox 169 2854 528 2893">
     <span class='ocr_line' id='line_1_109' title="bbox 169 2854 528 2893; baseline -0.008 -9"><span class='ocrx_word' id='word_1_832' title='bbox 169 2858 208 2893; x_wconf 81' lang='grc'><strong>(7)</strong></span> <span class='ocrx_word' id='word_1_833' title='bbox 224 2855 395 2893; x_wconf 21' lang='grc' dir='ltr'><strong>οὓτωςῃηοτ.</strong></span> <span class='ocrx_word' id='word_1_834' title='bbox 410 2856 433 2893; x_wconf 43' lang='lat' dir='ltr'><strong>ll</strong></span> <span class='ocrx_word' id='word_1_835' title='bbox 448 2854 528 2893; x_wconf 73' lang='grc' dir='ltr'>οὕτω.</span> 
     </span>
    </p>
   </div>
   <div class='ocr_carea' id='block_1_108' title="bbox 169 2888 923 2930">
    <p class='ocr_par' dir='ltr' id='par_1_108' title="bbox 169 2888 923 2930">
     <span class='ocr_line' id='line_1_110' title="bbox 169 2888 923 2930; baseline -0.02 0"><span class='ocrx_word' id='word_1_836' title='bbox 169 2888 211 2930; x_wconf 70' lang='grc'>(⁸)</span> <span class='ocrx_word' id='word_1_837' title='bbox 229 2890 385 2925; x_wconf 71' lang='grc' dir='ltr'><strong>’Υπερέξω.</strong></span> <span class='ocrx_word' id='word_1_838' title='bbox 415 2889 480 2925; x_wconf 70' lang='lat' dir='ltr'><strong>Reg.</strong></span> <span class='ocrx_word' id='word_1_839' title='bbox 507 2890 562 2924; x_wconf 85' lang='lat' dir='ltr'><strong>bm,</strong></span> <span class='ocrx_word' id='word_1_840' title='bbox 577 2894 690 2925; x_wconf 86' lang='lat' dir='ltr'><strong>quatuor</strong></span> <span class='ocrx_word' id='word_1_841' title='bbox 700 2889 776 2919; x_wconf 84' lang='lat' dir='ltr'><strong>Colb.</strong></span> <span class='ocrx_word' id='word_1_842' title='bbox 793 2894 818 2918; x_wconf 80' lang='lat' dir='ltr'><strong>et</strong></span> <span class='ocrx_word' id='word_1_843' title='bbox 836 2888 881 2916; x_wconf 92' lang='lat' dir='ltr'><strong>0r.</strong></span> <span class='ocrx_word' id='word_1_844' title='bbox 898 2889 923 2921; x_wconf 80' lang='lat' dir='ltr'><strong>i,</strong></span> 
     </span>
    </p>
   </div>
   <div class='ocr_carea' id='block_1_109' title="bbox 975 2708 1570 2747">
    <p class='ocr_par' dir='ltr' id='par_1_109' title="bbox 975 2708 1570 2747">
     <span class='ocr_line' id='line_1_111' title="bbox 975 2708 1570 2747; baseline 0.024 -10"><span class='ocrx_word' id='word_1_845' title='bbox 975 2708 1346 2747; x_wconf 59' lang='lat' dir='ltr'><strong>bnépsxw.Bas_..07FSP_élm-</strong></span> <span class='ocrx_word' id='word_1_846' title='bbox 1483 2740 1489 2747; x_wconf 76' lang='grc' dir='ltr'><strong>ι</strong></span> <span class='ocrx_word' id='word_1_847' title='bbox 1514 2740 1523 2747; x_wconf 65' lang='grc' dir='ltr'>ι</span> <span class='ocrx_word' id='word_1_848' title='bbox 1556 2741 1570 2747; x_wconf 84' lang='lat'><strong>-</strong></span> 
     </span>
    </p>
   </div>
   <div class='ocr_carea' id='block_1_110' title="bbox 1022 2719 1683 2780">
    <p class='ocr_par' dir='ltr' id='par_1_110' title="bbox 1022 2719 1683 2780">
     <span class='ocr_line' id='line_1_112' title="bbox 1022 2719 1346 2745; baseline -0.009 -8"><span class='ocrx_word' id='word_1_849' title='bbox 1022 2721 1025 2736; x_wconf 70' lang='grc' dir='ltr'><strong>Σ</strong></span> <span class='ocrx_word' id='word_1_850' title='bbox 1046 2719 1110 2745; x_wconf 80' lang='grc' dir='ltr'>σχω.</span> <span class='ocrx_word' id='word_1_851' title='bbox 1127 2719 1197 2739; x_wconf 69' lang='grc' dir='ltr'><strong>ηδε..</strong></span> <span class='ocrx_word' id='word_1_852' title='bbox 1213 2719 1346 2744; x_wconf 77' lang='grc' dir='ltr'>υπερεχω.</span> 
     </span>
     <span class='ocr_line' id='line_1_113' title="bbox 1022 2719 1683 2780; baseline -0.006 -8"><span class='ocrx_word' id='word_1_853' title='bbox 1022 2719 1049 2780; x_wconf 53' lang='grc' dir='ltr'>ξ)</span> <span class='ocrx_word' id='word_1_854' title='bbox 1068 2744 1185 2778; x_wconf 77' lang='grc' dir='ltr'>Ἁκλινῆ</span> <span class='ocrx_word' id='word_1_855' title='bbox 1197 2744 1256 2780; x_wconf 67' lang='grc' dir='ltr'>καί.</span> <span class='ocrx_word' id='word_1_856' title='bbox 1277 2744 1305 2770; x_wconf 83' lang='grc' dir='ltr'>ιιι</span> <span class='ocrx_word' id='word_1_857' title='bbox 1318 2741 1460 2780; x_wconf 78' lang='lat' dir='ltr'><strong>nonnullis,</strong></span> <span class='ocrx_word' id='word_1_858' title='bbox 1478 2740 1573 2776; x_wconf 85' lang='grc' dir='ltr'>ἀκλινῆ</span> <span class='ocrx_word' id='word_1_859' title='bbox 1588 2749 1616 2768; x_wconf 84' lang='grc' dir='ltr'><strong>τε</strong></span> <span class='ocrx_word' id='word_1_860' title='bbox 1630 2740 1683 2768; x_wconf 88' lang='grc' dir='ltr'>καί.</span> 
     </span>
    </p>
   </div>
   <div class='ocr_carea' id='block_1_111' title="bbox 1023 2777 1454 2813">
    <p class='ocr_par' dir='ltr' id='par_1_111' title="bbox 1023 2777 1454 2813">
     <span class='ocr_line' id='line_1_114' title="bbox 1023 2777 1454 2813; baseline -0.007 -6"><span class='ocrx_word' id='word_1_861' title='bbox 1023 2777 1067 2813; x_wconf 69' lang='lat' dir='ltr'><strong>ill)</strong></span> <span class='ocrx_word' id='word_1_862' title='bbox 1082 2777 1220 2806; x_wconf 82' lang='grc' dir='ltr'>Γένεσθε.</span> <span class='ocrx_word' id='word_1_863' title='bbox 1234 2778 1279 2806; x_wconf 89' lang='lat' dir='ltr'><strong>Or.</strong></span> <span class='ocrx_word' id='word_1_864' title='bbox 1295 2779 1321 2810; x_wconf 78' lang='grc'>1,</span> <span class='ocrx_word' id='word_1_865' title='bbox 1339 2777 1454 2813; x_wconf 72' lang='grc' dir='ltr'>γίνεσθε,</span> 
     </span>
    </p>
   </div>
   <div class='ocr_carea' id='block_1_112' title="bbox 1025 2812 1544 2852">
    <p class='ocr_par' dir='ltr' id='par_1_112' title="bbox 1025 2812 1544 2852">
     <span class='ocr_line' id='line_1_115' title="bbox 1025 2812 1544 2852; baseline -0.008 -11"><span class='ocrx_word' id='word_1_866' title='bbox 1025 2812 1066 2852; x_wconf 73' lang='grc' dir='ltr'>η)</span> <span class='ocrx_word' id='word_1_867' title='bbox 1086 2814 1213 2852; x_wconf 71' lang='grc' dir='ltr'><strong>ᾉλῃθές.</strong></span> <span class='ocrx_word' id='word_1_868' title='bbox 1230 2812 1451 2852; x_wconf 26' lang='grc' dir='ltr'><strong>Ροτψμᾲληθῶμς.</strong></span> <span class='ocrx_word' id='word_1_869' title='bbox 1469 2813 1544 2852; x_wconf 53' lang='lat' dir='ltr'><strong>Eutr:</strong></span> 
     </span>
    </p>
   </div>
   <div class='ocr_carea' id='block_1_113' title="bbox 1011 2820 1755 2885">
    <p class='ocr_par' dir='ltr' id='par_1_113' title="bbox 1011 2820 1755 2885">
     <span class='ocr_line' id='line_1_116' title="bbox 1011 2820 1544 2884; baseline -0.011 -41"><span class='ocrx_word' id='word_1_870' title='bbox 1011 2820 1066 2884; x_wconf 42' lang='lat' dir='ltr'><strong>fit)</strong></span> <span class='ocrx_word' id='word_1_871' title='bbox 1086 2820 1213 2847; x_wconf 64' lang='grc' dir='ltr'><strong>Ἀληθές.</strong></span> <span class='ocrx_word' id='word_1_872' title='bbox 1230 2820 1451 2854; x_wconf 45' lang='grc' dir='ltr'>ιεότιο-ςαληυως.</span> <span class='ocrx_word' id='word_1_873' title='bbox 1469 2820 1544 2852; x_wconf 67' lang='grc' dir='ltr'><strong>1ι.1›1τΞ</strong></span> 
     </span>
     <span class='ocr_line' id='line_1_117' title="bbox 1024 2845 1755 2885; baseline -0.004 -8"><span class='ocrx_word' id='word_1_874' title='bbox 1024 2851 1067 2885; x_wconf 74' lang='lat'><strong>12)</strong></span> <span class='ocrx_word' id='word_1_875' title='bbox 1085 2850 1269 2885; x_wconf 54' lang='grc' dir='ltr'><strong>Ὲνέγεραξον.</strong></span> <span class='ocrx_word' id='word_1_876' title='bbox 1286 2849 1408 2885; x_wconf 37' lang='grc' dir='ltr'>διεκθεῖ</span> <span class='ocrx_word' id='word_1_877' title='bbox 1424 2848 1470 2885; x_wconf 85' lang='lat' dir='ltr'><strong>hu,</strong></span> <span class='ocrx_word' id='word_1_878' title='bbox 1498 2846 1602 2875; x_wconf 82' lang='lat' dir='ltr'><strong>CorsLl</strong></span> <span class='ocrx_word' id='word_1_879' title='bbox 1619 2850 1646 2874; x_wconf 88' lang='lat' dir='ltr'><strong>et</strong></span> <span class='ocrx_word' id='word_1_880' title='bbox 1661 2845 1755 2875; x_wconf 87' lang='lat' dir='ltr'><strong>Comb.</strong></span> 
     </span>
    </p>
   </div>
   <div class='ocr_carea' id='block_1_114' title="bbox 979 2883 1568 2920">
    <p class='ocr_par' dir='ltr' id='par_1_114' title="bbox 979 2883 1568 2920">
     <span class='ocr_line' id='line_1_118' title="bbox 979 2883 1568 2920; baseline -0.01 -5"><span class='ocrx_word' id='word_1_881' title='bbox 979 2887 1023 2915; x_wconf 85' lang='lat' dir='ltr'><strong>Sic</strong></span> <span class='ocrx_word' id='word_1_882' title='bbox 1041 2883 1124 2916; x_wconf 80' lang='lat' dir='ltr'><strong>etiam</strong></span> <span class='ocrx_word' id='word_1_883' title='bbox 1137 2883 1200 2920; x_wconf 75' lang='lat' dir='ltr'><strong>legit</strong></span> <span class='ocrx_word' id='word_1_884' title='bbox 1214 2884 1313 2912; x_wconf 84' lang='lat' dir='ltr'><strong>Billius.</strong></span> <span class='ocrx_word' id='word_1_885' title='bbox 1327 2884 1355 2912; x_wconf 92' lang='lat' dir='ltr'><strong>ln</strong></span> <span class='ocrx_word' id='word_1_886' title='bbox 1375 2883 1429 2917; x_wconf 85' lang='lat' dir='ltr'><strong>ed.,</strong></span> <span class='ocrx_word' id='word_1_887' title='bbox 1444 2884 1568 2920; x_wconf 77' lang='grc' dir='ltr'>ἔγραφον.</span> 
     </span>
    </p>
   </div>
  </div>
