2029 3127
239 182 293 212 ςκει

859 185 888 213 S.
909 185 1071 214 GREGURII
1091 186 1263 215 TllEOl.OGl

1807 189 1861 218 τοι

239 241 316 276 plura
344 239 402 267 loca
437 240 597 269 sanctiﬁccl.
625 241 669 268 Fit
694 240 792 268 .Iud:eis
819 245 946 276 tanquam
979 242 1026 269 Ju-

1083 243 1219 274 Ἰουδαίοις
1247 243 1284 274 ὼς
1321 243 1462 275 Ἰουδαῖος,
1488 244 1532 271 ἶνα
1557 244 1700 276 Ἰουδαίους
1727 245 1860 282 κερόἀνῃ·

239 287 322 316 datus,
340 290 369 312 ut
392 284 498 312 Iudaeos
509 285 660 313 lucrifaciat
676 294 683 312 :
704 286 756 317 Itis,
768 286 812 320 qui
823 287 872 313 sub
886 286 942 321 lege
953 291 1024 319 sunt,

240 335 366 364 tanquam
381 331 430 364 legi
445 331 581 364 subjectus
593 352 600 364 ,
623 337 651 358 ιιι
667 339 713 359 eos
723 352 731 363 ,
746 332 791 366 qtti
808 333 858 359 sub
872 332 929 366 lege
946 337 1024 366 sunt,

243 376 374 402 redimat:
389 376 514 407 inlirmis.
528 380 652 409 tanquam
668 375 800 408 infirmus,
811 380 839 402 ut
853 376 967 403 infirmis
980 384 1025 403 sa-

242 420 324 448 lutem
343 420 448 448 alierat.
472 421 569 448 Omnia
587 422 711 449 omnibus
731 422 855 454 ellicitur,
878 427 908 449 ut
931 430 1026 450 omnes

242 465 390 493 lucrifaciat
401 467 432 493 ".
449 467 518 499 Quid
539 467 609 497 dico,
624 466 740 494 omnibus
756 467 862 494 omnia?
876 467 931 494 lmo
949 476 1023 500 vero,

242 510 312 544 quod
324 509 422 537 Paulus
433 510 466 537 de
476 510 565 545 seipso
581 510 670 537 dicere
679 518 730 537 non
746 511 885 542 sustinuit,
901 512 952 538 hoc
964 511 1024 538 Sal-

241 556 328 582 vatori
345 555 489 591 contigisse
505 556 618 590 reperio.
637 555 693 583 Non
716 557 786 582 enim
802 555 909 584 Iudaeus
922 561 1023 584 tantum

241 600 367 632 eﬂicitttr,
383 607 431 628 nec
445 600 573 635 quidquid
598 601 773 627 ahsurdorum
794 606 819 628 et
842 602 1023 636 improborum

242 646 379 672 nominum
393 650 452 677 est,
479 645 505 672 in
531 654 559 673 se
578 646 679 680 recepit
693 654 700 672 :
718 646 783 677 sed,
802 646 873 680 quod
889 646 929 673 his
943 646 1025 682 65,6

240 691 365 718 omnibus
378 690 521 718 absurdius
541 695 591 723 est,
609 691 752 724 ipsumtnet
768 691 850 719 etiam
865 697 1023 726 peccatum,

241 742 268 764 et
282 737 396 772 ipsamet
413 737 585 770 maledictio;
603 745 655 764 non
670 738 740 772 quod
757 743 896 772 peccatum
911 738 964 770 sit.
976 739 1023 765 sed

241 783 311 817 quod
329 783 364 809 ita
379 783 542 810 ttomittetur.
557 782 615 816 Quo
631 783 702 810 enim
718 784 797 810 modo
810 789 948 816 peccatum
964 791 1024 811 esse

241 834 334 863 queat,
352 829 396 863 qui
411 836 460 856 nos
476 830 556 856 etiam
572 837 586 855 a
603 830 705 864 peccati
721 830 851 858 servitute
866 830 893 857 itt
912 830 1022 858 liberta-

242 879 296 901 tent
320 875 416 902 asserit
434 875 473 901 "1'
494 875 634 908 Quomodo
657 875 810 903 maledictio
823 897 830 908 ,
854 877 898 910 qui
917 883 932 902 a
957 876 1023 912 legis

1075 290 1131 319 τοῖς
1149 288 1202 315 ὑπὸ
1219 289 1310 322 νόμον,
1332 289 1370 320 ὡς
1391 289 1443 315 ὑπὸ
1466 290 1545 324 νόμον
1576 290 1641 325 (28),
1663 291 1705 316 ἵνα
1729 291 1791 322 τοὺς
1809 291 1862 317 ὑπὸ

1075 334 1157 368 νόμον
1179 334 1333 370 ἐξαγοράσῃ
1345 345 1351 350 ·
1369 337 1424 367 τοῖς
1448 336 1598 366 ἀσθενέσιν,
1617 337 1655 368 ὡς
1670 336 1796 372 ἀσθενὴς,
1819 338 1862 363 ἵνα

1074 380 1137 411 τοὺς
1157 380 1280 412 ἀσθενεῖς
1296 381 1379 416 σώσῃ.
1402 381 1510 408 Γίνεται
1526 382 1613 409 πάντα
1630 383 1721 414 πᾶσιν,
1740 383 1782 408 ἵνα
1799 382 1861 413 τοῖδς

1075 425 1178 456 πάντας
1201 426 1326 460 κερδάνῃ.
1341 427 1373 452 Τί
1386 426 1414 453 δὲ
1428 426 1509 460 λέγω,
1527 427 1590 460 τοῖς
1605 427 1679 454 πᾶσι
1695 427 1793 454 πάντα
1802 436 1812 459 ;
1827 428 1860 454 Ὃ

1077 471 1144 506 μηδὲ
1172 471 1277 503 Παῦλος
1297 471 1352 507 (29)
1379 472 1443 507 περ).
1460 473 1557 499 ἑαυτοῦ
1584 473 1639 507 (50)
1668 474 1797 508 ἠνέσχετο
1815 473 1860 498 εί-

1075 517 1145 548 πεῖν,
1172 516 1250 542 τοῦτο
1277 517 1395 552 εὑρίσκω
1415 518 1471 553 (51)
1498 519 1543 544 τὺν
1573 519 1686 553 Σωτῆρα
1712 519 1858 552 πάσχοντα.

1075 562 1112 588 Οὐ
1130 561 1184 597 γὰρ
1205 562 1330 594 Ἰουδαῖος
1346 563 1450 596 γίνεται
1476 564 1566 598 μόνον,
1589 564 1644 590 οὐδ’
1662 564 1711 590 ὅσα
1728 565 1780 590 τῶν
1800 564 1860 591 ἀτό-

1075 615 1133 632 πων
1149 607 1196 634 καὶ
1212 607 1358 642 μοχθηρῶν
1372 608 1510 643 ὀνομάτων
1525 609 1564 640 είς
1581 608 1676 635 ἑαυτὸν
1691 608 1858 644 ἀναδέχεται,

1074 651 1142 677 ἀλλὰ
1164 653 1211 678 xui
1224 652 1238 678 ὃ
1257 653 1360 679 τούτων
1381 654 1489 680 πάντων
1509 653 1697 689 ἀτοπώτερον,
1719 654 1765 680 xui.
1782 654 1860 680 αὐτο-

1074 697 1194 731 αμαρτία
1210 697 1256 723 xui
1276 698 1465 734 αὑτοκατάρα·
1479 699 1528 725 οὐκ
1552 699 1609 725 ἔστι
1627 699 1675 734 μὲν
1688 699 1753 734 (52),
1767 699 1859 726 ἀκούει

1073 741 1110 768 δέ.
1129 742 1190 774 Πῶς
1209 742 1262 778 γὰρ
1285 744 1417 779 ἁμαρτία,
1440 745 1453 771 ὁ
1478 744 1526 771 καὶ
1552 745 1626 779 ἡμᾶς
1651 745 1700 780 τῆς
1725 745 1860 780 ἁμαρτίας

1073 787 1240 824 ὲλευθερῶν;
1256 789 1314 821 πῶς
1329 790 1358 816 δὲ
1370 791 1485 825 κατάρα,
1497 791 1511 816 ὁ
1527 790 1699 825 ὲξαγοράζων
1717 791 1772 825 (55)
1788 792 1858 826 ἡμᾶς

1073 833 1105 859 ὲκ
1130 833 1178 868 τῆς
1206 835 1327 868 κατάρας
1351 835 1397 861 τοῦ
1424 835 1524 870 νόμου;
1546 836 1615 861 Ἀλλ’
1639 836 1682 862 ἵνα
1706 837 1753 863 καὶ
1780 837 1860 872 μέχρι

1072 877 1173 905 τούτων
1189 879 1219 906 τὸ
1244 880 1373 906 ταπεινὸν
1400 881 1584 916 ἐπιδείξηται,
1611 881 1704 908 τυπῶν
1730 883 1803 918 ἡμᾶς
1820 883 1860 914 είς

241 921 384 948 maledicto
401 929 449 949 nos
469 921 628 949 redimit"?
646 921 776 949 Nimirum
791 927 830 954 ut,
845 926 919 950 tanto
940 923 1025 950 humi-

1078 925 1238 951 ταπείνωσιν
1263 925 1311 951 τὴν
1333 925 1416 960 ὕψους
1443 927 1582 962 πρόξενον.
1599 928 1686 963 Ὀπερ
1711 926 1758 954 οὖν
1773 926 1859 960 εἷπον,

241 965 324 994 litatis
339 967 412 994 edito
435 972 608 1002 argumento,
633 975 682 995 nos
702 969 734 995 ad
755 969 836 995 animi
864 969 1021 996 submissio-

242 1019 302 1039 netn
313 1033 321 1044 ,
342 1021 402 1047 qua:
418 1013 611 1041 sublimitatem
628 1014 708 1048 parit,
725 1015 858 1041 instituat.
873 1013 917 1041 Fit
932 1015 1022 1049 igitur,

241 1059 466 1093 quemadmodum
481 1059 548 1090 dixi,
562 1059 690 1093 piscator,
705 1060 738 1087 ad
749 1067 843 1087 omnes
854 1068 883 1087 se
897 1060 1022 1094 demittit,

241 1103 391 1131 everriculo
413 1104 508 1137 utitur,
533 1104 625 1132 omnia
643 1105 754 1138 perfert,
771 1110 799 1131 ut
816 1106 916 1139 piscem
931 1113 946 1132 e
960 1114 1023 1139 pro-

1076 970 1167 1001 ἁλιεὺς
1199 971 1320 1005 γίνεται,
1351 973 1417 998 πᾶσι
1445 973 1672 1005 συγκαταδαίνει,
1697 973 1859 1008 σαγηνεύει,

1077 1015 1164 1042 πάντα
1177 1016 1277 1051 στέγει,
1292 1017 1324 1042 ἵν’
1339 1017 1395 1052 (54)
1408 1019 1440 1043 ὲκ
1455 1017 1553 1052 βάθους
1565 1018 1610 1044 τὸν
1625 1018 1699 1054 ἰχθὺν
1717 1019 1859 1055 ἀνενέγκῃ,

1077 1061 1122 1088 τὴν
1145 1063 1294 1098 νηχόμενον
1321 1064 1350 1089 ἐν
1370 1064 1426 1094 τοῖς
1448 1064 1575 1096 ἁστάτοις
1598 1065 1646 1091 xui
1662 1065 1798 1100 ἁλμυροῖς·
1815 1063 1860 1092 τοῦ

1078 1107 1135 1142 βίου
1154 1108 1273 1144 κύμασιν
1286 1109 1440 1144 ἄνθρωπον.

241 1149 323 1176 fundo
348 1150 481 1183 extrahat,
504 1150 626 1184 atquein
646 1150 730 1177 altum
747 1150 850 1183 elferat,
875 1151 1009 1178 hominem
1030 1152 1134 1180 scilicet
1165 1154 1191 1181 in
1211 1155 1378 1182 ittstahilibus
1393 1160 1420 1182 et
1438 1155 1516 1183 salsis
1532 1155 1612 1190 hujus
1643 1155 1705 1183 vita
1738 1155 1862 1184 ﬂuctibus

241 1202 390 1224 natantem.

277 1243 308 1270 ll.
328 1244 459 1276 Quocirca
472 1251 543 1271 nunc
553 1251 670 1278 quoque.
683 1247 820 1276 postquam
834 1244 1022 1270 consummavit

1111 1244 1151 1272 B’.
1169 1243 1216 1270 Διὰ
1232 1243 1311 1270 τοῦτο
1329 1244 1384 1279 (55)
1401 1245 1448 1271 xui
1463 1244 1521 1276 νῦν,
1534 1244 1583 1271 ὅτε
1590 1244 1712 1271 ἐτέλεσε
1725 1243 1780 1278 (56)
1793 1242 1862 1276 τοὺς

241 1288 288 1315 llos
306 1296 449 1321 sermones,
471 1289 592 1323 migravit
611 1297 627 1314 a
644 1287 767 1319 Gali/(ra,
783 1293 806 1314 et
829 1289 894 1314 venit
909 1290 942 1314 nd
958 1289 1023 1323 ﬁnes

1078 1289 1184 1323 λόγους
1200 1289 1334 1321 τούτους,
1343 1289 1473 1323 μετῆρεν
1484 1290 1538 1324 (57)
1551 1290 1608 1316 ἀπὸ
1623 1289 1676 1322 τῆς
1688 1289 1860 1321 Γαλιλαίας.

241 1334 343 1361 ludam:
357 1339 430 1361 trans
447 1334 601 1361 lardunem.
619 1335 647 1361 ln
666 1334 803 1362 Galilaeam
821 1342 849 1361 se
865 1333 980 1367 confert,
996 1339 1025 1361 ιιι

1079 1336 1127 1361 καὶ
1139 1333 1282 1368 ﬁlim-alr;
1292 1334 1326 1361 τὰ
1337 1334 1402 1367 ὅρια
1413 1335 1466 1369 τῆς
1475 1335 1616 1367 Ἰουδαίας
1627 1335 1721 1368 πέραν
1729 1335 1781 1361 τοῦ
1794 1335 1861 1368 Ἰορ-

242 1381 371 1415 pupulus,
388 1381 432 1415 qui
455 1381 534 1408 sedeb
543 1386 566 1408 ιι
587 1381 612 1407 itt
631 1381 765 1413 tenebris,
787 1380 873 1406 lut-etn
900 1388 1022 1415 magnam

1078 1379 1178 1405 δάνον.
1194 1379 1336 1411 Γαλιλαίας
1352 1379 1479 1414 ἐπιδημεῖ
1491 1379 1590 1413 καλῶς,
1604 1379 1748 1411 ἴναόλαὸς,
1767 1380 1781 1405 ὁ
1798 1378 1862 1405 καθ-

244 1426 366 1453 videat".
385 1425 412 1452 ltt
425 1426 543 1453 Judazam
561 1426 666 1461 migrat,
681 1426 806 1460 quoillttd
823 1426 899 1452 nobis
914 1433 1024 1460 persua-

1076 1424 1177 1458 ήμενος
1191 1424 1219 1449 ὲν
1237 1423 1341 1456 σκύτει,
1357 1423 1399 1459 ἴδῃ
1414 1424 1471 1458 φῶς
1489 1424 1560 1459 μέγα
1573 1424 1639 1459 (58).
1668 1424 1714 1455 Εἰς
1735 1423 1783 1459 τὴν
1800 1424 1863 1449 Ἰου-

242 1472 320 1504 deat,
338 1477 364 1498 ut
380 1479 395 1498 a
408 1472 496 1499 littera
517 1479 708 1506 exsurgamus,
729 1479 761 1498 ac
777 1471 900 1506 spiritum
927 1478 1025 1505 sequa-

1078 1469 1153 1495 δαίαν
1167 1467 1338 1504 μεθίσταται,
1353 1469 1396 1495 ἵνα
1418 1469 1500 1505 πείσῃ
1519 1469 1565 1495 τοῦ
1585 1469 1746 1504 γράμματος
1768 1468 1863 1500 ἐξανα-

244 1525 312 1544 ntttr.
328 1517 403 1544 Nunc
429 1518 454 1544 itt
471 1522 563 1544 monte
577 1517 655 1543 docet
666 1518 700 1549 ¹¹,
722 1525 793 1544 nunc
807 1517 833 1543 itt
855 1516 942 1550 planis
959 1517 1024 1544 locis

243 1561 350 1588 disserit
363 1561 396 1592 “,
412 1568 481 1587 nunc
497 1561 523 1586 in
542 1560 693 1586 naviculam
710 1560 807 1587 transit
821 1560 854 1591 “,
871 1568 941 1587 ttuuc
956 1565 1024 1586 lell-

243 1611 373 1640 pestatem
398 1605 520 1639 increpat
542 1604 576 1631 “.
602 1604 672 1637 Quin
698 1605 747 1632 hac
773 1612 879 1640 quoque
908 1604 1024 1632 fortasse

243 1650 347 1677 ratione
366 1657 490 1677 somnum
516 1650 589 1684 capit
602 1651 635 1683 ",
656 1655 684 1676 ut
706 1657 830 1677 somnum
861 1650 1023 1677 benedicat:

243 1695 358 1722 furuisse
373 1696 453 1722 etiam
471 1695 596 1729 fatigatur
611 1695 646 1727 ",
670 1700 699 1721 ut
721 1694 906 1730 fatigationem
927 1695 1026 1722 sancti-

245 1741 326 1768 licet:
346 1739 461 1767 fortasse
480 1740 560 1767 etiattt
594 1739 727 1775 lacryntas
754 1740 849 1773 futtdit,
879 1747 907 1767 ut
939 1740 1026 1775 lacry-

244 1794 302 1814 mas
316 1786 463 1813 laudabiles
480 1787 584 1814 reddat.
603 1786 641 1813 Ex
658 1786 724 1814 locis
745 1786 771 1812 itt
787 1786 845 1813 loca
861 1785 967 1819 transit,
981 1787 1026 1820 qui

246 1833 318 1860 nullo
330 1832 381 1861 loci
402 1834 488 1868 spatio
503 1834 666 1865 continetur,
683 1833 735 1864 ille,
753 1833 872 1868 inquam,
887 1834 1025 1868 tentporis,

244 1882 271 1904 e:
295 1879 424 1912 corporis,
443 1883 469 1906 et
485 1878 745 1913 circumscriptionis
763 1884 870 1912 expers.
892 1877 981 1910 Idem,
1001 1882 1028 1905 et

245 1929 304 1952 erat
329 1930 355 1952 et
376 1925 424 1952 fit:
443 1930 470 1952 et
490 1932 570 1959 supra
597 1930 702 1958 tempus
719 1919 796 1957 erat,
812 1928 840 1950 et
859 1923 908 1950 sub
923 1928 1028 1957 tempus

244 1971 337 2003 venit;
354 1975 381 1998 et
403 1971 543 1998 invisibilis
560 1975 618 1997 erat
631 1991 639 2003 ,
657 1975 684 1996 et
703 1971 818 1997 videtur.
846 1968 880 1996 In
901 1970 1028 2004 principio

245 2022 312 2048 erat,
327 2022 351 2044 et
364 2018 433 2052 apud
448 2016 530 2044 Deum
541 2022 607 2050 eral,
620 2022 644 2043 et
658 2016 726 2043 Deus
733 2021 788 2042 erat
801 2015 935 2042 ".Tertio
953 2023 1030 2049 repe-

246 2063 315 2090 ritur
337 2063 386 2090 ltoc
403 2065 515 2090 verbum
525 2083 533 2095 ,
548 2067 602 2090 erat
614 2083 622 2096 ,
643 2067 671 2089 ut
687 2069 801 2089 numero
815 2061 874 2096 ipso
886 2061 1030 2088 confirme-

247 2112 299 2135 tur.
314 2108 342 2135 ld
359 2108 429 2143 quod
450 2112 526 2140 erat,
550 2107 717 2134 exinanivit:
735 2107 760 2134 id
772 2127 779 2139 ,
798 2107 869 2142 quod
882 2115 935 2133 nort
952 2111 1028 2139 erat,

281 2166 331 2192 "'l
360 2165 420 2192 Cor.
453 2174 489 2198 Ix,
512 2165 607 2192 20-22.
660 2165 683 2181 ¹⁸
703 2165 780 2191 Ιὶοιιι.
806 2173 846 2197 Vl,
878 2164 927 2193 l8.
953 2165 997 2191 29..

1061 2166 1081 2181 ¹⁹
1101 2165 1186 2192 Calai.
1218 2173 1264 2198 Ill,
1288 2167 1330 2193 15.

1075 1513 1208 1545 στάντας,
1234 1514 1415 1549 ἀκολουθῆσαι
1433 1515 1473 1549 τῷ
1490 1515 1635 1550 πνεύματι.
1661 1514 1718 1541 Νῦν
1744 1514 1793 1549 μὲν
1819 1514 1862 1540 ἐπ’

1074 1559 1153 1594 ὅρους
1172 1558 1302 1592 διδάσκει,
1317 1559 1364 1585 νῦν
1384 1559 1412 1585 δὲ
1431 1560 1459 1586 ὲν
1475 1559 1578 1591 πεδίοις
1598 1559 1761 1593 διαλέγεται,
1775 1559 1822 1585 νῦν
1835 1559 1863 1585 δὲ

1075 1605 1115 1636 είς
1135 1604 1227 1630 πλοῖον
1249 1604 1417 1640 μεταϐαίνει,
1437 1605 1484 1631 νῦν
1498 1605 1526 1632 δὲ
1540 1606 1654 1640 ἐπιτιμᾷ
1669 1605 1772 1636 ζάλαις.
1788 1605 1863 1639 Τάχα

1076 1650 1123 1676 xui
1145 1648 1229 1676 ὕπνον
1246 1649 1363 1684 δέχεται,
1380 1650 1424 1677 ἵνα
1440 1650 1487 1677 καὶ
1512 1650 1596 1676 ὕπνον
1620 1651 1771 1686 εὐλογὴσῃ·
1794 1650 1864 1684 τάχα

1075 1695 1122 1722 xui
1136 1696 1228 1730 κοπιᾷ,
1242 1696 1286 1722 ἵνα
1303 1696 1350 1722 xui
1369 1696 1415 1722 τὸν
1428 1697 1509 1722 τόπον
1531 1696 1632 1732 ἁγιάσῃ
1644 1703 1652 1712 ·
1667 1696 1738 1731 τάχα
1758 1696 1804 1722 καὶ
1819 1695 1864 1722 δα-

1076 1741 1164 1777 κρύει,
1182 1742 1226 1768 ἴνα
1242 1741 1272 1768 τὸ
1293 1742 1409 1777 δάκρυον
1429 1742 1568 1770 ἐπαινετὸν
1592 1743 1792 1778 ἀπεργάσηται,
1809 1741 1865 1768 Με-

1076 1787 1198 1814 ταὸαίνει
1214 1787 1296 1814 τόπον
1309 1789 1339 1814 ὲκ
1357 1787 1441 1814 τόπου
1460 1788 1514 1823 (59)
1530 1789 1544 1814 ὁ
1558 1789 1651 1824 μηδενὶ
1671 1789 1744 1823 τόπῳ
1762 1787 1864 1823 χωρού-

1078 1841 1174 1869 μενος,
1196 1833 1210 1859 ὸ
1231 1833 1358 1868 ἄχρονος,
1382 1833 1396 1859 6
1415 1833 1566 1868 ἀσώματος,
1588 1834 1602 1859 ὁ
1619 1833 1812 1869 ἀπερίληπτος.
1834 1831 1865 1859 ’0

1077 1878 1168 1911 αὐτὸς,
1183 1878 1230 1904 xui
1241 1876 1285 1913 ἦν,
1299 1879 1346 1904 καὶ
1363 1878 1484 1911 γίνεται·
1502 1878 1549 1905 xui
1567 1878 1637 1913 ὑπὲρ
1650 1878 1744 1913 χρόνον
1757 1876 1801 1913 ἦν,
1818 1878 1864 1904 καὶ

1078 1924 1131 1950 ὑπὸ
1149 1923 1243 1959 χρόνον
1267 1923 1392 1959 ἔρχεται·
1417 1924 1464 1950 xui
1480 1924 1593 1959 ἀόρατος
1616 1922 1660 1959 ἦν,
1683 1924 1730 1950 καὶ
1755 1925 1863 1960 ὁρᾶται.

1085 1972 1132 1997 Ἐν
1150 1970 1228 2005 ἀρχῇ
1251 1969 1300 2005 ἦν,
1316 1970 1363 1997 καὶ
1382 1971 1457 2004 πρὸς
1479 1970 1533 1998 τὸν
1554 1973 1628 1998 Θεὸν
1646 1970 1694 2006 ἦν,
1716 1973 1765 1999 καὶ
1794 1973 1865 2005 Θεὸς

1078 2014 1127 2050 ἦν.
1147 2017 1245 2052 Τρίτον
1261 2016 1301 2048 τὸ,
1316 2014 1365 2051 ἦν,
1380 2016 1419 2051 τῷ
1441 2016 1550 2052 ἀριθμῷ
1565 2017 1765 2053 βεὸαιούμενον.
1785 2020 1818 2045 "O
1831 2016 1865 2053 ἦν

1080 2062 1198 2088 ἑκένωσε
1214 2062 1282 2096 (40),
1299 2063 1346 2089 xui
1362 2062 1376 2088 ὃ
1400 2062 1437 2097 μὴ
1457 2061 1491 2097 ἦν
1513 2063 1677 2099 προσέλαὸεν
1687 2072 1694 2079 ·
1710 2065 1741 2090 οὐ
1757 2064 1804 2090 δύο
1817 2073 1864 2098 γε-

1080 2107 1193 2142 νόμενος
1216 2107 1284 2142 (41),
1305 2108 1362 2134 ἀλλ’
1375 2108 1404 2134 ἒν
1420 2109 1453 2135 ἐκ
1473 2109 1527 2135 τῶν
1541 2109 1588 2135 δύο
1609 2108 1734 2143 γενέσθαι
1751 2109 1866 2145 ἀνασχό-

1383 2167 1406 2182 “
1426 2168 1477 2195 lsa.
1494 2175 1533 2200 ιι,
1556 2167 1582 2194 2.
1635 2168 1656 2183 ¹¹
1677 2167 1772 2195 Matth.
1796 2175 1821 2201 ν,
1839 2167 1863 2194 1-

245 2201 270 2217 ⁹⁹
288 2200 355 2228 Luc.
371 2209 408 2232 γι,
421 2201 465 2228 17.
503 2202 526 2216 ’³
538 2201 620 2227 Marc.
633 2208 671 2233 tv,
684 2201 727 2227 58.
755 2200 778 2216 ⁸⁸
791 2200 855 2226 ibid.
875 2200 899 2215 ³⁵
910 2199 988 2226 Joau.
1012 2208 1026 2226 l‘

1078 2201 1098 2227 5.
1135 2201 1158 2216 "
1172 2199 1249 2227 Joatt.
1273 2209 1308 2232 χι,
1330 2202 1374 2229 55.
1414 2203 1435 2218 ¹⁷
1454 2199 1531 2230 Joan.
1551 2211 1570 2235 ι,
1592 2203 1618 2229 Ι.

281 2258 338 2297 (‘28)
361 2259 408 2292 Ὡς
419 2259 478 2287 ὑπὸ
495 2261 568 2294 νόμο
576 2269 602 2287 ν.
623 2261 668 2289 Sic
692 2261 745 2289 duo
763 2261 846 2296 Begg.
862 2265 889 2288 et
909 2260 991 2288 Coisl.
1004 2261 1026 2288 5.

1120 2262 1175 2297 (33$)
1189 2262 1240 2288 Διὰ
1255 2262 1351 2290 τοῦτο.
1371 2261 1427 2290 Duo
1438 2262 1531 2296 Coisl.,
1547 2267 1662 2297 quatuor
1673 2261 1762 2294 Colb.,
1774 2262 1821 2290 υτ.
1839 2262 1864 2295 1,

246 2293 308 2321 Haec
324 2293 418 2321 desunt
439 2297 464 2321 in
476 2296 518 2321 ed.

245 2329 338 2389 λθἐῖῡ)
357 2331 390 2356 ’0
411 2329 488 2364 μηδὲ
501 2330 629 2364 Παῦλος.
656 2331 737 2358 Cois].
751 2331 777 2363 1,
802 2331 870 2367 ὅπερ
887 2331 934 2358 καὶ
957 2330 1032 2358 Παῦ-

261 2372 341 2442 figo)
358 2399 494 2439 Ἑαυτοῦ,
523 2400 567 2427 Sic
580 2400 646 2434 Reg.
662 2401 717 2430 hm.
744 2399 792 2428 0r.
810 2400 823 2427 t
848 2406 875 2428 et
893 2401 986 2428 Comlt.
1003 2401 1031 2428 ln

245 2435 446 2506 89233310:er
460 2470 597 2503 εὑρίσκω.
617 2469 702 2498 Coisl.
724 2470 749 2502 l,
768 2470 863 2497 τούτου
880 2470 935 2506 γὰρ
951 2470 1031 2497 πλέον

245 2504 375 2539 εὑρίσκω,
393 2513 402 2528 ι
416 2505 519 2538 plenius
531 2506 619 2531 adhuc
632 2505 742 2538 reperio.
758 2514 767 2531 ι

282 2539 336 2573 (32)
352 2540 413 2566 Οὐκ
431 2539 497 2566 ἐστι
510 2539 576 2574 μέν,
596 2543 647 2566 etc.
680 2539 739 2565 Bill.
765 2548 772 2566 :
792 2548 801 2565 ι
817 2540 921 2566 tametsi
951 2539 1030 2573 falso,

247 2574 411 2601 nominatur.
425 2583 435 2600 ι
453 2574 570 2601 Probare
584 2582 636 2601 non
657 2582 797 2608 possumus
812 2574 880 2602 hanc
895 2575 944 2601 viri
960 2575 1031 2602 docti

247 2609 506 2650 interpretationem.
529 2608 654 2649 Christus
668 2610 862 2650 'qt't‘idetnmnec
893 2615 1031 2650 peccatum

248 2643 321 2674 fecit,
337 2650 386 2670 nec
400 2643 488 2670 facere
502 2645 602 2678 potuit;
629 2644 674 2671 sed
704 2644 773 2671 Deus
788 2644 861 2670 illutn
880 2652 927 2677 pro
957 2645 1034 2672 nobis

248 2683 386 2717 peccatum
409 2679 484 2717 fecit.
511 2678 692 2717 Metapltorice
718 2679 798 2713 igitur
821 2685 958 2717 peccatum
982 2679 1034 2717 fuit

248 2712 463 2774 Qﬂristusﬁ'useu
478 2714 565 2741 hostia
583 2712 637 2749 ’pro
665 2712 791 2748 peccato;
809 2712 879 2749 quod
892 2715 1035 2742 excludere

248 2755 274 2774 vt
294 2753 352 2774 etnr
389 2756 395 2774 I
419 2755 467 2774 IIIS.

251 2782 342 2842 ed(3:5)
364 2783 390 2808 '0
409 2782 602 2817 ὲξαγοράζων.
633 2783 679 2812 Sic
702 2783 767 2819 Reg.
794 2783 850 2811 bm.
875 2783 954 2811 Deest
969 2784 983 2810 ό
1008 2784 1034 2811 in

287 2833 343 2884 (54)
356 2852 525 2893 garris-sust,
540 2852 637 2893 ίτάντα
655 2854 763 2889 στέγει,
780 2854 830 2887 ἵν’,
842 2858 892 2882 ctc.
911 2853 992 2882 Coisl.
1008 2854 1035 2887 l,

254 2888 397 2922 σαγηνεύει
417 2888 529 2921 πάντας,
542 2888 594 2915 ἴνα.

1084 2302 1148 2325 clc..
1168 2298 1212 2323 διὰ
1227 2297 1329 2325 τοῦτον.

1121 2333 1176 2367 (56)
1193 2333 1256 2359 Ὅτε
1275 2333 1405 2359 ἐτέλεσε.
1423 2333 1468 2361 Sic
1486 2332 1575 2367 plures
1585 2332 1668 2367 Ἆρες.
1685 2336 1712 2359 et
1719 2330 1806 2364 Colb.,
1818 2331 1865 2360 0r.

1085 2367 1112 2399 1,
1127 2374 1178 2393 etc.
1194 2367 1271 2393 Deest
1284 2367 1328 2393 ὅτε
1344 2368 1368 2392 in
1385 2369 1427 2395 ed.

1120 2402 1176 2436 (37)
1192 2401 1334 2437 Metﬂper.
1357 2402 1421 2437 Reg.
1436 2403 1491 2434 hut,
1505 2401 1644 2437 μετῆλθεν.

1120 2438 1175 2471 158)
1193 2436 1257 2468 Φῶς
1270 2436 1355 2471 μέγα.
1378 2436 1433 2464 Duo
1449 2436 1530 2465 Coisl.
1557 2443 1584 2463 et
1601 2438 1652 2464 duo
1667 2437 1741 2464 Colb.
1755 2436 1866 2468 addunt,

1084 2472 1133 2506 τῆς
1149 2471 1330 2505 ὲπιγνώσεώς,
1362 2480 1505 2507 ttnagnatn
1532 2473 1617 2499 lucettt
1647 2473 1746 2500 notitiae
1771 2472 1816 2498 Dei
1836 2478 1868 2498 ac

1084 2507 1154 2534 fidei.
1168 2516 1176 2532 ι

1100 2541 1174 2602 ό(59)
1195 2541 1242 2568 Ἐκ
1266 2542 1369 2568 τόπου.
1387 2541 1432 2568 Sic
1446 2541 1528 2569 Coisl.
1543 2541 1560 2568 5
1583 2545 1610 2568 et
1622 2540 1668 2569 0r.
1682 2542 1706 2568 l.
1726 2541 1755 2568 ltt
1766 2541 1822 2574 ed.,
1836 2542 1868 2566 ὲκ

1116 2585 1183 2602 πων.

1084 2585 1183 2602 τοπων.

1121 2611 1177 2645 (40)
1207 2612 1237 2637 Ὂ
1257 2609 1296 2645 ἦν
1319 2611 1458 2639 exercitus.
1487 2621 1496 2636 ε
1509 2610 1584 2644 Quod
1607 2615 1666 2637 erat
1686 2610 1841 2637 exinauivit.
1855 2618 1864 2634 ι

1087 2645 1243 2680 Ilujusmodi
1259 2646 1422 2672 locutionum
1445 2647 1647 2680 explicationem
1668 2646 1760 2672 vitleitt
1780 2645 1868 2670 liltello

1088 2681 1204 2714 Leporii,
1221 2679 1321 2707 Coucil.
1341 2686 1405 2708 tom.
1429 2681 1460 2712 ll,
1481 2679 1541 2715 pag.
1560 2680 1623 2706 1681
1651 2684 1677 2707 et
1702 2680 1727 2706 in
1751 2680 1869 2706 celeber-

1089 2715 1155 2742 rima
1173 2715 1201 2742 S.
1219 2715 1315 2741 Leonis
1326 2718 1358 2741 ad
1374 2715 1527 2742 Flavianum
1546 2716 1635 2748 episl.,
1652 2722 1710 2748 cap.
1728 2715 1754 2740 ὅ.

1125 2750 1180 2784 (41)
1199 2750 1240 2776 οὐ
1255 2750 1309 2776 δύο
1323 2751 1489 2785 γενόμενος,
1509 2755 1559 2785 etc.
1577 2758 1586 2774 t
1598 2749 1654 2776 Non
1674 2749 1726 2785 duo
1750 2749 1846 2785 factus,
1858 2756 1868 2773 ι

1089 2785 1164 2818 quasi
1184 2785 1296 2812 seorsittt
1323 2791 1350 2810 et
1375 2787 1427 2811 duo
1453 2786 1510 2811 lilii.
1526 2784 1593 2811 Vere
1620 2784 1719 2810 ctenint
1734 2784 1870 2818 Christus,

1089 2817 1148 2846 curn
1161 2820 1186 2846 in
1203 2820 1259 2853 ipso
1275 2820 1333 2846 dum
1361 2820 1416 2846 sint
1443 2825 1558 2850 uaturm,
1574 2818 1807 2853 compositusest;
1824 2817 1871 2853 sed

1090 2862 1158 2890 unus
1175 2859 1277 2890 tantum
1294 2862 1325 2881 ex
1337 2855 1475 2890 ult-iusque
1491 2858 1592 2881 natura:
1607 2852 1802 2887 cotttpositione
1813 2852 1871 2880 efﬂ-

1089 2889 1158 2917 citur
1171 2888 1301 2917 Christus.
