2029 3127
142 165 196 195 285

620 172 748 202 ORATIO
765 174 979 206 XXXVII.—IN
997 177 1127 207 MATTH.
1146 179 1215 214 XlX,
1237 179 1310 208 ι-ις.

1712 179 1766 209 ΞΒϐ

145 232 235 273 μενος.
261 223 331 273 ρεὺς
344 225 414 273 ἓγὰρᾼ
429 227 586 273 (ἀμφότερα,
603 229 633 256 τό
656 239 686 257 τε
705 231 869 267 προσλαϐὸν,
886 235 931 260 καὶ

983 237 1147 270 assumpsit:
1163 242 1215 265 non
1236 237 1289 265 duo
1313 237 1421 270 factus,
1439 238 1485 265 sed
1507 245 1589 266 unum
1611 245 1645 266 ex
1666 238 1763 273 duplici

142 269 174 296 τὺ
192 269 382 306 προσληφθέν·
404 271 451 298 δύο
476 274 572 307 φύσεις
596 275 636 307 εἰς
662 276 691 303 ἒν
713 278 930 314 συνδραμοῦσαι,

143 315 192 359 ob]
212 315 267 341 υἱοὶ
288 316 335 342 δύο
347 325 354 332 ⁶
377 316 414 352 μὴ
437 319 646 353 καταψευδέσθω
665 322 681 356 ὴ
699 322 850 358 σύγκρασις
864 325 931 359 (42).

144 357 228 392 Οὗτος
245 361 260 386 ό
276 361 444 395 τηλικοῦτος,
460 364 474 390 ό
489 364 615 397 τοσοῦτος
625 373 633 380 ’
657 366 724 394 ἀλλὰ
743 357 776 394 τι
792 357 931 404 πέπονθίις

143 406 229 433 Πάλιν
247 407 416 442 ἐμπέπτωκε
430 409 469 441 εις
484 410 642 445 ἀνθρώπινα
659 413 780 448 ῥήματα.
796 414 859 446 Πῶς
879 415 932 452 γὰρ

142 452 172 478 τὸ
187 452 290 479 ἁπλοῦν
311 454 454 486 τοσοῦτον;
475 455 532 487 πῶς
551 456 579 483 δὲ
596 457 625 483 τὸ
644 457 745 485 ἄποσον
758 460 930 495 τηλικοῦτονς

148 498 228 525 Ἀλλὰ
253 499 313 525 δότε
340 500 504 536 συγγνώμην
530 501 569 536 τῷ
588 503 673 539 λόγῳ·
704 505 812 541 ὀργάνῳ
839 506 933 542 βραχεῖ

143 545 279 579 περὶτῶν
305 546 441 580 μεγίστων
465 547 629 584 φθέγγομαι,
648 551 702 577 Καὶ
726 551 806 578 τοῦτο
832 553 900 579 οἴσει
917 555 932 580 ό

143 589 238 620 πολὺς.
256 590 271 616 ὖ
287 589 472 625 μακρόθυμος,
493 593 509 627 ἡ
524 593 642 625 ἀνείδεος
660 594 740 628 φύσις
757 596 804 622 καὶ
821 597 932 632 ἀσώμα-

142 644 198 667 τος,
209 636 273 667 τοὺς
287 636 325 667 ὡς
346 636 410 672 περὶ
424 636 547 672 σώματος
566 639 613 665 καὶ
627 641 675 675 τῆς
693 641 822 675 ἀληθείας
836 642 931 677 λόγους

141 681 353 716 ἀσθενεστέρους
368 682 433 717 (45).
447 683 478 709 Ei
495 683 550 720 γὰρ
574 685 663 721 σάρκα
686 686 804 721 ἐδέξατο,
822 688 869 714 καί
884 688 930 715 τὸν

140 725 262 752 τοιοῦτον
278 726 391 762 φέρεται
407 726 463 762 (44)
484 727 573 762 λόγον.

982 285 1077 309 natura
1094 282 1150 309 ﬁeri
1171 283 1321 311 sustinens.
1339 283 1427 310 Ambo
1439 283 1511 310 enim
1527 283 1607 316 Deus.
1621 284 1765 317 nimirum,

981 327 1052 361 quod
1073 329 1219 363 assumpsit
1231 349 1238 360 ,
1256 335 1283 356 et
1295 330 1365 364 quod
1381 334 1547 364 assumptum
1562 334 1602 357 est
1619 339 1626 357 :
1642 330 1701 358 dure
1718 337 1766 357 ua-

983 377 1049 400 turze
1062 372 1090 399 iu
1106 381 1186 400 unum
1213 379 1419 408 concurrentes,
1434 382 1486 401 non
1501 375 1552 402 duo
1579 374 1625 402 ﬁlii
1658 382 1690 400 ne
1705 374 1768 401 falsi

982 422 1045 445 nota
1064 423 1200 452 prematur
1216 419 1310 446 unitio.
1349 418 1398 446 Hic
1426 419 1470 454 qui
1488 423 1578 446 tantus
1591 423 1643 452 est,
1658 423 1766 452 tamque

982 471 1096 497 magnus
1111 473 1119 491 -.
1139 464 1185 491 sed
1205 465 1269 499 quid
1284 464 1352 498 ago!
1374 464 1479 492 Rursus
1495 464 1522 492 in
1547 465 1665 492 lmmana
1683 464 1764 490 verba

982 509 1122 544 prolapsus
1137 517 1208 537 sum.
1229 509 1287 542 Quo
1302 510 1373 537 enim
1391 509 1480 542 modo,
1497 511 1569 545 quod
1585 510 1698 544 simplex
1713 514 1765 541 est,

983 559 1084 582 tantum
1101 562 1161 582 esse
1176 555 1284 590 potest?
1300 555 1358 588 Quo
1378 556 1440 582 item
1463 557 1552 587 modo,
1569 555 1639 589 quod
1658 555 1767 589 quanti—

986 603 1066 625 tatem
1090 598 1190 632 nescit,
1217 605 1296 626 tautae
1316 600 1526 635 magnitudinis?
1542 600 1594 626 Sed
1611 600 1691 627 dictis
1716 606 1766 626 no-

984 643 1057 675 stris,
1076 651 1184 678 quzeso,
1210 644 1342 678 ignoscite
1360 653 1367 671 :
1393 652 1494 680 organo
1515 645 1612 680 exiguo
1632 645 1664 672 de
1685 644 1766 672 rebus

983 690 1109 716 maximis
1122 689 1203 725 647
1220 691 1324 724 loquor.
1346 689 1434 725 Atque
1451 691 1501 718 hoc
1521 691 1590 718 feret
1603 691 1702 718 utullus
1720 690 1767 717 ille

982 738 1008 760 et
1025 733 1196 767 longanimis,
1209 739 1305 761 natura
1320 734 1364 761 illa
1378 734 1471 762 formae
1483 739 1511 763 et
1524 735 1645 770 corporis
1656 742 1765 769 expers,

142 773 224 806 quod.
236 773 309 800 velut
322 773 356 801 de
367 781 480 809 corpore
493 775 616 811 loquens,
631 777 826 807 inﬁrmioribus
839 780 929 808 verbis
948 785 1019 814 utar,
1035 789 1116 816 quam
1135 782 1236 810 veritas
1253 782 1309 817 ipsa
1327 782 1452 816 postulet.
1468 781 1534 808 Nam
1563 789 1624 808 cum
1655 787 1765 808 carnem

141 820 302 854 susceperit,
320 821 412 856 utique
423 826 452 849 et
465 822 616 856 hujusmodi
631 830 782 851 sermonem
801 825 928 859 perferet.

175 867 211 894 1'".
231 869 287 894 Kal
295 869 594 904 ὴκολούθησαναὺτῷ
601 870 686 905 ὄχλοι
692 872 800 899 πολλοὶ
809 872 931 908 (45),?«12

1018 873 1065 899 IlI.
1086 870 1121 897 Et
1134 875 1229 898 secuta;
1248 875 1309 897 sunt
1324 878 1381 897 eum
1395 870 1477 897 turbae
1496 869 1585 896 multis
1597 889 1605 901 ,
1621 873 1646 896 et
1667 867 1765 895 curavit

140 912 344 947 ἐθεράπευσεν
354 914 466 948 αὐτοὺς
475 915 546 948 ἐκεῖ,
561 915 625 942 ἔνθα
642 916 762 953 πλείωνή
770 918 818 953 ὲρη
824 919 882 953 μία..
899 919 930 945 Et

141 959 189 986 ἐπὶ
205 959 254 994 τῆς
272 959 341 991 ἰδίας
366 960 458 996 ἔμεινε
485 961 638 997 περιωπῆς,
661 962 685 988 ει
711 962 748 998 μὴ
775 963 929 999 συγκατέῦη

140 1006 174 1039 τῇ
193 1004 331 1040 ἀσθενείᾳ,
346 1006 370 1031 ει
385 1006 452 1041 ὅπερ
467 1003 500 1042 ἦν
523 1006 652 1042 ἕμεινειν,
673 1008 820 1044 ἀπρόσιτον
835 1008 930 1035 ἑαυτὸν

140 1050 282 1084 φυλάττων
298 1051 346 1077 καὶ
370 1051 565 1087 ἀπερίληπτον,
583 1052 667 1087 όλίγοι
688 1053 721 1080 ἂν
745 1053 930 1089 ἠκολούθησαν

141 1098 236 1133 ὐχόψ
251 1099 301 1125 οὐκ
313 1097 370 1125 οἶδα
387 1099 426 1131 δὲ,
438 1101 462 1126 ει
479 1100 526 1126 καὶ
543 1100 639 1135 ὀλίγοι,
659 1101 729 1136 τάχα.
752 1101 830 1136 μόνος
848 1102 930 1127 Μωῡ-

141 1143 201 1177 εἷς,
216 1143 264 1170 καὶ
286 1141 363 1175 οὗτος
377 1144 513 1177 τοσοῦτον,
531 1145 602 1172 ὥστε
619 1145 695 1181 μόλις
721 1146 782 1172 ἰδεῖν
805 1146 872 1173 θεοῦ
895 1146 930 1173 τὰ

139 1187 261 1215 ὀπίσθια.
283 1189 340 1224 Τὴν
357 1189 405 1224 μὲν
419 1189 472 1225 γὰρ
493 1190 607 1225 νεφέλην
622 1190 737 1226 διέσχεν,
752 1191 803 1223 ἐξω
817 1191 863 1218 τοῦ
878 1200 930 1217 σω-

141 1234 257 1268 ματικοῦ
284 1234 384 1270 βάρους
407 1236 569 1270 γενόμενος,
588 1236 605 1272 ἢ
631 1237 771 1268 συσταλεὶς
797 1237 852 1263 ἀπὸ
876 1237 929 1264 τῶν

140 1279 311 1314 αἰσθήσεων·
326 1280 393 1307 Θεοῦ
411 1281 439 1307 δὲ
458 1281 619 1317 λεπτότητα,
640 1282 657 1317 ἥ
680 1283 889 1318 ἁσωματότητα,
911 1283 928 1317 ἢ

139 1326 190 1352 οὐκ
204 1324 261 1352 οἶδα
283 1327 357 1359 ὅπως
375 1327 430 1362 (46)
445 1327 477 1354 ἄν
495 1336 538 1359 τις
555 1328 711 1363 ὀνομάσειε,
732 1328 790 1360 πῶς
806 1328 838 1355 ἂν
853 1328 930 1355 ἐθεά-

142 1380 208 1399 σατο
224 1373 305 1408 σῶμά
326 1382 356 1399 τε
376 1373 425 1406 ὢν,
445 1374 493 1401 καὶ
517 1373 656 1410 αἰσθητοῖς
676 1374 824 1410 ὀφθαλμοῖς
844 1382 929 1409 προσ-

141 1418 265 1450 ϐάλλωνς
293 1419 362 1445 Ἀλλ’
393 1419 486 1455 ἐπειδὴ
513 1418 640 1446 κενοῦται
664 1419 697 1446 δι’
721 1420 811 1454 ἡμᾶς,
835 1419 929 1455 ἐπειδὴ

141 1464 305 1499 κατέρχεται
334 1464 459 1499 (κένωσιν
474 1465 503 1491 δὲ
526 1465 599 1499 λέγω
624 1465 675 1501 τὴν
699 1464 750 1499 τῆς
773 1463 851 1498 δόξης
875 1461 930 1490 οἷον

141 1508 239 1542 ὕφεσιν
256 1518 286 1536 τε
305 1510 353 1536 καὶ
377 1510 546 1546 ἐλάττωσιν),
564 1510 609 1537 διὰ
634 1511 714 1537 τοῦτο
738 1510 862 1546 χωρητὺς
885 1509 929 1544 γί-

141 1563 227 1582 νεται.

980 925 1024 944 eo:
1045 916 1117 947 illic,
1137 916 1181 942 ubi
1203 915 1305 942 vastior
1324 915 1439 942 solitudo
1461 919 1529 942 erat.
1553 914 1582 940 Si
1608 914 1633 940 in
1658 913 1764 947 specula

981 969 1027 989 sua
1043 962 1196 994 mansisset,
1214 962 1235 989 si
1250 962 1283 989 ad
1298 961 1437 989 hominum
1454 960 1639 987 inﬁrmitatem
1657 959 1770 991 minime

981 1013 1009 1034 se
1023 1006 1183 1038 demisisset,
1197 1006 1230 1039 si,
1243 1007 1314 1040 quod
1331 1011 1400 1038 erat,
1419 1006 1573 1036 mansisset,
1590 1003 1764 1031 inaccessibi-

981 1051 1033 1078 lem
1064 1052 1181 1085 seipsum
1212 1055 1239 1078 et
1262 1049 1561 1085 incomprehensibilem
1596 1048 1764 1080 custodiens,

980 1096 1056 1132 pauci
1077 1096 1193 1123 fortasse
1209 1097 1293 1123 secuti
1318 1096 1430 1122 fuissent
1451 1105 1456 1122 :
1476 1101 1558 1130 atque
1572 1095 1642 1122 haud
1657 1094 1715 1121 scio
1730 1101 1764 1119 an

980 1141 1068 1176 pauci,
1085 1142 1201 1169 fortasse
1213 1142 1318 1177 Moyses
1330 1141 1420 1173 solus;
1436 1141 1516 1174 idque
1527 1142 1607 1168 etiam
1623 1140 1763 1171 hactenus,

980 1193 1009 1215 ut
1026 1188 1071 1215 Dei
1094 1188 1242 1222 posteriora
1252 1195 1324 1222 aegre
1344 1188 1445 1216 videret
1459 1187 1527 1214 ηδ’.
1540 1187 1643 1213 Etenim
1667 1186 1764 1213 nubem

980 1234 1088 1268 quidem
1112 1233 1156 1261 ille
1173 1234 1370 1270 penetrarit",
1387 1239 1464 1261 extra
1504 1233 1624 1266 corporis
1661 1232 1765 1265 pondus

980 1280 1094 1314 positus.
1110 1285 1154 1307 aut
1178 1288 1192 1307 a
1219 1280 1343 1308 sensibus
1357 1280 1486 1307 collectus
1502 1286 1534 1306 ac
1548 1278 1692 1310 reductus;
1718 1276 1764 1304 Dei

980 1333 1044 1353 vero
1067 1326 1239 1358 tenuitatem,
1270 1330 1317 1352 aut
1341 1333 1356 1352 a
1376 1332 1489 1359 corpore
1518 1323 1699 1355 vacuitatem,
1719 1325 1766 1348 aut

980 1379 1139 1406 quocunque
1154 1371 1261 1398 tandem
1277 1371 1329 1398 alio
1354 1371 1465 1397 nomine
1480 1377 1523 1396 res
1553 1376 1584 1396 ea
1607 1367 1765 1403 appellanda

980 1418 1028 1448 sit,
1043 1425 1096 1452 quo
1117 1418 1223 1444 tandem
1238 1418 1315 1444 modo
1337 1416 1490 1450 perspicere
1503 1415 1647 1447 potuisset,
1673 1412 1719 1447 qui
1738 1415 1766 1439 et

980 1471 1076 1498 corpus
1087 1469 1154 1497 erat,
1168 1469 1194 1492 et
1204 1464 1340 1498 corporeis
1358 1463 1444 1490 oculis
1470 1460 1616 1489 cernebat?
1647 1458 1764 1491 Verum,

980 1510 1105 1544 quoniam
1120 1516 1210 1538 nostra
1231 1516 1313 1538 causa
1327 1507 1493 1540 exinanitur,
1509 1506 1635 1542 quoniam
1652 1505 1766 1532 descen-

943 1552 963 1581 C
981 1555 1019 1583 dit
1036 1555 1264 1591 (exinanitionem
1279 1559 1367 1581 autem
1396 1561 1461 1580 voco
1472 1572 1479 1586 ,
1494 1552 1570 1588 quasi
1590 1550 1682 1587 gloriae
1701 1550 1765 1578 sub-

141 1603 298 1630 missionem
331 1607 358 1631 et
389 1603 635 1640 imminutionem),
663 1603 765 1631 idcirco
786 1601 966 1638 perceptibilis
990 1607 1018 1630 et
1040 1601 1291 1638 comprehensibilis
1310 1600 1434 1628 efficitur.

176 1698 214 1724 Δ’.
233 1697 298 1723 Δότε
322 1696 352 1723 δέ
381 1696 437 1733 (47)
469 1705 515 1733 μοι
546 1695 711 1731 συγγνώμην
739 1695 859 1731 μεταξὺ,
884 1693 932 1720 καὶ

141 1741 228 1773 πάθος
241 1750 269 1767 τι
287 1741 457 1776 ἀνθρώπινον
479 1741 560 1768 πάλιν
582 1741 724 1776 πάσχοντι.
746 1739 838 1775 Θυμοῦ
862 1738 932 1774 πλη-

143 1786 244 1822 ροῦμαι
259 1787 306 1813 καὶ
319 1787 408 1822 λύπης
422 1788 468 1814 ἐπὶ
483 1787 522 1823 τῷ
539 1786 598 1822 ἐμῷ
611 1787 730 1822 Χριστῷ,
745 1785 931 1821 συμπάσχοιτε

142 1832 170 1858 δὲ
189 1832 246 1865 (48)
269 1833 318 1859 καὶ
336 1833 424 1868 ὑμεῖς,
441 1834 505 1860 ὅταν
521 1833 568 1860 ἴδω
584 1832 627 1859 διὰ
642 1832 721 1859 τοῦτο
734 1831 932 1866 ἀτιμαζόμενόν

127 1879 195 1909 ’μου
209 1875 254 1901 τὸν
270 1875 397 1911 Χριστὸν,
411 1876 443 1901 δι’
457 1875 471 1902 ὃ
491 1875 608 1910 μάλιστα
624 1875 756 1910 τιμᾶσθαι
770 1874 872 1904 δίκαιος
885 1871 930 1909 ἦν.

142 1920 191 1947 Διὰ
206 1921 285 1947 τοῦτο
300 1921 355 1957 γὰρ
373 1923 480 1957 ἄτιμος,
496 1922 556 1948 εἰπέ
582 1930 638 1957 μοι,
661 1921 703 1948 ὃτι
722 1921 767 1948 διὰ
786 1920 816 1947 σὲ
837 1928 933 1946 ταπει-

143 1967 205 1999 νός;
219 1967 269 1993 Διὰ
290 1967 370 1993 τοῦτο
389 1967 502 2002 κτίσμα,
517 1967 558 1993 ὅτι
576 1967 623 1993 τοῦ
640 1967 788 2002 κτίσματος
802 1966 930 2001 κήδεται;

143 2015 194 2042 Διὰ
209 2015 291 2042 τοῦτο
304 2014 358 2040 ὑπὸ
376 2013 481 2049 χρόνον,
498 2014 539 2040 ὅτι
555 2014 618 2046 τοὺς
634 2013 687 2039 ὑπὸ
706 2016 800 2048 χρόνον
821 2012 932 2038 ἐπισκέ-

143 2070 258 2092 metu;
282 2060 355 2096 Πλὴν
379 2060 469 2086 πάντα.
483 2059 573 2095 φέρει,
587 2059 677 2086 πάντα
700 2059 816 2094 δέχεται.
832 2059 886 2085 Καὶ
906 2058 933 2084 τί

144 2107 322 2143 Θαυμαστόν;
353 2106 527 2141 Ῥαπισματα
562 2104 695 2140 ἧνεγκεν,
729 2104 933 2139 ὲμπτυσμάτων

145 2154 285 2189 ἠνέσχετο.
301 2152 381 2187 χολῆς
399 2151 530 2186 ἐγεύσατο
546 2150 590 2176 διὰ
606 2150 655 2186 τὴν
675 2150 744 2186 ἐμὴν
764 2149 868 2183 γεῦσιν.
885 2149 934 2175 Φέ-

145 2209 186 2235 ρει
202 2200 250 2226 καὶ
265 2198 313 2225 νῦν
334 2197 520 2232 λιθαξόμενος,
543 2197 573 2222 οὺ
592 2196 671 2231 μόνον
696 2195 747 2222 ὑπὸ
766 2195 820 2222 τῶν
842 2196 933 2230 ὲμπη-

146 2246 308 2282 ρεαζὸντωγ,
328 2244 396 2271 ἀλλὰ
418 2244 465 2270 καὶ
483 2244 528 2277 ὑφ’
548 2243 626 2278 ἡμῶν
641 2242 729 2269 αὐτῶν
745 2242 799 2268 τῶν
813 2241 933 2267 εὐσεϐεῖν

144 2292 304 2319 δοκούντων.
330 2290 366 2316 Τὸ
391 2289 445 2325 γὰρ
473 2288 537 2324 περὶ
560 2287 705 2323 ἀσωμάτου
733 2287 930 2321 διαλεγόμενον,

1020 1691 1065 1719 ιν.
1089 1692 1128 1718 Ac
1141 1691 1206 1718 mihi
1218 1690 1297 1718 velim
1310 1690 1466 1725 ignoscatis,
1484 1674 1609 1716 aﬂectuin
1625 1686 1766 1722 quemda-

983 1739 1128 1767 humanum
1149 1746 1244 1765 rursus
1263 1736 1400 1764 sentienti.
1424 1737 1466 1762 Ira
1481 1740 1509 1762 et
1527 1741 1642 1762 mmrore
1655 1732 1767 1766 impleor

982 1790 1092 1820 propter
1106 1791 1194 1811 meum
1209 1783 1358 1814 Christum,
1376 1782 1489 1817 (utinam
1506 1780 1555 1813 ipsi
1569 1786 1674 1813 quoque
1686 1777 1766 1805 simul

983 1831 1095 1859 doleatis
1107 1830 1128 1864 ι)
1146 1837 1207 1857 cum
1222 1837 1284 1856 eum
1305 1829 1356 1855 hac
1371 1828 1402 1854 de
1424 1834 1503 1854 causa
1519 1823 1652 1853 contemni
1667 1831 1698 1850 ac
1718 1829 1768 1857 pro

984 1876 1070 1904 nihilo
1085 1875 1178 1902 haberi
1192 1874 1342 1909 conspicio,
1359 1877 1467 1907 propter
1480 1878 1559 1903 quam
1575 1877 1636 1896 eum
1651 1867 1767 1895 muime

982 1921 1109 1950 honorari
1125 1928 1175 1956 par
1191 1925 1261 1948 erat.
1282 1920 1323 1946 An
1342 1919 1452 1949 idcirco,
1467 1917 1510 1944 die
1526 1915 1601 1947 mihi,
1618 1913 1726 1942 humilis
1740 1917 1767 1940 et

983 1967 1104 2002 abiectus
1130 1971 1189 1999 est,
1216 1966 1277 2000 quia
1304 1968 1414 1999 propter
1440 1967 1467 1990 te
1489 1961 1616 1989 humilis?
1642 1960 1682 1986 Au
1707 1959 1767 1986 ideo

982 2017 1107 2038 creatura
1120 2031 1127 2044 ,
1142 2011 1204 2045 quia
1223 2010 1257 2037 de
1280 2015 1404 2037 creatura
1429 2007 1561 2034 sollicitus
1575 2005 1634 2033 est?
1649 2005 1690 2031 An
1706 2004 1766 2031 ideo

984 2057 1097 2092 tempori
1115 2057 1217 2088 subest,
1234 2055 1296 2090 quia
1312 2061 1370 2085 eos,
1386 2053 1431 2088 qui
1449 2051 1561 2087 tempori
1583 2049 1707 2082 subsunt,
1722 2049 1766 2075 in-

982 2103 1064 2130 visit?
1081 2102 1268 2130 Verumtamen
1290 2100 1382 2128 omnia
1405 2099 1478 2130 fert,
1493 2096 1582 2124 omnia
1603 2094 1711 2129 excipit.
1734 2094 1767 2122 Et

982 2149 1046 2184 quid
1073 2148 1190 2175 mirum?
1212 2147 1308 2181 Alapas
1327 2145 1387 2172 tulit
1402 2143 1533 2177 ",sputis
1560 2140 1667 2178 δεικτιεί
1684 2139 1767 2168 susti-

984 2195 1052 2226 nuit,
1074 2198 1183 2229 propter
1207 2198 1313 2227 gustmn
1338 2197 1426 2218 meum
1448 2188 1481 2217 fel
1506 2190 1623 2223 gustavit
1636 2188 1668 2214 ³³.
1692 2187 1768 2213 Nunc

984 2241 1064 2268 etiam
1088 2247 1117 2266 se
1133 2239 1267 2274 lapidibus
1281 2237 1378 2265 incessi
1404 2237 1503 2271 patitur
1516 2235 1548 2268 ³³,
1564 2241 1615 2261 non
1633 2233 1712 2260 modo
1734 2231 1768 2258 ab

985 2285 1201 2314 obtrectantibus
1222 2290 1249 2312 et
1272 2283 1446 2314 vexantibus,
1472 2282 1518 2309 sed
1543 2288 1557 2307 a
1584 2279 1660 2306 nobis
1686 2277 1767 2305 etiam

147 2338 312 2372 σωματικοῖς
332 2323 482 2370 κεχρῆσθαι
498 2323 622 2368 ὀνόμασι,
637 2333 718 2368 τυχὸν
730 2332 931 2367 ἐπηρεαζόντων

988 2332 1062 2366 ipsis,
1080 2340 1126 2367 qut
1145 2332 1204 2359 ﬁdei
1223 2331 1348 2366 pietatem
1373 2329 1540 2364 proﬁtemur.
1557 2325 1662 2352 Etenim
1679 2324 1712 2351 de
1728 2323 1769 2350 in-

147 2382 205 2407 ὲστὶ
228 2381 276 2407 καὶ
299 2379 460 2412 mearent.»
482 2379 552 2412 (49)·
575 2377 642 2404 ἀλλὰ
666 2376 824 2412 συγγνώμη,
855 2377 934 2404 πάλιν

147 2425 227 2459 λέγω,
250 2426 283 2460 τῇ
316 2423 450 2458 ἀσθενείᾳ.
476 2422 627 2456 Λιθάζομεν
650 2421 705 2456 γὰρ
734 2421 783 2455 οὐχ
810 2421 935 2455 ἑκόντες,

989 2385 1117 2412 corporeo
1139 2378 1339 2412 disputantem,
1365 2373 1504 2408 corporeis
1531 2371 1685 2398 nominibus
1710 2369 1768 2401 uti,

989 2424 1111 2451 vexantis
1129 2423 1242 2450 fortasse
1260 2422 1351 2453 fuerit,
1365 2425 1392 2448 et
1410 2419 1571 2454 lapidautis;
1587 2417 1632 2444 sed
1656 2414 1770 2443 inﬁrmi-

147 2470 215 2498 ἀλλὰ
229 2470 261 2496 τὺ
279 2468 448 2504 φθέγγεσθαι
468 2467 555 2499 ἄλλως
569 2469 620 2494 οὐκ
635 2467 750 2502 ἔχοντες,
800 2467 828 2493 δὲ
839 2467 931 2503 ἐχομει

989 2471 1037 2497 tati
1056 2474 1164 2501 nostrae,
1180 2469 1277 2496 iterum
1297 2468 1396 2498 dicam,
1413 2466 1490 2492 venia
1502 2463 1675 2491 concedatur.
1689 2460 1769 2495 Lapi-

147 2516 294 2552 χρώμενοι.
309 2515 396 2549 Λόγος
414 2513 533 2545 ἀκούεις,
553 2513 600 2540 καὶ
616 2512 686 2548 ὑπὲρ
706 2512 784 2546 λόγον
803 2511 844 2540 εἷ’
865 2514 935 2550 ὑπὲρ

989 2517 1084 2544 damus
1098 2517 1169 2543 enim
1190 2514 1261 2542 haud
1284 2514 1427 2540 lubenter:
1450 2511 1495 2538 sed
1511 2509 1575 2544 quia
1598 2508 1676 2535 aliter
1697 2506 1769 2541 loqui

183 2584 243 2600 ³⁸·²’
262 2583 347 2611 Exod.
367 2590 462 2615 xum,
478 2582 523 2610 εὖ.
561 2582 583 2598 ³ο
600 2581 687 2610 Exod.
699 2590 745 2615 xx,
770 2581 816 2609 21.
855 2582 876 2598 "
896 2583 931 2610 M:

998 2593 1052 2617 xw,
1066 2585 1109 2613 65.
1148 2585 1170 2601 ³³
1189 2584 1268 2611 Joan.
1283 2591 1338 2615 xtx,
1354 2582 1399 2608 29.
1436 2581 1458 2596 ³³
1477 2580 1554 2607 Joan.
1572 2587 1599 2611 ι,
1617 2579 1661 2606 5i.

183 2644 240 2680 (42)
256 2643 305 2678 Μὴ
320 2641 557 2680 καταψξρδέσθρ.
567 2641 773 2680 ὴισύγκραᾳις.
796 2649 805 2666 ι
816 2639 856 2680 Ne
871 2640 932 2680 falsi

150 2675 211 2706 noia
224 2675 364 2714 prematur
383 2675 478 2714 uiritio.
491 2686 500 2702 ι
531 2676 576 2704 Sic
590 2676 662 2711 foqui
676 2675 793 2702 maluere
807 2675 934 2714 theologi,

185 2720 209 2741 st
225 2710 319 2740 iratum
331 2712 486 2752 Eutychetis
502 2710 634 2744 errorem,
649 2718 732 2752 quam
747 2710 934 2752 συγκράσεως,

150 2743 176 2776 id
195 2754 248 2780 est,
269 2758 278 2774 ι
290 2743 496 2778 commistiouis,
508 2755 517 2772 ι
540 2753 607 2773 voce
627 2743 677 2778 uti,
705 2745 770 2773 licet
787 2743 936 2774 familiaris

150 2784 184 2811 sit
200 2783 340 2818 Gregorio.

186 2818 242 2854 (43)
256 2814 520 2854 ’ᾎὰθενεσζέρουφ
539 2815 618 2854 Deest
632 2816 658 2842 in
675 2814 740 2850 Reg.
756 2815 782 2843 b.

184 2851 242 2887 (μ)
255 2853 385 2886 Φέρεται.
400 2851 505 2887 ροιιὼη
519 2851 635 2887 φερέτω.

185 2885 242 2924 (45)
258 2885 382 2923 nouat.
400 2885 521 2914 Nonnulli
539 2885 648 2919 addunt,
666 2885 741 2922 φησί.

1011 2643 1155 2685 ~(’lﬁ)_0im
1169 2640 1234 2669 οἶδα
1248 2641 1338 2673 ὅπως.
1359 2640 1404 2667 Sic
1433 2646 1486 2668 tres
1501 2639 1578 2667 Colb.
1606 2639 1634 2666 lu
1651 2639 1705 2671 ed.,
1720 2639 1769 2671 οὐκ

983 2677 1041 2704 οἶδα
1053 2678 1122 2709 πῶς.

1019 2713 1074 2746 (47)
1092 2712 1136 2738 Δέ.
1154 2712 1233 2738 Deest
1246 2711 1271 2737 in
1289 2710 1335 2746 Qr.
1356 2711 1379 2737 l.

1031 2744 1074 2781 48)
1091 2746 1136 2773 Δέ.
1158 2747 1243 2781 Deest,
1255 2747 1280 2772 in
1296 2744 1359 2780 Reg.
1380 2745 1405 2772 b.

1019 2778 1074 2817 (49)
1098 2778 1422 2817 Ἐπηρεαζόντςιγνήέσῖςι
1447 2779 1496 2806 καὶ
1512 2778 1704 2817 ..ζιθαζόντωψ
1723 2778 1769 2817 §ic

983 2812 1036 2844 duo
1050 2812 1124 2844 Culb.
1141 2812 1276 2844 efComb.
1295 2814 1322 2842 In
1333 2816 1388 2848 ed.,
1403 2814 1619 2850 ἐπηρεαζόντων,
1633 2813 1714 2849 τυχὸν
1725 2812 1768 2842 λι-

984 2851 1128 2884 θαζόντων.
