2029 3127
130 157 181 186 501

585 153 713 182 ORATIO
730 153 862 181 XXXVII.
881 169 915 173 —
933 152 968 180 IN
987 153 1116 181 MATTH.
1137 152 1207 185 XIX,
1229 151 1305 180 1-12.

1708 150 1762 179 302

131 216 180 243 τοῦ
206 215 315 251 Πατρδς
339 216 492 252 εἰλήφασιν,
518 214 585 242 ἀλλὰ
612 216 658 241 καὶ
685 215 790 247 ἑαυτοῖς
807 214 925 241 δεδώκα-

982 215 1034 247 bis,
1050 215 1084 242 Et
1101 215 1194 250 quibus
1209 215 1300 241 datum
1325 216 1374 245 est,
1398 211 1448 240 hoc
1473 211 1597 246 adiunge,
1621 211 1664 245 qui
1689 211 1761 246 digni

131 270 175 288 σιν
187 262 255 298 (δυ).

168 354 226 386 L7.
243 352 310 379 Εἰσὶ
325 351 380 387 γὰρ
394 351 544 387 εὐνοῦχοι,
562 353 671 385 οἵτινες
690 353 725 379 ἐκ
745 354 861 386 κοιλίας
870 362 927 388 μη-

131 399 203 433 τρὸς
216 399 475 432 εὐνουχίσθησαν,
490 399 537 425 καὶ
552 398 586 425 τὰ
603 398 676 433 ἑξῆς.
692 398 799 434 Σφόδρα
819 399 927 426 ἐϐουλό-

133 455 190 481 μην
201 445 328 480 ᾰνδρικόν
340 453 366 470 τι
383 445 447 479 περὶ
460 444 514 470 τῶν
527 444 660 479 εὐνούχων
670 444 725 479 (51)
743 445 814 479 ἔχειν
828 446 924 472 εἰπεῖν.

131 491 179 527 Μὴ
197 491 268 526 μέγα
291 491 347 525 (52)
365 492 498 525 φρονεῖτε,
515 491 539 516 οἱ
559 491 590 517 ἐκ
609 490 718 525 φύσεως
736 491 869 526 εὐνοῦχοι.
890 491 928 518 Τὸ

130 538 187 573 γὰρ
206 539 255 573 τῆς
277 537 462 573 σωφρησὺνης,
481 537 545 568 ἴσως
564 537 701 564 ἀκούσιον.
715 537 752 564 Οὐ
773 537 828 573 γὰρ
846 535 927 572 ἦλθεν

132 583 172 614 εἰς
188 582 314 616 βάσανον,
329 582 389 608 οὐδὲ
409 582 439 608 τὸ
465 583 613 617 σωφρονεῖν
637 582 803 617 ἐδοκιμάσθη
823 582 866 608 διὰ
878 582 928 616 τῆς

132 628 242 663 πείρας.
254 628 290 654 Τὸ
309 628 358 663 μὲν
373 627 427 663 γὰρ
444 628 476 654 ὲκ
491 628 598 662 φύσεως
611 628 723 662 ἀγαθὸν,
738 628 865 663 ἀδόκιμον
877 636 883 642 ⁸
898 628 928 654 τὸ

131 672 155 699 δ’
176 673 208 699 ἐκ
231 673 428 708 προαιρέσεως,
450 673 600 700 ἐπαινετόν.
623 674 671 705 Τίς
692 673 758 708 πυρὶ
784 674 863 709 χάρις
881 675 927 700 τοῦ

132 719 238 751 καίειν;
257 719 287 745 τὸ
302 719 356 755 γὰρ
367 720 454 746 καίειν
469 719 501 745 ἐκ
517 719 622 754 φύσεως
638 720 705 755 ἔχει.
722 720 769 752 Τίς
785 719 860 747 ὕδατι
872 719 928 756 (53)

132 764 180 791 τοῦ
200 764 276 791 κάτω
297 765 446 800 φέρεσθαι;
470 766 548 792 τοῦτο
569 766 622 801 γὰρ
646 766 703 801 ἔχει
724 766 799 802 παρὰ
816 767 862 792 τοῦ
882 766 928 802 δη-

134 811 362 846 μιουργήσαντος.
385 811 433 842 Τίς
449 811 516 846 χιόνι
541 812 591 847 τῆς
609 811 778 848 ψυχρότητος
800 813 893 848 χάρις
911 813 928 847 ἢ

132 854 173 890 τῷ
192 856 263 891 ἡλίῳ
285 855 332 882 τοῦ
348 856 470 890 φαίνειν;
484 856 576 884 Φαίνει
589 857 643 892 γὰρ
660 857 711 884 κᾶν
733 858 769 893 μὴ
791 857 927 893 βούληται.

977 265 1056 292 sunt;
1075 262 1185 295 quique.
1201 265 1230 287 ut
1243 260 1309 287 tales
1327 259 1392 293 sint,
1408 267 1459 286 non
1474 259 1553 286 modo
1566 265 1580 285 a
1595 257 1675 284 Patre
1688 264 1762 285 acce-

979 311 1087 341 perunt,
1103 306 1148 334 scd
1165 306 1216 334 sibi
1231 306 1296 341 ipsis
1313 306 1394 333 etiam
1410 305 1551 332 dederunt.

1013 351 1082 380 XVI.
1100 353 1166 380 Sunt
1181 353 1250 379 enim
1274 352 1396 384 eunuchi,
1413 352 1456 387 qui
1472 359 1504 378 ea:
1516 355 1590 378 utero
1606 349 1697 376 matris
1717 357 1763 374 ca-

978 399 1053 426 strati
1066 403 1137 431 sunt,
1155 405 1208 426 etc.
1235 398 1415 425 Vehementer
1445 403 1571 432 cuperem
1590 395 1672 431 656
1687 393 1764 421 virile

979 445 1079 479 aliquid
1099 445 1132 472 dc
1150 443 1281 471 eunuchis
1306 443 1428 478 proloqui
1454 449 1542 477 posse.
1569 441 1608 468 Ne
1620 440 1764 468 admodum

979 489 1120 525 magniﬁce
1136 489 1168 516 (le
1183 489 1260 516 vobis
1273 488 1406 520 sentiatis,
1429 488 1474 522 qui
1499 495 1514 514 a
1538 492 1633 514 natura
1648 485 1764 514 eunuchi

978 536 1054 563 estis.
1071 535 1197 562 Fortasse
1214 535 1285 562 enim
1305 535 1436 569 pudicitia
1461 534 1518 561 hate
1542 533 1654 560 minime
1670 532 1766 560 volun-

980 581 1048 608 taria
1061 585 1112 608 est.
1128 580 1186 607 Non
1203 581 1275 607 enim
1302 580 1440 614 explorata
1469 584 1520 611 est,
1540 586 1590 605 nec
1604 577 1765 605 castimonia

979 626 1098 661 periculo
1121 626 1193 652 facto
1219 625 1405 660 comprobata.
1435 625 1538 652 Bonum
1560 624 1632 652 enim
1658 624 1728 658 quod
1749 631 1765 650 a

980 678 1077 700 natura
1102 672 1294 707 proﬁciscitur,
1323 672 1429 700 laudem
1456 679 1508 699 non
1536 676 1677 698 meretur:
1694 670 1765 704 quod

980 725 1070 746 autem
1087 726 1101 745 a
1118 718 1201 745 libera
1218 718 1355 746 voluntate
1372 718 1510 752 animique
1526 717 1647 745 instituto
1662 716 1729 750 ﬂuit,
1739 716 1766 743 id

980 764 1060 791 laude
1077 763 1187 799 dignum
1215 764 1423 791 existimandum
1445 768 1497 792 est.
1528 763 1592 796 Quae
1611 762 1665 798 igni
1681 761 1767 798 gratia

981 815 1033 844 est,
1047 810 1117 844 quod
1130 811 1204 838 urit?
1224 810 1307 838 Urere
1334 810 1406 838 enim
1435 818 1450 837 a
1478 814 1573 837 natura
1597 809 1687 837 habet.
1703 809 1768 842 Quae

982 863 1070 890 aqute,
1096 858 1166 890 quod
1195 857 1320 883 deorsum
1347 855 1450 882 fertur?
1468 854 1523 882 lloc
1540 854 1612 882 enim
1632 862 1646 881 a
1662 861 1768 881 summo

132 889 254 936 Χαρέζον
284 911 329 937 μοι
353 889 383 928 τὸ
405 902 546 938 βούλεσθαι
567 889 601 929 τὰ
618 889 750 938 βελτίονα.
763 889 876 939 ⁷Χ-αρίζῄ
891 903 928 936 δὲ,

984 910 1074 930 rerum
1091 903 1209 930 omnium
1226 903 1322 936 opifice
1343 902 1434 930 habet.
1462 901 1527 934 Quae
1543 901 1597 928 nivi
1618 901 1703 935 gratia
1719 901 1768 928 ha-

131 948 181 974 ἐὰν
194 947 264 983 σὰρξ
276 948 432 982 γενόμενος,
446 949 631 984 πνευματικὸς
644 949 710 985 γένῃ
721 958 728 964 '
742 949 788 976 ἐὰν
804 951 836 985 τῇ
855 949 930 984 μολί-

131 993 174 1020 ϐδι
187 994 243 1029 (51)
259 994 309 1029 τῆς
320 994 422 1030 σαρκὸς
433 994 589 1030 ἑλκόμενος,
605 995 747 1032 πτερωθῇς
762 995 814 1022 ὑπὸ
825 995 872 1023 τοῦ
886 996 928 1022 λό-

131 1048 197 1075 γου-
217 1040 266 1066 ἐὰν
285 1040 411 1076 οὐράνιος
433 1041 559 1077 εὑρεθῇς,
579 1042 708 1073 ταπεινὸς
728 1042 864 1076 γεγονώς⁸
883 1041 930 1068 ἐὰν

132 1086 215 1122 σαρκὶ
231 1086 379 1118 συνδεθεὶς,
394 1086 465 1122 ὑπὲρ
475 1087 565 1122 σάρκα
579 1090 666 1123 φανῇς
678 1088 745 1122 (55).

983 947 1071 975 benda
1084 952 1135 980 est,
1148 948 1218 982 quod
1239 947 1334 982 frigida
1352 947 1408 974 sit?
1436 952 1483 974 aut
1501 947 1562 979 soli,
1575 946 1645 981 quod
1662 946 1769 973 luceat?

984 993 1095 1021 Lucebit
1106 993 1177 1020 enim
1201 993 1282 1020 etiam
1307 993 1417 1020 invitus.
1441 992 1498 1019 lloe
1513 992 1576 1019 mihi
1605 991 1713 1026 largire,
1728 994 1767 1022 ut,

984 1046 1043 1074 qua:
1058 1044 1131 1066 recta
1157 1043 1231 1072 sunt,
1265 1039 1342 1065 velis.
1365 1038 1501 1074 Largieris
1522 1043 1624 1069 autem,
1654 1037 1675 1064 si
1704 1043 1769 1064 caro

984 1084 1081 1116 factus,
1094 1084 1241 1120 spiritualis
1269 1084 1412 1118 ciliciaris;
1439 1084 1460 1111 si
1487 1091 1502 1110 a
1526 1083 1651 1117 plumbea
1676 1081 1769 1110 carnis

132 1133 204 1159 mole
218 1137 323 1159 tractus
338 1138 419 1167 atque
442 1133 598 1167 depressus,
627 1142 642 1160 a
665 1134 770 1161 ratione
794 1134 820 1160 in
836 1135 920 1160 altum
941 1131 1109 1164 subleveris;
1129 1131 1150 1158 si
1167 1131 1274 1158 humilis
1286 1136 1403 1164 creatus,
1422 1131 1541 1158 cmlestis
1568 1129 1730 1162 inveniaris;
1745 1128 1769 1156 si

132 1178 210 1205 carni
229 1179 310 1212 quasi
327 1178 442 1206 vitreulis
455 1179 618 1214 quibusdam
641 1182 779 1215 astrictus,
801 1181 922 1215 superior
941 1186 1021 1207 carne
1044 1185 1184 1212 apparens.

165 1225 216 1251 ιζ’.
239 1224 348 1260 Ἐπειδὴ
375 1222 421 1251 οὖν
447 1225 478 1251 τὸ
506 1226 650 1261 σωματικὰ
670 1228 778 1261 φρονεῖν
801 1226 858 1262 (56)
880 1227 930 1253 οὐκ

131 1269 286 1301 ἐπαινετὸν,
301 1269 365 1296 ἄλλο
384 1278 410 1296 τι
423 1270 491 1296 αἰτῶ
504 1272 567 1303 τοὺς
579 1271 733 1307 εὐνούχους.
751 1272 797 1307 Μὴ
815 1272 931 1308 πορνεύς

132 1323 197 1350 σητε
220 1315 286 1350 περὶ
308 1315 432 1351 θεότητα.
455 1317 566 1352 Χριστῷ
589 1317 793 1353 συζευχοέντες,
811 1319 928 1354 Χριστὸν

132 1361 169 1396 μὴ
181 1361 348 1396 ἀτιμάσητε.
365 1362 432 1389 Ὑπὸ
443 1363 490 1389 τοῦ
505 1363 663 1398 [Ινεύματος
678 1364 872 1399 τελειούμενοι,
891 1365 928 1400 μὴ

129 1407 264 1442 ὁμότιμον
276 1408 383 1439 ἑαυτοῖς
394 1408 424 1434 τὸ
436 1408 549 1443 Πνεῦμα
562 1409 704 1445 ποιήσητε.
718 1411 753 1436 El
767 1409 810 1436 ἔτι
825 1409 933 1443 ἀνθρώ

131 1457 202 1484 ποις
218 1451 361 1484 ἤρεσκον,
373 1453 387 1478 ὁ
402 1453 508 1484 Παῦλός
519 1462 595 1488 φησι,
606 1453 737 1488 Χριστοῦ
752 1454 863 1486 δοῦλος
874 1455 930 1482 οὐκ

131 1496 170 1523 ἂν
183 1496 278 1531 ἤμην.
295 1498 326 1524 Εἰ
341 1497 469 1533 κτίσματι
484 1499 638 1534 ἐλάτρευον,
654 1500 704 1526 οὐκ
718 1499 750 1526 ἂν
767 1501 932 1536 Χριστιανὸς

129 1540 327 1577 ὼνομαζὸμην.
350 1532 442 1573 Εἱςντί
460 1542 516 1578 (57)
534 1532 588 1578 γαρ
610 1544 624 1569 ὁ
646 1532 809 1578 Χριστιανὸς
824 1545 929 1580 τίμιον;
945 1532 966 1561 C

128 1587 187 1623 Οὐχ
202 1588 244 1614 ὅτι
261 1588 328 1619 Θεὸς
349 1589 363 1614 ὁ
382 1589 516 1622 Χριστός;
537 1589 569 1615 Εἰ
591 1589 628 1624 μὴ
642 1589 722 1615 τοῦτο
736 1590 774 1621 ὡς
788 1590 932 1626 ἅνθρωπος

130 1634 213 1660 πάθω
219 1634 284 1668 (58),
294 1634 369 1670 φιλίᾳ
376 1634 443 1670 πρὸς
449 1634 530 1661 αὐτὸν
539 1636 771 1671 συγκεκραμένος.
780 1637 877 1663 Καίτοι
887 1637 933 1663 καὶ

130 1680 237 1715 Πέτρον
248 1680 333 1715 τιμῶ,
346 1680 403 1706 ἀλλ’
414 1681 463 1708 οὐκ
474 1680 567 1708 ἀκούω
586 1682 744 1717 Πετριανός·
757 1682 804 1708 καὶ
815 1682 932 1715 Παῦλον,

130 1724 285 1756 Παυλιανὸς
295 1724 323 1751 δὲ
334 1725 384 1752 οὐκ
395 1726 507 1760 ἥκουσα.
517 1726 554 1752 Οὺ
567 1726 680 1761 δέχομαι
695 1726 770 1761 παρὰ
783 1726 934 1762 ἀνθρώπιον

129 1770 324 1806 ὀνομᾶζὲσοαι,
333 1771 407 1806 παρὰ
413 1771 480 1798 Θεοῦ
489 1771 617 1806 γεγονώς.
627 1771 720 1803 Οὕτως
731 1773 754 1798 εἰ
762 1773 934 1807 μὲνβτιΘεὺν

130 1815 299 1852 ὑπείληφας,
314 1816 357 1843 διὰ
363 1816 441 1843 τοῦτο
448 1817 517 1852 καλῇ
527 1817 699 1852 Χριστιανὸς,
713 1818 759 1844 καὶ
771 1818 874 1849 καλοῐο.
883 1820 931 1846 καὶ

131 1862 309 1897 μένοιςὲντῷ
324 1862 474 1898 ὀνόματι,ῆ
494 1863 533 1898 τῷ
545 1863 600 1899 (59)
619 1864 772 1899 πράγματι.
789 1865 819 1890 Ei
836 1865 874 1894 δὲ,
891 1866 932 1892 ὅτι

130 1909 262 1945 στέργεις
269 1909 397 1943 Χριστὸν,
407 1908 451 1935 διὰ
458 1908 538 1935 τοῦτο
546 1908 576 1940 ἐξ
583 1909 665 1935 αὑτοῦ
677 1910 756 1946 καλῇ,
765 1910 840 1936 οὐδὲν
850 1910 930 1937 πλέον

130 1955 227 1990 νέμεις
249 1954 337 1990 αὐτῷ,
352 1954 407 1989 (ἇο)
419 1955 473 1980 τῶν
486 1954 575 1981 ἄλλων
589 1955 722 1990 κλήσεων,
740 1957 768 1983 αἳ
790 1957 844 1982 ἀπό
858 1965 930 1987 τινος

130 2000 357 2036 ἐπιτηδεύματος
371 2000 387 2035 ἢ
403 2001 566 2035 πράγματος
581 2001 710 2027 τίθενται.

1021 1224 1099 1251 XVII.
1122 1224 1252 1257 Quoniam
1266 1224 1348 1259 igitur
1362 1232 1492 1260 corporea
1519 1231 1625 1259 sapere,
1652 1223 1770 1251 carnali-

982 1271 1087 1305 busque
1102 1270 1244 1298 aﬁcctibus
1260 1271 1329 1302 duci,
1345 1271 1556 1306 haudquaquam
1573 1269 1706 1298 laudabile
1717 1274 1769 1302 est.

982 1315 1055 1342 aliud
1070 1315 1197 1349 quiddam
1212 1315 1246 1342 ab
1263 1316 1394 1343 eunuchis
1410 1317 1524 1350 postulo.
1552 1316 1592 1343 Ne
1614 1316 1686 1344 circa
1702 1315 1771 1343 divi-

984 1361 1096 1388 nitatem
1112 1361 1280 1389 scorlemiui.
1312 1361 1361 1395 Qui
1389 1361 1498 1390 Christo
1531 1363 1665 1397 conjuncti
1693 1362 1770 1397 estis,

983 1407 1121 1435 Christum
1139 1415 1173 1435 ne
1188 1409 1378 1436 contemnatis.
1395 1409 1444 1442 Qui
1464 1417 1479 1436 a
1509 1409 1609 1444 Spiritui
1625 1410 1771 1445 perfectio-

983 1461 1045 1481 nem
1058 1454 1191 1489 accipitis.
1205 1463 1239 1482 ne
1253 1463 1345 1490 parem
1359 1456 1434 1483 vobis
1455 1455 1586 1491 Spiritum
1610 1455 1725 1484 faciatis.
1739 1457 1771 1485 Si

983 1500 1069 1526 adhuc
1083 1500 1230 1527 hominibus
1245 1501 1385 1535 placerem,
1402 1502 1489 1537 inquit
1513 1502 1610 1530 Paulus
1622 1503 1655 1535 ",
1673 1503 1770 1531 Christi

983 1553 1071 1572 seruus
1081 1554 1131 1573 non
1145 1555 1234 1573 essent.
1249 1547 1276 1574 Si
1290 1554 1442 1574 creaturam
1456 1548 1583 1581 colerem,
1597 1549 1771 1577 Christianus

985 1591 1077 1626 utique
1094 1599 1147 1619 non
1165 1593 1325 1628 appellarer.
1342 1593 1397 1621 Cur
1411 1594 1482 1621 enim
1509 1595 1655 1623 Christiani
1675 1604 1772 1624 nomen

984 1638 1140 1665 venerabile
1153 1639 1215 1666 est?
1242 1639 1338 1666 Annon
1376 1640 1439 1674 quia
1474 1639 1598 1668 Christus
1610 1641 1698 1669 Deus?
1715 1641 1772 1668 Nisi

985 1681 1099 1710 fortasse
1117 1683 1169 1711 hoc
1183 1683 1302 1711 immane
1319 1691 1395 1711 more
1411 1684 1491 1716 facio,
1513 1686 1630 1713 amicitia
1646 1686 1772 1714 nimirum

986 1736 1045 1755 cum
1064 1736 1096 1756 eo
1113 1729 1324 1764 conglutinatus.
1338 1731 1372 1757 At
1386 1735 1414 1758 et
1434 1730 1542 1762 Petrum
1558 1732 1662 1760 honore
1675 1740 1773 1767 prose-

987 1782 1064 1809 quor,
1079 1782 1128 1802 nec
1140 1780 1230 1802 tamen
1257 1775 1400 1804 Pelrianus
1415 1784 1513 1805 vocor:
1533 1783 1561 1805 et
1583 1779 1706 1812 Paulum,
1722 1787 1773 1808 nec

987 1824 1075 1848 tamen
1092 1821 1237 1849 Paulianus
1263 1823 1421 1850 nominatus
1445 1832 1516 1851 sum.
1534 1825 1592 1852 Non
1609 1825 1666 1853 fero
1680 1834 1724 1854 me
1738 1827 1772 1854 ab

985 1867 1138 1894 hominibus
1151 1874 1248 1894 nomen
1279 1868 1389 1900 ducere,
1408 1870 1453 1903 qui
1474 1877 1488 1896 a
1502 1870 1558 1897 Deo
1580 1878 1638 1898 sum
1653 1876 1771 1899 creatus.

986 1912 1100 1939 Proinde
1117 1913 1151 1944 si,
1169 1913 1231 1947 quia
1250 1914 1332 1941 Deum
1345 1914 1432 1949 ipsum
1448 1915 1597 1950 existimas,
1612 1917 1672 1944 ideo
1691 1917 1772 1945 Chri-

984 1958 1087 1984 stianus
1102 1959 1209 1985 vocaris
1225 1967 1232 1986 :
1246 1959 1350 1986 voceris
1364 1967 1438 1993 sane,
1450 1967 1476 1987 et
1484 1969 1597 1989 maneas
1609 1962 1635 1989 in
1650 1964 1772 1996 nomine,

984 2008 1063 2037 atque
1080 2005 1147 2030 adeo
1161 2004 1188 2030 in
1199 2012 1238 2031 re.
1252 2004 1299 2032 Sin
1315 2010 1404 2032 autem
1419 2013 1471 2032 non
1488 2007 1567 2034 aliam
1582 2008 1616 2035 ob
1632 2016 1740 2036 causam
1755 2017 1771 2036 a

129 2047 246 2074 Christo
266 2053 364 2073 nomen
381 2046 469 2077 ducis,
484 2053 565 2079 quam
578 2046 649 2080 quod
665 2053 725 2072 eum
753 2053 845 2073 amore
859 2046 1058 2082 complecteris,
1076 2048 1143 2074 nihil
1157 2048 1273 2082 amplius
1303 2049 1352 2083 ipsi
1386 2050 1491 2083 tribuis,
1512 2059 1593 2086 quam
1629 2053 1689 2081 aliis
1719 2062 1772 2083 uo-

129 2093 265 2121 minibus.
278 2099 338 2125 quae
361 2098 376 2117 a
393 2092 482 2119 studio
504 2091 620 2125 quodam
643 2096 670 2118 et
693 2091 825 2124 instituto,
842 2096 885 2118 aut
899 2100 928 2119 re
947 2093 1037 2128 aliqua
1052 2094 1265 2121 constitmtntur.

163 2138 219 2165 IH'.
243 2138 342 2174 Ὁρᾶτε
357 2138 420 2169 τοὺς
440 2137 503 2173 περὶ
520 2137 570 2168 τὰς
591 2137 774 2173 ἱπποδρομίας
793 2138 927 2164 ἐσπουδα-

1005 2139 1239 2174 _XVI|I.,Videtis
1264 2140 1326 2174 hos,
1354 2141 1441 2175 quiin
1467 2143 1772 2179 cursibuscquestribus

129 2187 213 2219 κύτας
231 2186 356 2218 τούτους.
374 2187 405 2212 Οἳ
431 2185 485 2212 ἀπὸ
498 2185 553 2211 τῶν
577 2186 730 2221 χρωμάτων
754 2185 808 2221 (11)
828 2186 928 2213 ὀνομά-

167 2267 189 2283 ⁶¹
203 2266 271 2295 Gal.
283 2274 301 2299 t,
328 2266 371 2292 10.

165 2327 225 2362 (30)
244 2325 383 2358 Ἐαυτοῖς
396 2326 572 2353 δεδώκασιν,
590 2336 599 2351 ι
614 2325 670 2353 Sibi
687 2326 751 2362 ipsis
761 2326 904 2359 dederunt,
918 2337 927 2353 ι

130 2361 244 2396 nempe,
265 2363 359 2396 gratiae
373 2363 499 2388 excitanti
526 2369 557 2387 ac
577 2361 692 2396 moventi
712 2361 795 2396 libere
812 2369 930 2389 consen-

133 2395 237 2425 tiendo.
274 2398 340 2430 Reg.
364 2397 408 2423 brn
434 2397 525 2428 habet,
550 2396 664 2427 ἑαυτοὺς
684 2395 843 2430 δεδώκασιν,
875 2405 885 2422 ί
901 2403 931 2424 se

131 2433 206 2467 ipsos
223 2433 369 2467 dederunt:
383 2440 392 2456 ι
429 2466 432 2467 ν
618 2466 626 2467 7
862 2430 871 2439 ⁴

167 2467 226 2502 (51)
242 2466 316 2500 Περὶ
332 2465 391 2492 τῶν
404 2466 568 2500 εὐνούχων.
590 2475 599 2491 ι
618 2466 655 2493 De
672 2466 812 2493 eunuchis.
824 2475 834 2492 ι
863 2466 930 2493 Gre-

131 2501 227 2535 gorius
242 2503 346 2535 passim
362 2502 500 2528 eunuchos
515 2501 673 2533 insectatur,
694 2505 786 2535 utpote
806 2502 851 2535 qui
870 2509 929 2528 lna-

132 2538 205 2564 xima
223 2545 259 2564 ex
276 2541 362 2570 parte,
375 2536 485 2568 Ariaua,
508 2537 547 2563 vel
559 2535 750 2563 lilacedoniana
776 2541 851 2570 peste
862 2544 930 2564 con-

130 2574 347 2600 taiuinarentur.

178 2608 226 2638 3-2)
245 2606 341 2640 Μέγα.
355 2605 419 2640 Reg.
437 2605 491 2633 bm.
505 2611 531 2632 et
543 2605 589 2632 0r.
606 2606 616 2632 1
634 2605 744 2638 addunt,
759 2614 796 2632 τι.

179 2640 226 2675 53)
241 2642 357 2676 ’Ὑὸατιι
370 2640 446 2667 Colh.
465 2641 477 2666 1
491 2641 574 2676 nil-lit,
592 2641 682 2676 χάρις.

167 2675 227 2711 (51)
244 2675 489 2711 Μολιίεόιζῖοιυιε,
508 2675 674 2710 μολιϐδίτιδι.
691 2675 770 2703 EDI'r.

167 2709 228 2745 (5.1)
248 2710 365 2744 Φανῇς.
380 2709 444 2744 Reg.
463 2709 518 2741 bm,
535 2711 638 2744 φανείς.

149 2775 151 2777 _
167 2747 228 2782 (ὃὸ)
247 2747 284 2774 Τὸ
297 2745 449 2782 σωματικὰ
465 2745 595 2779 φρονεῖν.
630 2745 713 2772 Coisl.
731 2746 757 2782 1A,
771 2745 926 2782 τὸνσωφρο-

129 2780 199 2811 νεῖν.
217 2783 309 2814 Quam
327 2780 466 2806 lectionem
487 2781 615 2815 optimam
631 2785 724 2808 censet
737 2780 925 2808 Couibetisius.

133 2828 143 2844 ι
153 2816 390 2851 Quandoquidem
404 2815 482 2846 igitur
493 2815 597 2842 laudem
612 2823 664 2842 non
686 2821 805 2842 meretur
826 2817 929 2850 pudici—

132 2850 182 2884 tia,
204 2859 269 2886 quze
285 2851 323 2886 sit
339 2857 354 2886 tt
371 2853 473 2881 natura,
490 2858 540 2886 non
553 2858 568 2876 a
581 2851 665 2878 libera
681 2851 825 2878 voluntate.
841 2860 850 2876 ι
874 2850 929 2877 Ριι-

130 2885 230 2915 dicitia
258 2885 336 2913 enim
350 2885 377 2910 in
391 2885 530 2918 eunuchis,
548 2893 599 2913 non
617 2886 736 2918 virtutis,
752 2887 799 2913 sed
812 2887 930 2914 necessi-

983 2187 1100 2213 studium
1121 2191 1201 2220 atque
1217 2194 1327 2222 operam
1341 2193 1501 2222 posuerunt.
1527 2190 1609 2225 657
1622 2191 1658 2219 Illi
1676 2192 1772 2220 acolo-

983 2326 1046 2364 tatis
1062 2326 1185 2364 est._l_los
1199 2326 1330 2364 adnabam
1349 2327 1506 2362 pudicitiam
1523 2328 1648 2355 hortatur
1665 2328 1769 2364 Grego-

983 2363 1050 2391 rius,
1068 2362 1100 2387 ad
1117 2362 1176 2398 [idei
1193 2361 1295 2398 scilicet
1311 2361 1504 2398 integritatem,
1521 2370 1572 2397 qua
1588 2363 1692 2390 Iaudem
1711 2361 1770 2391 die-

983 2401 1103 2423 reantur.
1118 2395 1208 2423 Lectio
1226 2396 1334 2430 vulgata
1351 2395 1381 2424 ei
1403 2398 1471 2424 Billii
1490 2395 1687 2431 interpretatio,
1718 2407 1770 2427 nec

982 2431 1153 2468 commodum
1169 2431 1420 2468 etiiciunl_scusum,
1437 2439 1487 2460 nec
1502 2440 1561 2459 cum
1576 2433 1698 2468 Gregorii
1712 2442 1770 2468 pro-

984 2467 1072 2500 posito
1088 2467 1263 2509 conveniunt.
1283 2466 1450 2494 Crediderim
1481 2466 1644 2502 scripsisse;
1662 2466 1769 2504 σώματι

982 2509 1140 2534 σωφρονειν,

1016 2509 1140 2536 ιφρονειν,

1016 2536 1073 2571 (57)
1091 2537 1144 2568 Εἰς
1154 2536 1191 2562 τί.
1206 2536 1288 2562 Coisl.
1307 2536 1332 2568 1,
1343 2536 1387 2562 διὰ.
1397 2537 1433 2563 τί.

1016 2571 1074 2607 (58)
1093 2571 1141 2603 Ὡς
1151 2571 1306 2607 ἅνθρωθξος
1319 2571 1411 2607 πᾴθω.
1432 2571 1513 2599 Cois].
1527 2573 1553 2604 1,
1572 2572 1618 2600 Or.
1637 2574 1661 2606 1,
1673 2574 1767 2607 Gahr..

979 2606 1017 2637 ὡς
1029 2606 1172 2641 ἄνθρωπον
1185 2605 1309 2639 ἀγαπῶν.
1337 2606 1515 2633 Combelisius
1543 2613 1634 2635 censet
1649 2605 1681 2636 ex
1696 2605 1770 2636 utra;

981 2649 1035 2675 quc
1048 2641 1173 2676 lectione,
1187 2641 1226 2667 sic
1237 2641 1407 2676 sarciendam
1427 2648 1485 2668 esse
1509 2642 1625 2669 litteram
1645 2654 1651 2671 :
1667 2644 1705 2676 ὡς
1718 2645 1768 2672 ἄν-

980 2674 1087 2711 θρωπος
1101 2674 1189 2708 πάθω,
1219 2674 1361 2710 ἄνθρωπον
1383 2676 1506 2710 ἀγαπῶν.
1535 2686 1544 2702 ι
1557 2677 1680 2706 Humano
1695 2674 1770 2708 inore

979 2710 1082 2749 alliciar
1105 2711 1239 2737 hominem
1263 2710 1387 2746 diligens,
1401 2720 1410 2736 ι
1442 2711 1470 2741 id
1483 2717 1537 2745 est,
1558 2722 1566 2738 ι
1583 2713 1662 2741 homo
1695 2722 1768 2749 sum,

976 2746 1111 2773 hominem
1128 2753 1198 2773 amo.
1213 2754 1221 2770 ι

1013 2780 1068 2816 (59)
1084 2781 1119 2816 Ἡ
1130 2779 1180 2811 τῷ.
1199 2780 1306 2816 Come,
1321 2782 1368 2807 καὶ
1385 2781 1433 2816 τῷ.

1007 2814 1185 2876 (ᾕρεῖκὶέμεις
1196 2814 1284 2847 αὐτῷ.
1317 2814 1440 2850 (301ε1ξ1,
1460 2817 1552 2853 νέμεις
1580 2820 1679 2857 σαυτῷ,
1698 2830 1709 2848 Ι
1722 2821 1768 2849 tibi

981 2853 1087 2878 tribuis.
1102 2859 1111 2875 ›

1015 2885 1185 2920 (41)οϊὰπὸ
1203 2885 1262 2914 τῶν
1276 2886 1448 2922 χρωμάτων,
1475 2887 1502 2917 In
1520 2890 1592 2919 circo
1605 2890 1768 2927 quadrigarii
