2029 3127
249 143 301 172 507
852 143 880 170 s.
903 143 1067 172 cnmonu
1088 143 1262 172 THEOLOGI
1829 145 1883 175 sos
1911 139 1914 142 ’

249 203 314 238 quid
329 202 384 230 lius
402 209 490 230 crees.
508 201 542 229 Et
567 202 612 237 qui
639 202 730 233 docet,
746 201 903 236 ﬁgmentum
918 202 963 230 Dei
983 210 1034 235 est,

1087 203 1191 229 ἐκεῖθεν
1203 211 1210 218 ·
1227 203 1277 230 κᾶν
1293 212 1322 230 τε
1337 203 1352 229 ὁ
1364 203 1522 235 διδάσκαλος
1538 203 1649 240 ἁρπάσῃ
1661 203 1710 239 τὴν
1725 203 1816 240 χάριν,
1830 203 1881 235 κᾶν

248 255 275 277 ει
288 254 316 277 ιιι
327 249 452 276 eumdem
465 253 555 276 ortum
573 248 706 275 habuisti:
728 247 784 275 sive
798 253 948 282 praeceptor
970 255 1033 283 gra-

970 255 1033 283 gra-
1087 258 1116 275 τε
1133 249 1246 285 γένηται
1264 250 1309 277 σὸν
1325 250 1356 276 τὸ
1375 250 1468 282 καλὸν,
1487 250 1568 277 καλὸν
1582 251 1682 286 ὁμοίως
1693 251 1760 278 ἐστί.

248 298 313 326 tiam
327 298 398 325 hanc
411 297 508 332 rapiat,
526 297 583 324 sive
609 296 660 324 hoc
692 296 791 323 bonum
819 301 892 322 tuum
913 296 971 328 ﬁat,
987 297 1087 324 bonum
1102 299 1213 332 perinde
1225 303 1275 325 est.

291 343 372 370 XXII.
386 343 443 370 Iloc
458 348 560 370 tantum
575 343 652 370 nobis
667 350 737 370 cura}
754 343 800 375 sit,
824 347 852 368 ut
868 342 991 377 nosipsos
1004 343 1037 369 ab

1125 343 1188 370 KB’.
1220 343 1308 370 Μόνον
1337 343 1513 379 ὲκτέμνωμεν
1544 344 1657 375 ἑαυτοὺς
1687 344 1741 370 τῶν
1770 344 1883 377 παθῶν,

249 389 334 417 animi
353 388 602 423 perturbationibus
617 388 809 415 abscindamus
822 408 829 419 ,
845 395 879 415 ne
894 395 946 422 qua
962 388 1036 414 radix

1092 389 1129 424 μή
1142 398 1184 420 τις
1199 388 1262 424 ῥίζα
1275 389 1387 425 πικρίας
1404 390 1460 416 ἄνω
1482 389 1586 423 φύουσα
1599 390 1694 426 ἐνοχλῇ
1712 389 1778 425 (60).
1793 390 1881 416 Μόνον

249 435 435 463 amarulentia:
460 442 568 462 sursum
590 434 743 468 germinans
756 434 778 449 ⁸⁸
799 433 892 461 turbas
921 438 1037 460 moveat.

1090 433 1280 469 ἀκολουθῶμεν
1298 435 1331 469 τῇ
1353 434 1446 466 εἰκόνι,
1468 434 1548 469 μὸνον
1565 434 1702 470 αἱδώμεθα
1725 436 1755 461 τὸ
1770 436 1883 470 ἀρχέτυ-

249 481 307 510 IIoe
319 486 422 509 tantum
436 488 573 512 curemus,
600 485 630 507 ut
656 480 782 515 imaginis
801 480 899 506 divinae
918 479 1039 513 vestigiis

1093 487 1153 505 πον.
1174 479 1310 513 Ἐκτεμνε
1326 479 1360 506 τὰ
1377 480 1520 514 σωματικὰ
1539 479 1612 515 πάθη
1624 501 1631 512 ,
1650 480 1762 515 ἑκτεμνε
1784 482 1831 508 καὶ
1847 482 1882 509 τὰ

249 527 418 560 insistamus,
433 531 462 554 ut
478 526 617 561 exemplar
631 531 752 553 nostrum
772 533 952 553 revereamur.
973 526 1040 552 Cor-

1090 524 1204 559 ψυχικὰ,
1228 525 1304 560 ’Όσῳ
1327 525 1382 560 γὰρ
1399 525 1472 560 ψυχὴ
1489 526 1651 560 τιμιώτερον
1674 526 1814 560 σώματος,
1838 536 1882 554 το-

249 580 348 607 porcos
363 572 475 600 allectus
491 577 611 607 amputa,
639 577 748 605 amputa
769 572 851 598 etiam
873 571 1038 606 spirituales.

1091 570 1178 604 σοὺτῳ
1191 569 1354 605 τιμιώτερον
1373 570 1490 605 καθᾶραι
1505 571 1593 606 ψυχὴν
1604 593 1611 604 ,
1630 571 1646 607 ἢ
1665 572 1753 606 σῶμα.
1770 573 1801 598 Εἰ
1817 573 1845 599 δὲ
1865 574 1880 609 ἡ

240 616 358 651 Quanto
372 617 444 644 enim
471 617 561 643 anima
582 623 680 651 corpus
708 616 856 648 antecellit,
873 621 949 643 tanto
967 623 1038 650 pra:-

1090 614 1137 641 τοῦ
1163 615 1287 650 σώματος
1307 616 1441 652 κάθαρσις
1460 616 1515 643 τῶν
1534 617 1682 643 ἐπαινετῶν
1694 638 1701 649 ,
1720 619 1816 645 σκόπει
1837 628 1881 654 μοι

253 663 370 690 stantius
381 667 423 691 est
447 663 566 690 animant
592 671 720 697 purgare,
737 670 818 697 quam
835 670 943 697 corpus.
962 662 1039 695 Quod

1091 662 1174 688 ⁸πόσον
1203 663 1218 697 ἠ
1248 663 1298 697 τῆς
1325 663 1414 698 ψυχῆς
1450 663 1550 698 μείζων
1578 672 1607 690 τε
1638 665 1685 690 καὶ
1717 665 1879 701 ὑψηλοτέρα.

251 708 274 735 si
293 708 416 742 corporis
433 708 557 743 purgatio
587 707 731 735 laudabilis
753 712 806 740 est,
822 707 921 741 cogita,
936 714 1038 741 quaeso,

1094 707 1230 742 Ἐκτεμνε
1247 708 1296 743 τὴν
1316 709 1455 744 ’Λρειανὴν
1472 709 1526 743 (61)
1547 709 1689 742 ἀσέϐειαν,
1706 710 1820 746 ἓκτεμνε
1834 712 1882 747 τὴν

251 759 356 788 quanto
371 754 457 788 maior
470 758 552 788 atque
571 753 715 781 sublimior
744 753 780 781 sit
796 753 892 780 anima:
905 753 1039 788 purgatio.

1092 753 1236 780 Σαδελλίου
1247 753 1417 786 κακοδοξίαν.
1431 755 1508 790 Μήτε
1525 755 1646 792 συνάψῃς
1661 756 1741 782 πλέον
1753 756 1770 792 ἦ
1793 757 1883 790 καλῶς

250 799 387 827 Exscinde
418 800 548 827 Arianam
571 799 748 834 impietatem,
775 799 903 826 exscinde
930 806 1040 834 pravam

1091 798 1164 834 ἔχει,
1180 800 1249 835 μήτε
1265 800 1355 837 διέλῃς
1373 801 1475 833 κακῶς,
1493 802 1561 837 μήτε
1576 803 1616 834 εἰς
1632 802 1661 828 ἓν
1676 803 1821 838 πρόσωπον
1838 812 1883 830 συ-

253 845 366 873 Sabellii
385 846 560 873 sententiam.
585 845 640 872 Nec
659 845 731 880 plus,
752 853 833 880 quam
862 852 968 879 aequum
987 849 1040 876 est,

1091 844 1170 882 νέλῃς
1192 846 1226 872 τὰ
1250 846 1331 882 τρία,
1361 847 1430 881 μήτε
1454 847 1557 883 ἐργάσῃ
1582 849 1656 883 τρεῖς
1675 849 1883 885 ἀλλοτριότητας

254 891 414 926 conjungas,
430 899 479 918 nec
493 889 624 917 scelerate
641 890 764 917 dividas:
781 898 829 917 nec
843 890 869 917 in
884 898 964 917 unam
979 898 1041 925 per—

1092 890 1209 924 φύσεων.
1231 891 1288 918 Καὶ
1301 891 1332 917 τὸ
1346 892 1375 918 ἓν
1393 893 1544 925 ἐπαινετὸν,
1558 893 1648 925 καλῶς
1661 894 1806 930 νοούμενον
1815 915 1824 927 ,
1838 896 1883 922 καὶ

254 945 348 964 sonam
364 939 415 964 tria
430 937 586 968 contrahas.
603 944 651 964 nec
669 941 724 963 tres
741 941 900 964 naturarum
923 936 1040 964 diversi-

1091 936 1125 963 τὰ
1146 937 1208 972 τρία
1229 937 1317 969 καλῶς
1331 938 1522 974 διαιρούμενα,
1542 940 1606 966 ὅταν
1628 940 1793 976 προσώπων.
1818 941 1884 968 ἀλλὰ

253 987 323 1010 tates
337 983 448 1010 eliicias.
477 983 510 1010 Et
535 991 617 1010 unum
647 981 782 1010 laudabile
809 987 861 1015 est,
878 990 938 1010 cum
967 987 1040 1010 recte

697 982 782 1010 debile
809 987 861 1015 est,
878 990 938 1010 cum
967 987 1040 1010 recte
1056 982 1077 1009 Β
1093 982 1131 1018 μὴ
1144 983 1279 1018 θεότητος,
1294 985 1310 1019 ἡ
1324 982 1498 1021 διαίρεσις

251 1030 428 1065 intelligitur:
442 1035 467 1058 et
479 1030 540 1062 tria,
551 1036 612 1056 cum
625 1029 1040 1064 rectedistingmmtur;nempe,
1061 1037 1122 1056 cum
1138 1038 1314 1065 personarqu
1341 1031 1480 1058 distinctio
1502 1030 1573 1058 facta
1599 1031 1692 1064 fuerit,
1728 1038 1782 1059 non
1817 1032 1884 1060 divi-

252 1076 357 1104 uitatis.

288 1120 383 1148 XXIII.
401 1121 464 1149 Iirec
476 1125 504 1148 et
520 1121 597 1149 laicis
610 1121 769 1156 przescribo,
784 1121 842 1148 hac
858 1125 885 1148 et
899 1121 1043 1157 presbyte-

1128 1121 1190 1147 ΚΡ.
1205 1120 1296 1147 Ταῦτα
1313 1121 1360 1148 καὶ
1375 1121 1479 1153 λαῖκοῖς
1496 1122 1633 1157 νομοθετῶ
1648 1122 1720 1158 (62),
1735 1122 1824 1151 ταῦτα
1840 1125 1885 1152 καὶ

253 1167 292 1195 ris
304 1167 414 1200 mando,
433 1167 491 1194 haec
505 1171 532 1194 et
551 1167 594 1199 iis,
621 1167 719 1201 quibus
751 1166 894 1200 imperium
909 1167 1041 1194 creditum

1094 1166 1288 1202 πρεσϐυτέροις
1303 1166 1470 1202 ἐντέλλομαι,
1485 1167 1571 1194 ταῦτα
1592 1176 1640 1195 και
1658 1169 1714 1200 τοῖς
1729 1169 1824 1205 ἄρχειν
1838 1179 1885 1196 πε-

253 1216 305 1239 est.
322 1211 422 1240 Omnes
436 1217 518 1240 rcctze
532 1213 664 1240 doctrina:
678 1220 756 1247 opem
771 1212 851 1245 ferte,
865 1212 923 1247 qui,
937 1211 983 1239 Dei
995 1215 1042 1239 be-

1094 1213 1295 1247 πιστευμένοις.
1310 1213 1466 1249 Βοηθήσατε
1483 1215 1521 1250 τῷ
1541 1215 1612 1250 λόγῳ
1627 1215 1727 1247 πάντες
1741 1216 1814 1248 ὅσοις
1830 1217 1884 1251 (65)

257 1256 366 1289 nelicio,
395 1265 472 1292 opem
499 1258 572 1285 ferre
601 1258 725 1292 potestis.
752 1257 876 1292 Magnum
891 1263 932 1284 cst
943 1257 1043 1284 crndem

1093 1259 1124 1285 τὸ
1138 1259 1267 1286 δύνασθαι
1290 1259 1396 1295 βοηθεῖν
1412 1262 1444 1287 ὲκ
1465 1261 1544 1288 Θεοῦ.
1562 1262 1640 1296 Μέγα
1656 1262 1736 1297 φόνον
1751 1263 1884 1298 ἐπισχεῖν,

253 1303 445 1336 comprimere,
457 1303 621 1330 adulterium
633 1310 771 1336 coercere,
781 1303 880 1329 furtum
890 1303 1041 1337 castigare;

1095 1305 1141 1332 καὶ
1159 1306 1281 1341 μοιχείαν
1297 1307 1420 1339 κολάσαι,
1440 1307 1487 1334 καὶ
1507 1308 1610 1343 κλοπὴν
1632 1309 1796 1344 σωφρονίσαι
1817 1309 1883 1344 (64)-

259 1348 344 1376 inulto
358 1350 445 1384 majus
461 1349 588 1384 pietatem
602 1350 720 1381 sancire.
734 1356 766 1376 ac
783 1356 876 1376 sanam
889 1349 1041 1375 doctrinam

1096 1350 1186 1385 πολλῷ
1202 1351 1301 1386 μᾶλλον
1320 1352 1460 1379 εὑσέὄειαν
1479 1353 1672 1388 νομοθετῆσαι,
1689 1353 1737 1380 καὶ
1757 1353 1822 1388 ὑγιῆ
1844 1352 1885 1380 λό-

258 1395 363 1430 Iargiri.
378 1394 436 1423 Non
452 1399 541 1423 tantas
553 1396 624 1422 vires
640 1403 730 1422 sermo
746 1402 822 1422 meus
839 1394 983 1422 habiturus
991 1399 1042 1427 est,

1094 1406 1143 1431 γον
1164 1397 1339 1432 χαρίσασθαι.
1357 1398 1396 1425 Οὐ
1415 1399 1540 1425 τοσοῦτον
1560 1400 1574 1426 ὁ
1591 1399 1657 1434 ἐμὸς
1677 1398 1754 1433 λόγος
1775 1399 1885 1435 δυνήσε-

255 1449 304 1476 pro
319 1446 413 1470 sancta
431 1442 566 1469 Trinitate
584 1442 681 1469 bellum
699 1449 807 1476 gerens,
839 1445 954 1475 quantas
988 1441 1045 1468 edi-

1094 1453 1138 1471 ται
1155 1445 1278 1479 πολεμῶν
1298 1445 1368 1480 ὑπὲρ
1382 1445 1430 1480 τῆς
1439 1445 1520 1479 ἁγίας
1533 1446 1661 1481 Τριάδος,
1675 1446 1735 1472 ὅσον
1748 1446 1778 1472 τὸ
1800 1445 1883 1481 πρόσ-

256 1492 329 1515 ctum
345 1493 433 1520 tuum,
449 1489 472 1515 si
494 1488 630 1523 perversis
644 1487 815 1523 dogmatibus
842 1487 959 1514 imbutos
975 1494 1045 1514 com-

1094 1499 1198 1525 ταγμα,
1231 1490 1278 1516 ἐὰν
1297 1490 1475 1526 ὲπιστομίζῃς
1493 1492 1556 1522 τοὺς
1577 1491 1670 1523 κακῶς
1686 1491 1816 1526 ἔχοντας,
1839 1491 1885 1518 ἐὰν

257 1534 403 1569 presseris,
420 1534 442 1561 si
458 1534 647 1569 persecutione
670 1534 809 1568 oppressis
833 1533 962 1560 auxilium
981 1533 1046 1560 tule-

1097 1536 1196 1572 βοηθῇς
1211 1538 1266 1568 τοῖς
1284 1536 1469 1571 διωκομένοις,
1484 1536 1531 1563 ἐὰν
1546 1537 1609 1569 τοὺς
1625 1537 1757 1572 φονευτὰς
1772 1538 1882 1573 ὲπέχῃς,

255 1580 305 1613 ris,
321 1579 345 1606 si
362 1579 550 1607 interfectores
564 1580 647 1615 660
678 1580 852 1614 represseris,
879 1580 902 1607 si
929 1579 1045 1606 interﬁci

1095 1583 1142 1610 ἐὰν
1158 1583 1265 1619 κωλύῃς
1282 1584 1338 1619 (65)
1353 1583 1383 1609 τὸ
1396 1583 1568 1618 φονεύεσθαι.
1582 1584 1661 1618 Λέγω
1675 1583 1713 1618 δὲ,
1730 1584 1761 1610 οὑ
1772 1583 1816 1610 τὸν
1836 1593 1885 1610 σιο-

256 1625 438 1659 prohibueris.
454 1623 493 1651 De
507 1632 638 1659 corporea
660 1629 750 1651 autem
777 1624 850 1651 caede
864 1631 916 1651 non
942 1628 1045 1650 tantum

1098 1630 1210 1664 ματικδν
1226 1631 1306 1665 μόνον
1320 1630 1386 1665 (66),
1399 1630 1467 1657 ἀλλὰ
1481 1631 1527 1658 καὶ
1539 1631 1584 1657 τὸν
1600 1631 1725 1666 ψυχικόν.
1742 1632 1821 1658 Πᾶσα
1833 1630 1884 1666 γὰρ

257 1670 365 1705 loquor,
385 1670 432 1696 sed
447 1670 528 1696 etiam
543 1672 576 1697 de
591 1669 739 1704 spirituali.
755 1669 842 1697 Omne
855 1670 927 1696 enim
946 1676 1046 1703 pecca—

1096 1675 1233 1711 ἁμαρτία,
1254 1675 1367 1706 θάνατός
1381 1675 1439 1701 ἐστι
1458 1675 1557 1711 ψυχῆς.
1579 1675 1668 1710 Μέχρι
1687 1674 1790 1701 τούτων
1810 1675 1824 1700 ὁ
1843 1674 1885 1700 λό-

258 1722 327 1749 ιιιηι,
339 1716 437 1743 animm
449 1723 523 1743 mors
535 1721 585 1743 est.
597 1716 687 1750 Atque
706 1716 750 1743 hic
773 1716 852 1742 linetn
872 1715 970 1742 habeat
985 1722 1047 1742 ora-
1097 1730 1143 1756 γος
1165 1722 1263 1758 στήτω,

258 1762 306 1790 tio.
1059 1763 1081 1791 ε

292 1809 389 1837 XXIV.
406 1802 547 1843 Reliquum
560 1813 611 1840 est,
630 1812 659 1834 ut
675 1816 724 1843 pro
749 1808 792 1841 iis,
818 1808 862 1842 qui
875 1808 928 1836 huc
948 1815 1046 1835 conve—

1134 1814 1196 1840 KA’.
1212 1813 1312 1840 Λοιπὸν
1329 1813 1383 1849 (67)
1394 1814 1423 1840 δὲ
1438 1814 1509 1840 ἔστω
1520 1814 1589 1849 ὑπὲρ
1602 1813 1657 1840 τῶν
1670 1812 1887 1849 συνεληλυθότων

259 1861 366 1888 nerunt,
383 1861 474 1883 votum
487 1855 627 1882 faciamus.
644 1854 700 1882 Viri
716 1854 796 1882 simul
808 1860 835 1881 et
849 1861 957 1887 uxores,
976 1854 1047 1889 prin-

1099 1859 1175 1895 εὐχή»
1195 1859 1306 1895 ’Λνδρες
1320 1859 1386 1894 ὁμοῦ
1406 1859 1453 1886 καὶ
1473 1861 1616 1894 γυναῖκες,
1636 1859 1782 1894 ἀρχόμενοί
1798 1867 1827 1886 τε
1841 1859 1887 1885 καὶ

258 1903 333 1938 cipes
344 1908 372 1931 et
387 1903 498 1935 subditi,
516 1909 597 1930 senes
611 1907 638 1930 et
660 1902 848 1930 adolescentes
862 1909 893 1929 ac
912 1902 1043 1936 virgines,

1098 1904 1237 1939 ἄρχοντες,
1259 1904 1409 1940 πρεσϐῦται
1426 1904 1473 1930 καὶ
1488 1905 1624 1931 νεανίσκοι
1650 1904 1718 1939 μετὰ
1735 1904 1886 1938 παρθένων,

257 1956 353 1976 omnes
368 1949 486 1983 cujusvis
517 1949 615 1981 :ctatis,
645 1948 814 1983 dispendium
831 1948 939 1983 quidem
954 1956 985 1976 ac
999 1949 1046 1976 de—

1099 1951 1154 1977 πᾶν
1172 1950 1248 1984 γένος
1270 1950 1391 1985 ἡλικίας,
1418 1951 1507 1977 πᾶσαν
1525 1951 1574 1985 μὲν
1594 1950 1691 1986 φέρετε
1707 1951 1826 1986 ζημίαν,
1840 1951 1886 1985 τὴν

258 1996 417 2023 trimentum
435 2003 526 2027 omne,
541 1999 597 2022 tum
621 1995 647 2021 in
674 1995 794 2029 pecuniis
817 1999 845 2022 et
860 1994 1044 2027 facultatibus,

1099 1997 1137 2028 εἰς
1169 1998 1306 2032 χρήματα,
1329 1996 1377 2032 τὴν
1402 1997 1442 2029 εἰς
1465 1995 1592 2032 σώματα·
1613 1996 1641 2023 ἓν
1671 1996 1699 2023 δὲ
1717 1997 1753 2032 μὴ
1776 1995 1886 2031 δέξησθε

259 2048 315 2069 tum
336 2043 362 2070 in
378 2042 535 2077 corporibus
558 2048 636 2076 atquo
659 2041 751 2068 animo
774 2041 862 2068 l'crte:
886 2041 938 2068 hoc
955 2046 1044 2068 autem

1100 2042 1191 2078 μόνον,
1210 2042 1259 2078 τὴν
1276 2042 1388 2077 θεότητα
1403 2042 1592 2079 ζημιούμενοι.
1605 2042 1752 2078 Προσκυνῶ
1767 2042 1885 2078 Πατέρα,

259 2096 342 2115 unum
359 2096 497 2123 nunquam
514 2087 668 2122 patiamini,
691 2091 720 2114 ut
747 2087 893 2114 divinitatis
909 2087 1045 2121 jacturam

1100 2089 1243 2124 προσκυνῶ
1262 2089 1307 2115 τὸν
1327 2088 1400 2119 Υἰὸν,
1419 2089 1564 2124 προσκυνῶ
1579 2089 1609 2115 τὸ
1625 2088 1737 2124 Πνεῦμα
1750 2088 1781 2114 τὸ
1800 2087 1884 2122 ἅγιον·

257 2135 375 2162 faciatis.
397 2135 486 2162 Adoro
501 2135 619 2166 Patrem,
637 2135 721 2161 adoro
738 2134 846 2166 Filium,
866 2134 949 2161 adoro
965 2133 1046 2168 Spiri-

1101 2134 1201 2170 μᾶλλον
1226 2134 1254 2160 δὲ
1281 2134 1501 2170 προσκυνοῦμεν,
1519 2134 1574 2168 ἐγὼ
1596 2135 1642 2161 καὶ
1658 2134 1711 2169 πρὸ
1730 2134 1853 2166 πάντων,
1874 2135 1887 2160 ὁ

259 2188 315 2210 tum
333 2188 477 2215 sanctum;
491 2182 542 2215 vel,
552 2188 581 2209 ut
591 2183 692 2209 rectius
704 2182 804 2213 dicam,
816 2181 972 2213 adoramus,
983 2189 1045 2217 ego,

1099 2180 1185 2207 ταῦτα
1200 2180 1297 2214 λέγων,
1313 2179 1367 2215 ἐγὼ
1382 2181 1429 2207 καὶ
1449 2181 1517 2215 μετὰ
1535 2181 1640 2212 πάντας
1665 2181 1712 2207 καὶ
1729 2181 1778 2207 σὺν
1795 2182 1885 2211 πᾶσιν,

260 2230 306 2264 qui
321 2229 380 2256 lucc
393 2229 498 2263 loquor,
510 2233 538 2255 et
557 2233 618 2255 ante
633 2235 738 2260 omnes,
755 2233 781 2254 et
800 2231 862 2262 post
875 2234 969 2254 omnes
985 2248 993 2261 ,
1021 2232 1048 2255 et

1099 2227 1129 2253 ὲν
1142 2225 1215 2261 αὺτῷ
1227 2226 1266 2262 τῷ
1279 2227 1374 2262 Κυρίῳ
1390 2226 1428 2261 τῷ
1449 2226 1560 2261 Χριστῷ
1576 2226 1630 2260 (68)
1645 2226 1735 2262 ἡμῶν,
1757 2223 1779 2261 ᾧ
1793 2227 1810 2262 ἡ
1824 2225 1888 2260 δόξα

260 2284 320 2304 cum
337 2275 472 2308 omnibus,
500 2275 527 2302 in
544 2275 602 2309 ipso
616 2274 729 2301 Domino
742 2273 849 2302 Christo
865 2278 958 2301 nostro
981 2294 985 2303 .
1003 2273 1047 2301 cui

867 2278 958 2301 nostro
981 2294 985 2303 .
1003 2273 1047 2301 cui
1101 2272 1147 2299 καὶ
1158 2272 1188 2298 τὸ
1205 2272 1303 2308 κράτος
1315 2273 1354 2304 εἰς
1367 2272 1431 2304 τοὺς
1444 2271 1553 2304 αἰῶνας.
1573 2271 1668 2307 Ἀμήν.

260 2322 344 2358 gloria
359 2327 385 2349 et
397 2321 538 2355 imperium
555 2321 580 2348 in
594 2320 701 2348 saecula.
720 2320 816 2347 Amen.
1063 2325 1087 2354 ι)

296 2413 319 2429 ⁸⁸
341 2413 424 2441 IIebr.
442 2421 490 2444 xn,
503 2412 545 2439 I5.

299 2490 356 2526 (60)
370 2489 518 2526 ῘΕνοχλῇ.
536 2489 582 2526 Sic
595 2489 646 2517 duo
661 2489 757 2524 Regg.,
774 2493 827 2516 tres
841 2488 929 2521 Colb.,
941 2487 987 2516 0r.
1002 2489 1051 2516 Iet

472 2489 518 2523 λῇ.
536 2489 582 2526 Sic
595 2489 646 2517 duo
661 2489 757 2524 Regg.,
774 2493 827 2516 tres
841 2488 929 2521 Colb.,
941 2487 987 2516 0r.
1002 2489 1051 2516 Iet
1149 2488 1273 2526 διωλύοις.

261 2522 354 2552 Combl
368 2525 396 2552 In
410 2522 465 2558 edi,
481 2522 593 2560 ἐνοχλεῖ.
704 2522 732 2524 ”

1106 2559 1114 2560 7
1127 2523 1195 2560 7(66)
1209 2523 1492 2560 Σωματικρνμόνοτ.
1525 2522 1575 2560 εἰς
1589 2523 1655 2558 Reg.
1680 2523 1726 2560 bm
1740 2527 1771 2560 et
1791 2522 1883 2560 Comb.

298 2560 354 2595 (61)
372 2558 617 2596 Ἀρειανήνζίιῖεε.
634 2561 689 2592 hin,
705 2560 837 2595 ἀριανεῐν.
851 2594 858 2596 _
900 2594 912 2596 _

1104 2559 1150 2596 Sic
1163 2559 1245 2596 etiam
1262 2558 1442 2596 legitBillius.
1459 2558 1612 2596 Gabrielius
1636 2566 1699 2596 vero
1722 2559 1799 2596 legit,
1817 2558 1886 2596 λέγω

298 2593 352 2631 (6:!)
366 2593 528 2629 [νομοθετῶ.
543 2593 610 2629 Reg:
627 2596 643 2623 b
657 2601 683 2622 et
698 2593 748 2631 or,
759 2596 784 2627 1,
801 2594 927 2621 νουθετῶ.

1101 2594 1132 2620 δὲ
1149 2595 1237 2629 φόνον,
1252 2593 1352 2621 οὐίτὸν
1378 2595 1531 2629 σωματικὸν
1550 2594 1637 2629 μόνον.
1663 2593 1742 2621 Deest
1766 2594 1845 2629 μόνον
1860 2594 1885 2620 Ill

298 2628 353 2666 (65)
370 2628 483 2663 "nam.
498 2630 525 2657 In
538 2628 708 2665 quibusdam,
720 2628 770 2662 οἷς.
849 2665 853 2666 ν
1102 2630 1145 2657 ed.

374 2664 572 2706 {9);Jport't7'dt.
586 2666 651 2706 Reg.
669 2665 922 2706 btn,_cw;opovﬁsat.
942 2701 948 2706 _
983 2700 988 2706 _

919 2685 922 2692 .
942 2701 948 2706 _
983 2700 988 2706 _
1210 2665 1333 2706 έςιίόν.
1349 2665 1378 2704 In
1392 2664 1562 2706 quihusdam,
1619 2664 1720 2706 λοιπρν.

298 2696 354 2738 (65)
377 2696 506 2737 Ἐπξέχῃς
569 2696 697 2737 malum.
719 2696 753 2728 In
769 2696 912 2734 nonnullis,
940 2700 1048 2735 ὲπέχοις

1025 2707 1048 2731 ις
1138 2696 1193 2736 (68)
1211 2700 1254 2734 Τῷ
1266 2699 1392 2734 Χριστῷ.
1401 2696 1475 2735 Ἠοῖ.
1490 2700 1532 2731 bin
1547 2701 1629 2733 addit,
1643 2700 1691 2726 καὶ
1700 2699 1739 2735 τῷ
1754 2696 1826 2737 Θεῷ,
