2029 3127
215 132 268 161 515

840 132 869 159 S.
890 130 1053 159 GREGORII
1073 128 1245 157 THEOLOGI

1786 118 1854 152 διε

251 189 295 218 IV.
315 189 370 217 Hoc
390 190 486 218 festum
513 195 634 218 nostrum
652 194 706 222 est,
731 189 782 216 hoc
805 190 937 217 hodierno
961 190 1004 217 die

1091 188 1126 214 A'.
1143 186 1229 214 Τοῦτό
1249 185 1323 212 ἐστιν
1347 185 1412 220 ἡμῖν
1431 185 1447 220 ἡ
1469 185 1631 221 πανήγυρις.
1648 184 1725 211 τοῦτο
1744 185 1841 217 ἑορτά-

215 236 396 270 celebramus,
412 237 458 264 Dei
472 237 597 264 nimirum
614 237 647 264 ad
665 236 790 264 homines
806 236 959 268 adventum,
974 240 1004 262 ut

216 282 251 309 ad
265 282 348 310 Deum
366 283 535 316 accedamus,
555 287 601 310 aut
617 276 741 317 (id'enim
770 282 858 317 aptius
882 281 1002 317 dicitur),

216 333 399 362 revertamur;
423 333 463 362 ut,
490 329 613 364 deposito
640 329 725 356 veteri
749 329 878 361 homine,
905 335 1004 355 novum

218 372 378 406 induamus;
400 379 427 401 et
438 374 663 408 quemadmodum
676 374 702 401 in
716 374 800 401 veteri
814 373 917 400 Adamo
932 380 1005 400 mor—

219 419 258 446 tui
273 427 375 452 sumus,
396 420 431 447 ita
450 421 476 448 in
506 421 613 448 Christo
637 421 770 451 vivamus.
791 420 854 446 dum
876 420 1004 447 nimirum

219 472 279 491 cum
295 464 401 492 Christo
427 470 451 493 et
470 466 616 497 nascimur,
633 471 658 492 et
673 466 747 493 cruci
765 465 905 500 aﬂigimur,
924 469 951 492 et
964 472 1008 491 se-

220 509 346 543 peliatur,
363 515 390 536 et
404 511 582 544 resurgimus.
610 510 724 537 Pulchra
743 511 815 537 enim
842 511 868 537 in
898 515 1008 537 contra-

221 555 291 582 rium
310 555 424 582 mutatio
444 556 508 582 mihi
535 555 673 582 subeunda
690 559 742 588 est,
766 560 806 588 ut,
831 556 1006 590 quemadmo-

223 599 286 625 dum
302 606 334 626 ex
350 600 476 627 secundis
491 600 572 627 rebus
585 599 704 627 molesta!
719 605 862 631 venerunt,
873 600 912 626 sic
925 600 1007 627 etiam

221 652 255 672 ex
281 646 401 673 molestis
423 646 490 673 lana:
510 651 538 673 et
564 646 689 681 jucunda:
713 646 834 673 redeant.
869 645 918 672 Ubi
939 647 1007 672 enim

222 692 363 718 abundavit
378 697 521 725 peccatum,
537 692 758 726 superabundavit
775 697 799 718 el
815 692 902 726 gratia
914 691 948 723 '°;
969 695 1008 722 et,

221 737 244 764 si
262 741 355 772 gustus
370 737 569 770 condemnavit,
583 742 683 771 quanto
702 736 788 771 magis
803 736 904 764 Christi
920 736 1009 770 passio

224 782 404 817 justificavit?
422 782 554 815 Quocirca
576 789 628 809 non
643 787 672 808 ut
683 782 709 809 in
725 782 838 816 publicis
859 782 934 809 festis
951 781 1008 808 fieri

223 828 300 859 solet,
319 828 366 855 sed
383 827 494 859 divine;
514 835 567 855 non
592 827 738 860 mundane,
761 827 808 854 sed
829 834 910 861 supra
933 834 1010 853 mun-

1055 234 1138 270 ζομεν
1164 234 1292 269 σήμερον,
1316 232 1460 268 ἐπιδημίαν
1481 232 1548 259 Θεοῦ
1578 232 1645 267 πρὸς
1670 230 1840 266 ἀνθρώπους,

1056 281 1101 307 ἵνα
1121 280 1190 316 πρὸς
1216 279 1282 306 Θεὸν
1304 279 1500 314 ὲνδημήσωμεν
1522 278 1589 313 (94),
1609 278 1625 313 ἢ
1649 276 1841 311 ἐπανέλθωμεν

1056 326 1138 357 (οὕτω
1161 326 1215 361 γὰρ
1236 326 1322 352 εἰπεῖν
1344 324 1529 361 οἰκειότερον),
1547 324 1591 351 ἵνα
1607 324 1651 350 τὸν
1668 323 1780 350 παλαιὸν
1797 324 1844 350 ἆν-

1058 372 1167 408 θρωπον
1181 371 1354 405 ἀποθέμενοι,
1363 371 1408 397 τὸν
1417 371 1475 398 νέον
1487 369 1659 405 ἐνδυσώμεθα
1668 378 1676 385 ⁸
1687 370 1734 396 καὶ
1748 369 1843 404 ὥσπερ
1851 390 1869 399 κ

1058 418 1087 443 ὲν
1102 417 1142 452 τῷ
1162 416 1247 452 Ἀδὰμ
1262 416 1442 451 ἀπεθάνομεν,
1466 416 1552 448 οὕτως
1572 416 1600 442 ἐν
1616 415 1655 450 τῷ
1672 413 1782 450 Χριστῷ
1796 413 1844 448 ζή-

1059 471 1161 497 σωμεν,
1175 461 1286 497 Χριστῷ
1301 461 1348 488 καὶ
1360 461 1574 497 συγγεννώμενοι
1587 460 1652 496 (95),
1666 461 1713 487 καὶ
1728 468 1844 486 συσταυ-

1060 508 1197 543 ρούμενοι,
1222 507 1270 534 καὶ
1290 507 1502 542 συνθαπτόμενοι
1525 507 1591 542 (96),
1616 506 1662 532 καὶ
1686 505 1844 532 συνανιπά-

1060 561 1145 587 μενοι.
1160 553 1205 578 Δεῖ
1223 553 1276 588 γάρ
1298 561 1331 587 με
1350 552 1447 578 παθεῖν
1462 552 1511 588 τὴν
1536 551 1622 587 καλὴν
1645 552 1842 586 ἀντιστροφὴν·
1858 546 1883 551 Γ

1059 598 1106 625 καὶ
1125 598 1219 634 ὥσπερ
1239 598 1271 624 ἐκ
1286 597 1341 624 τῶν
1360 598 1559 633 χρηστοτέρων,
1581 595 1647 633 ἦλθε
1667 597 1701 623 τὰ
1723 596 1844 631 λυπηρὰ,

1058 643 1145 675 οὕτως
1158 645 1190 670 ὲκ
1205 643 1258 669 τῶν
1277 643 1415 679 λυπηρῶν,
1435 643 1591 670 ἐπανελθεῖν
1607 642 1642 668 τὰ
1663 642 1857 678 χρηστότερα.’

1061 687 1101 717 οὗ
1117 690 1171 724 γὰρ
1187 689 1374 716 ἐπλεόνασεν
1389 690 1407 723 ἡ
1424 689 1560 723 ἁμαρτία,
1587 688 1848 721 ὑπερεπερίσσευ-

1060 743 1116 763 σεν
1133 736 1152 770 ἡ
1178 735 1283 770 χάρις·
1311 736 1358 761 καὶ
1383 736 1407 761 εί
1431 736 1447 770 ἡ
1473 734 1565 769 γεῦσις
1589 734 1748 770 κατέκρινε,
1771 733 1847 768 πόσῳ

1062 781 1161 817 μᾶλλον
1185 781 1216 808 τὸ
1240 781 1356 815 Χριστὸν
1382 781 1477 808 παθεῖν
1497 780 1672 812 ἐδικαίωσεν;
1696 779 1848 816 Τοιγαροῦν

1061 826 1244 862 ἑορτάζωμεν,
1274 827 1310 862 μὴ
1339 826 1544 862 πανηγυρικῶς,
1570 825 1638 852 ἀλλὰ
1662 825 1780 857 θεῖκῶς·
1809 825 1847 860 μὴ

224 874 309 906 dane;
339 881 392 900 non
408 881 468 908 quae
485 878 576 900 nostra
600 878 674 905 sunt,
690 873 737 900 sed
762 872 820 907 ejus
847 873 892 907 qui
921 877 1011 899 uoster

1062 873 1211 908 κοσμικῶς,
1229 873 1285 899 ἀλλ’
1303 873 1510 908 ύπερκοσμίως”
1525 871 1561 907 μὴ
1580 872 1614 898 τὰ
1634 871 1764 906 ἡμέτερα,
1776 870 1851 897 ἀλλὰ

225 921 275 950 est,
293 918 346 949 vel,
361 922 390 944 ut
408 918 507 945 rectius
522 918 627 952 loquar,
651 916 709 951 ejus
725 917 770 952 qui
794 917 922 944 Dominus
950 921 1009 950 est;

227 969 280 990 non
296 970 355 997 quae
369 963 535 990 infirmitatis
551 967 623 994 sunt,
636 963 683 989 sed
702 969 762 997 qua:
773 962 936 994 curationis;
957 969 1010 988 nott

223 1015 282 1042 qua:
297 1008 450 1041 creationis,
465 1008 511 1035 sed
525 1015 586 1042 qua:
600 1007 822 1042 regenerationis,
833 1007 1010 1034 celebremus.

260 1052 292 1079 ν.
305 1052 334 1079 Id
346 1057 435 1079 autem
447 1060 499 1087 qua
517 1052 622 1080 ratione
649 1051 864 1086 consequemur?
900 1051 1010 1085 Nempe,

225 1098 247 1125 si
259 1105 309 1125 nec
322 1099 417 1126 domus
427 1098 559 1126 vestibula
580 1098 688 1126 coronis
707 1098 855 1132 cingamus,
872 1103 922 1123 nec
948 1096 1013 1124 cho-

225 1153 271 1173 ros
286 1146 429 1180 agitemus,
451 1153 501 1173 nec
515 1146 590 1173 vicos
610 1152 747 1176 ornemus,
763 1152 814 1172 nec
831 1143 936 1172 oculum
964 1151 1012 1178 pa-

228 1199 347 1224 scamus,
361 1199 411 1219 nec
424 1198 517 1219 aurem
532 1196 613 1218 cantu
629 1190 804 1222 muleeamus,
823 1197 872 1217 nec
886 1189 1012 1216 olfactum

227 1237 397 1265 muliebriter
408 1238 580 1270 deliniamus,
593 1245 643 1265 nec
656 1237 745 1272 gustui
757 1237 948 1268 lenocinemur,
964 1242 1014 1262 nec

226 1284 308 1311 tactui
322 1280 517 1319 gratiﬁcemur,
529 1284 670 1318 promptis,
680 1284 802 1317 inquam,
812 1282 864 1309 illis
872 1282 906 1309 ad
918 1281 1012 1309 vitium

225 1328 286 1361 viis,
303 1335 329 1356 et
348 1329 450 1363 peccati
464 1329 564 1364 januis,
582 1337 633 1357 nec
648 1329 769 1357 delicatis
783 1333 810 1355 et
825 1327 1013 1355 circumfluen—

226 1375 300 1402 tibus
321 1375 442 1403 vestious
455 1375 635 1406 emolliamur,
652 1382 764 1410 quarum
779 1374 850 1408 quod
864 1373 1013 1408 pulcherri-

226 1428 300 1448 mum
316 1426 367 1454 est,
383 1421 447 1448 nulli
460 1422 520 1448 usui
535 1425 587 1453 est,
604 1428 653 1448 nec
668 1428 835 1455 gemmarum
863 1418 1014 1454 splendori-

227 1467 291 1498 bus,
306 1473 355 1495 uec
371 1467 429 1494 auri
453 1467 611 1501 fulgoribus,
629 1473 680 1493 nec
694 1465 813 1493 colorum
828 1465 950 1492 artificiis
968 1472 1015 1491 na-

227 1511 309 1538 tivam
322 1511 547 1546 pulchritudinem
561 1510 778 1543 emeutientibus,
792 1515 872 1544 atque
887 1510 1014 1536 adversus

227 1558 345 1586 divinam
363 1559 505 1593 imaginem
532 1557 708 1592 excogitatis;
737 1564 786 1584 nec
807 1556 1011 1584 comessationi-

227 1605 277 1632 bus
291 1609 318 1632 et
333 1605 508 1632 ebrietatibus
524 1604 558 1636 ⁸¹,
581 1603 679 1638 quibus
703 1603 800 1630 cubilia
818 1607 845 1630 et
872 1602 1012 1637 impudici-

227 1650 279 1677 tias
298 1650 424 1684 adjuncta
450 1657 510 1677 esse
537 1649 612 1682 scio;
635 1648 852 1683 quandoquidem
880 1647 1010 1676 malorum

229 1695 420 1730 magistrorum
438 1695 516 1722 malae
527 1694 657 1722 doctrinae
679 1699 752 1726 sunt,
769 1694 810 1721 vel
833 1695 931 1729 potius,
956 1701 1013 1720 ma-

229 1741 315 1769 lorum
340 1742 472 1769 seminum
484 1741 560 1768 malze
578 1744 693 1776 segetes.
709 1739 747 1767 Ne
762 1740 830 1767 altos
844 1747 859 1766 e
876 1739 1015 1767 frondibus

228 1791 303 1815 toros
316 1787 438 1822 figamus,
449 1787 536 1814 ventri
550 1786 703 1814 umbracula
712 1784 795 1821 666
804 1785 918 1812 delicata
931 1785 1014 1813 fabri-

228 1838 331 1861 cantes.
343 1833 397 1860 Nec
412 1833 556 1868 fragrantia
568 1833 699 1866 vina,nec
710 1839 856 1867 coquorum
869 1832 1012 1865 lenocinia,

231 1886 282 1906 nec
294 1879 508 1913 exquisitissima
535 1883 670 1914 unguenta
692 1879 718 1906 in
740 1879 828 1913 pretio
855 1878 1012 1905 habeamus.

229 1924 285 1952 Nec
303 1930 373 1952 terra
385 1930 412 1953 et
423 1932 498 1952 mare
510 1925 656 1959 pretiosum
674 1924 752 1951 nobis
767 1930 870 1951 stercus
887 1923 957 1951 dono
971 1923 1013 1951 of-

230 1971 318 1998 ferant
342 1971 405 2007 (hoc
428 1971 499 1998 enim
526 1971 627 1998 honore
651 1971 759 1998 delicias
781 1970 888 1998 allicere
911 1970 1014 2004 soleo);

230 2024 280 2044 nec
298 2017 367 2044 alius
383 2017 465 2044 alium
482 2017 689 2051 intemperantia
717 2024 845 2051 superare
864 2016 1015 2043 contenda-

231 2073 300 2092 mus.
317 2064 383 2092 Mihi
398 2065 470 2091 enim
484 2064 690 2098 intemperantia
706 2069 758 2096 est,
770 2063 900 2098 quidquid
922 2071 1017 2097 super-

1027 1542 1048 1570 C

1061 918 1095 944 τὰ
1111 918 1156 944 τοῦ
1181 918 1325 954 ἡμετέρου,
1354 918 1452 953 μᾶλλον
1469 917 1497 944 δὲ
1512 917 1547 943 τὰ
1569 916 1615 943 τοῦ
1640 916 1793 943 Δεσπάτου·
1812 916 1848 950 μὴ

1061 964 1096 991 τὰ
1110 964 1159 999 τῆς
1173 964 1325 996 ἀσθενείας,
1344 963 1412 989 ἀλλὰ
1423 962 1457 989 τὰ
1477 962 1527 997 τῆς
1545 962 1680 998 ἰατρείας’
1698 961 1736 996 μὴ
1748 961 1783 987 τὰ
1798 960 1852 995 τῆς

1062 1011 1197 1042 πλάσεως,
1214 1010 1281 1036 ἀλλὰ
1298 1009 1331 1036 τὰ
1347 1009 1397 1044 τῆς
1412 1008 1599 1039 divam-rideam;

1097 1056 1136 1082 E'.
1155 1056 1251 1082 Ἔσται
1265 1055 1294 1081 δὲ
1309 1054 1388 1081 τοῦτο
1408 1054 1485 1086 πῶς;
1505 1053 1550 1089 Μὴ
1567 1053 1690 1089 πρόθυρα
1711 1052 1850 1087 στεφανώο

1064 1109 1164 1137 σωμεν,
1188 1101 1226 1136 μὴ
1249 1101 1346 1136 χοροὺς
1369 1099 1577 1136 συστησώμεθα,
1605 1099 1642 1136 μὴ
1667 1101 1853 1135 κοσμήσωμεν

1062 1147 1170 1182 ἀγυιὰς,
1187 1147 1223 1182 μὴ
1244 1147 1382 1182 ὀφθαλμὸν
1399 1147 1578 1182 ὲστιὰσωμεν,
1598 1147 1635 1182 μὴ
1650 1146 1733 1181 ἀκοὴν
1747 1155 1851 1173 καταυ-

1062 1193 1200 1228 λήσωμεν,
1221 1193 1258 1228 μὴ
1272 1193 1405 1228 ὄσφρησιν
1419 1193 1620 1228 ὲκθηλύνωμεν,
1637 1192 1673 1227 μὴ
1690 1192 1785 1226 γεῦσιν
1802 1200 1852 1218 κα-

1063 1237 1302 1273 ταπορνεύσωμεν,
1320 1237 1356 1272 μὴ
1373 1238 1427 1272 ἁφῇ
1451 1237 1637 1273 χαρισώμεθα,
1658 1238 1719 1268 ταῖς
1742 1237 1851 1273 προχεί-

1066 1291 1121 1318 ροις
1140 1283 1181 1314 εἰς
1193 1283 1293 1309 κακίαν
1310 1283 1390 1315 ὁδοῖς,
1403 1283 1451 1308 καὶ
1462 1283 1574 1314 εἰσόδοις
1583 1282 1633 1317 τῆς
1648 1282 1798 1317 ἁμαρτίας,
1815 1281 1851 1317 μὴ

1064 1328 1160 1362 ὲσθῆτι
1185 1328 1409 1364 μαλακισθῶμεν,
1426 1329 1516 1364 ἁπαλῇ
1535 1337 1563 1355 τε
1587 1328 1635 1354 καὶ
1656 1327 1850 1363 περιρῥεούσῃ,

1064 1374 1111 1401 καὶ
1127 1371 1161 1410 ἦς
1175 1374 1206 1401 τὸ
1221 1374 1363 1401 κάλλιστον
1376 1375 1524 1410 ἀχρηστία,
1542 1375 1578 1410 μὴ
1595 1374 1676 1401 λίθων
1692 1374 1850 1407 διαυγείαις,

1065 1420 1102 1456 μὴ
1116 1420 1216 1456 χρυσοῦ
1242 1420 1436 1456 περιλάμψεσι,
1466 1420 1502 1456 μὴ
1532 1419 1684 1455 χρωμάτων
1703 1420 1852 1455 σοφίσμασι

1063 1467 1237 1501 ψευδομένων
1251 1467 1282 1494 τὸ
1297 1467 1412 1501 φυσικὸν
1427 1467 1534 1498 κάλλος.
1549 1467 1676 1494 καὶκατὰ
1686 1467 1735 1502 τῆς
1749 1467 1852 1498 εἰκόνος

1065 1512 1273 1548 ἐξευρημένων·
1300 1513 1337 1548 μὴ
1365 1513 1469 1548 κώμοις
1494 1514 1541 1540 καὶ
1562 1514 1667 1548 μέθαις,
1696 1512 1735 1544 οἷς
1761 1513 1852 1543 κοίτας

1065 1558 1112 1585 καὶ
1140 1558 1285 1592 ἀσελγείας
1309 1556 1367 1585 οἶδα
1396 1559 1629 1594 συνεζευγμέναςθ
1652 1559 1745 1594 ἐπειδὴ
1760 1558 1852 1585 κακῶν

1064 1603 1229 1631 διδασκάλων
1248 1603 1321 1631 κακὰ
1336 1604 1371 1630 τὰ
1388 1604 1545 1639 μαθήματα,
1565 1604 1663 1639 μᾶλλον
1683 1604 1711 1630 δὲ
1729 1603 1852 1639 πονηρῶν

1066 1651 1233 1686 σπερμάτων
1246 1650 1352 1686 πονηρὰ
1364 1651 1400 1677 τὰ
1409 1650 1540 1686 γεώργια.
1552 1651 1598 1687 Μὴ
1611 1651 1737 1683 στιϐάδας
1749 1650 1853 1686 rid/17M:

1066 1695 1216 1731 πηξώμεθα
1240 1695 1465 1731 σκηνοποιοῦντες
1489 1698 1521 1732 τῇ
1543 1697 1642 1732 γαστρὶ
1663 1696 1697 1723 τὰ
1717 1697 1767 1731 τῆς
1789 1695 1852 1731 θρύ-

1064 1741 1147 1778 ψεως,
1168 1741 1214 1778 Μὴ
1238 1743 1399 1778 τιμήσωμεν
1422 1742 1501 1770 οἴνων
1525 1743 1587 1774 τοὺς
1610 1743 1773 1778 ἀνθοσμίας,
1791 1743 1853 1777 ὀψο-

1065 1789 1150 1816 ποιῶν
1169 1789 1344 1824 μαγγανείας,
1359 1789 1454 1825 μύρων
1472 1789 1654 1821 πολυτελείας.
1688 1790 1733 1824 Μὴ
1752 1790 1787 1825 γῆ
1807 1789 1853 1816 καὶ

1067 1835 1189 1862 θάλασσα
1207 1835 1256 1869 τὴν
1272 1835 1368 1870 τιμίαν
1393 1836 1457 1870 ἡμῖν
1481 1835 1581 1871 κόπρον
1599 1835 1851 1871 δωροφορείτωσαν·

1066 1880 1138 1907 οὕτω
1150 1881 1205 1917 γὰρ
1221 1880 1276 1915 ἐγὼ
1294 1881 1377 1916 τιμᾷν
1400 1879 1457 1907 οἶδα
1474 1882 1589 1917 τρυφήν.
1613 1882 1657 1917 Μὴ
1677 1881 1755 1913 ἄλλος
1775 1882 1854 1909 ἄλλον

1068 1926 1189 1962 ἀκρασίᾳ
1209 1927 1288 1962 νικᾷν
1317 1926 1521 1962 σπουδάζωμεν.
1547 1926 1678 1963 Ἀκρασία
1701 1926 1756 1962 γὰρ
1781 1926 1852 1962 ἐμοὶ,

1066 1973 1120 1999 πᾶν
1142 1972 1172 1998 τὸ
1198 1972 1324 2007 περιττὸν
1341 1973 1389 1998 καὶ
1412 1973 1482 2007 ὑπὲρ
1504 1973 1552 2008 τὴν
1568 1972 1680 2008 χρείαν·
1704 1973 1751 1999 καὶ
1769 1967 1854 1999 ἒαῦτα

1066 2018 1218 2045 πεινώντων
1237 2019 1325 2046 ἄλλων
1346 2018 1393 2045 καὶ
1413 2018 1559 2054 δεομένων,
1583 2019 1637 2045 τῶν
1652 2020 1684 2046 ἐκ
1706 2019 1752 2046 τοῦ
1771 2018 1853 2046 αὑτοῦ

1068 2063 1153 2100 πηλοῦ
1167 2073 1196 2091 τε
1213 2066 1261 2091 καὶ
1278 2065 1427 2101 κράματος.

230 2109 311 2137 fluum
327 2116 378 2142 est,
395 2118 513 2145 ususque
530 2112 697 2139 necessarios
711 2113 832 2145 excedit;
860 2113 940 2147 idque
973 2112 1157 2140 esurientibus
1189 2113 1270 2146 aliis,
1305 2119 1385 2148 atque
1408 2113 1496 2148 inopia
1526 2114 1718 2147 laborantibus,
1740 2114 1783 2146 iis,
1814 2113 1854 2140 in-

231 2164 322 2191 quam,
337 2158 382 2191 qui
398 2165 430 2185 ex
453 2159 546 2186 eodem
576 2158 631 2186 luto
659 2165 687 2186 et
717 2164 928 2194 temperamento
957 2164 1091 2187 constant.

267 2201 310 2228 Vl.
327 2202 425 2230 Verum
443 2203 500 2230 haec
516 2207 669 2239 gentilibus,
688 2214 720 2233 ac
731 2207 869 2241 gentilitiis
896 2207 1010 2242 pompis,

1100 2209 1144 2241 [τ’.
1166 2207 1246 2234 ’Λλλὰ
1262 2208 1347 2235 ταῦτα
1365 2209 1413 2243 μὲν
1429 2208 1541 2243 Ἕλλησι
1564 2207 1706 2243 παρῶμεν,
1731 2207 1775 2233 καὶ
1796 2206 1854 2233 Ἐλ-

230 2246 360 2283 feslisque
375 2249 558 2284 relinquamus
573 2261 579 2278 :
596 2252 641 2286 qui
666 2252 745 2279 etiam
764 2253 807 2283 iis.
823 2260 890 2287 quos
912 2253 1015 2280 sacriﬁ-

230 2294 333 2321 ciorum
366 2296 444 2323 nidor
467 2297 592 2329 oblectat,
617 2298 727 2325 deorum
758 2306 854 2326 nomen
878 2299 1014 2332 tribuunt,

229 2345 344 2374 apteque
376 2342 487 2375 proinde
513 2343 633 2370 divinum
667 2351 765 2370 numen
790 2349 884 2371 ventre
903 2344 1013 2377 colunt,

231 2386 294 2413 ntali
311 2387 402 2421 utique
417 2388 548 2415 malorum
565 2388 725 2421 daemonum,
746 2393 773 2415 et
788 2389 906 2420 ﬁctores.
926 2395 953 2417 et
966 2397 1011 2417 sa-

230 2431 366 2465 cerdotes,
382 2437 409 2460 et
423 2433 551 2460 cultores.
563 2433 598 2460 At
611 2441 668 2466 nos,
684 2442 698 2461 a
719 2435 816 2468 quibus
830 2434 944 2462 Verbum
966 2436 1013 2463 ad-

229 2481 332 2511 oretur,
346 2477 367 2505 si
385 2478 448 2512 quid
462 2478 563 2506 deliciis
575 2479 689 2506 dandum
704 2484 755 2513 est,
771 2480 797 2506 in
809 2487 934 2507 sermone
947 2481 1014 2509 deli-
1029 2503 1033 2507 .

311 2555 391 2584 Rom.
410 2564 435 2588 ν,
459 2556 504 2583 20.
541 2557 564 2573 ⁸¹
579 2557 658 2585 Rom.
681 2565 739 2590 xm,
761 2557 805 2584 15.

266 2612 322 2647 (94)
342 2613 584 2648 ξΕνδημήσωμεν.
613 2623 622 2639 ι
634 2614 782 2641 Pro-sentes
797 2615 890 2644 simus.
906 2615 1017 2642 acceda-

230 2656 300 2686 mus.
314 2657 323 2673 ι
339 2647 383 2674 Sic
395 2647 603 2683 pleriquercodd.
624 2650 652 2676 ln
663 2652 717 2682 ed.,
729 2650 937 2686 ἑκδημήσωμεν,
954 2659 963 2675 ι
976 2658 1019 2677 θι-

230 2683 389 2711 cedamus.)
787 2683 802 2686 ’⁷
827 2683 831 2686 ’
878 2683 883 2685 ⁷

233 2717 322 2754 μ(95)
339 2719 591 2754 Συπυγενγώμενοι.
622 2730 631 2746 ‹
644 2719 793 2747 Nascimur.
809 2729 818 2746 ι
852 2720 897 2747 Sic
919 2719 1017 2748 ComD.

229 2752 278 2780 Sic
289 2753 369 2779 etiam
384 2754 447 2788 legit
459 2752 561 2783 Bil'lius.
578 2755 606 2782 lu
622 2756 678 2788 ed.,
701 2755 903 2791 συγγενόμενοι,
922 2764 931 2781 ‹
947 2763 1012 2782 cott-

231 2794 379 2815 versamur.
392 2799 401 2815 ι

268 2822 323 2858 (96)
337 2824 585 2863 Συιςθαπτόμενοι.
599 2825 693 2861 Chrys.
706 2830 733 2854 et
744 2825 804 2854 Par.
822 2825 931 2860 addunt,
951 2833 1014 2863 προ-

233 2857 336 2895 θύμως,
356 2868 364 2885 ι
377 2857 508 2888 alacriter.
523 2869 532 2887 ι

1068 2254 1186 2289 ληνικοῖς
1213 2255 1339 2290 κόμποις,
1359 2255 1404 2281 καὶ
1430 2254 1632 2290 πανηγύρεσιν·
1657 2253 1681 2280 οἳ
1704 2254 1750 2280 καὶ
1776 2253 1853 2284 θεοὺς

1069 2299 1232 2335 ὀνομάζουσι
1249 2301 1304 2335 (97)
1321 2301 1443 2332 κνίσσαις
1461 2301 1616 2336 χαίροντας,
1637 2300 1683 2326 καί
1701 2299 1852 2330 ἀκολούθως

1068 2345 1099 2371 τὸ
1115 2345 1185 2372 θεῖον
1208 2347 1239 2381 τῇ
1264 2347 1363 2381 γαστρὶ
1385 2345 1578 2382 θεραπεύουσι,
1596 2346 1709 2380 πονηροὶ
1728 2345 1868 2381 πονηρῶν·

1065 2392 1208 2426 δαιμόνων,
1236 2393 1283 2419 καὶ
1307 2393 1435 2426 πλάσται,
1457 2393 1505 2420 καὶ
1532 2392 1716 2427 μυσταγωγοὶ,
1737 2392 1784 2418 καὶ
1804 2391 1853 2427 μύ-

1065 2447 1125 2465 σται
1139 2438 1194 2473 (98)
1207 2439 1396 2474 τυγχάνοντες.
1416 2439 1510 2475 Ἡμεῖς
1523 2439 1562 2471 δὲ,
1572 2436 1610 2470 οἷς
1619 2439 1705 2473 Λόγος
1723 2439 1752 2464 τὸ
1768 2447 1854 2474 προσ-

1066 2483 1230 2519 κυνούμενον
1246 2505 1254 2516 ,
1282 2485 1333 2512 κᾶν
1349 2492 1375 2510 τι
1398 2485 1444 2520 δὲῃ
1464 2484 1519 2520 (99)
1542 2485 1657 2520 τρνφᾷν,
1681 2485 1710 2512 ἐν
1728 2484 1799 2519 λόγῳ
1815 2483 1854 2520 (ί)

1104 2615 1160 2649 (97)
1183 2613 1383 2648 Ὀνομάζουσι.
1398 2613 1444 2640 0r.
1460 2614 1485 2644 l,
1505 2613 1655 2649 νομίζουσι,
1673 2624 1682 2640 ι
1700 2613 1766 2640 Deos
1781 2613 1854 2640 arbi-

1069 2654 1175 2677 trantur
1190 2650 1283 2676 nidore
1296 2649 1488 2676 sacriﬁciorqu
1502 2649 1639 2676 delectari.
1653 2659 1661 2675 ι

1103 2684 1158 2720 (98)
1169 2684 1364 2719 Μυσταγωγοὶ
1384 2683 1562 2720 καὶμύσται.
1578 2694 1587 2710 ι
1599 2685 1703 2712 Erroris
1714 2692 1744 2712 ac
1758 2685 1853 2712 dmum.

1067 2727 1131 2747 ntun
1148 2718 1272 2746 doctores
1291 2724 1317 2745 et
1331 2718 1464 2753 discipuli.
1478 2728 1487 2744 ›

1102 2754 1157 2790 (99)
1171 2754 1237 2789 Δέῃ.
1269 2754 1389 2787 Quatuor
1415 2753 1512 2790 Regg.,
1538 2759 1599 2781 octo
1627 2753 1715 2787 Colb.,
1742 2754 1852 2790 Chrysa,

1095 2798 1119 2815 οι

1103 2809 1142 2859 ᾗ.)
1163 2825 1213 2852 Ἐν
1226 2825 1313 2861 λόγῳ.
1329 2815 1409 2853 Cois].
1428 2824 1452 2858 ‘l,
1469 2824 1497 2853 ἐν
1509 2824 1606 2859 λόγοις.
