2029 3127
163 167 213 193 321

661 166 789 194 ORATIO
807 166 954 194 XXXVIII.
975 182 1008 187 ——
1028 167 1061 194 IN
1079 167 1312 196 THEOPHANIA.

1732 170 1787 198 5‘22

163 226 291 262 ληπτέον.
309 226 444 262 Βούλομαι
473 227 523 262 μὲν
546 228 641 259 εἰπεῖν,
662 228 703 254 ὅτι
726 228 870 263 ἀκινήτους
884 227 952 263 πρὸς

1004 228 1120 260 dentem,
1135 236 1181 256 eos
1197 229 1353 256 existimare
1367 231 1482 262 oportet.
1501 227 1587 262 Gestit
1603 229 1707 263 quidem
1724 230 1786 258 ani-

163 273 194 299 τὸ
206 273 301 305 κακὸν,
318 274 366 299 καὶ
387 273 471 308 μόνην
483 273 596 308 ἐχούσας
608 273 657 308 τὴν
669 273 716 299 τοῦ
732 273 817 299 καλοῦ
832 274 949 308 κίνησιν,

162 317 211 345 ἅτε
228 318 293 353 περὶ
311 318 377 344 Θεὸν
387 317 480 350 οὔσας,
497 318 543 344 καὶ
556 318 590 344 τὰ
610 318 705 352 πρῶτα
720 320 751 345 ὲκ
766 319 833 344 Θεοῦ
846 319 950 354 λαμποι

164 363 250 398 μένας
260 372 266 378 ·
282 364 315 390 τὰ
327 364 380 399 γὰρ
394 363 519 394 ἐνταῦθα,
535 363 663 400 δευτέρας
675 365 834 399 timeam;
861 365 951 391 Πείθει

163 408 190 435 δέ
212 417 257 444 με,
288 409 324 444 μὴ
345 410 499 445 ἀκινήτους,
515 409 582 436 ἀλλὰ
604 410 789 445 δυσκινήτους,
817 410 862 436 καὶ
884 411 951 437 ὑπο-

163 454 312 489 λαμϐάνειν
329 455 439 488 ταύτας,
453 456 499 482 καὶ
518 456 617 490 λέγειν,
635 456 648 482 ὑ
661 455 702 482 διὰ
713 456 762 491 τὴν
774 456 952 491 λαμπρότητα

168 499 336 535 Ἐωσφόρος,
354 502 447 532 σκότος
460 501 504 528 διὰ
527 501 576 536 τὴν
596 501 712 537 ἔπαρσιν
733 502 780 528 καὶ
794 503 950 537 γενόμενος,

162 545 210 571 καὶ
219 545 374 582 λεγόμενος,
388 547 418 573 αἴ
429 556 457 573 τε
473 548 518 574 ὑπ’
530 548 610 574 αὑτὸν
622 548 802 574 ἀποστατικειὶ
812 547 950 583 δυνάμεις,

160 591 322 627 δημιουργοὶ
335 594 382 628 τῆς
398 593 506 626 κακίας,
518 595 551 629 τῇ
565 593 612 620 τοῦ
629 594 710 620 καλοῦ
727 595 811 629 φυγῇ,
827 594 874 620 καὶ
885 595 952 629 ἡμῖν

161 637 299 672 πρόξενοι.

197 730 225 757 I’.
242 729 321 756 Οὕτω
337 729 386 765 μὲν
401 727 447 757 οὖν
469 731 483 756 ὁ
504 730 598 766 νοητὸς
625 731 710 766 αὐτῷ,
737 732 785 758 καὶ
805 730 848 758 διὰ
867 730 952 757 ταῦτα

160 776 266 810 ὑπέστη
284 776 396 810 κόσμος,
418 776 455 808 ὡς
476 777 526 811 ἐμὲ
549 776 614 810 γοῦν
638 777 702 811 περὶ
722 776 825 803 τούτων
846 777 953 811 φιλοσο-

161 822 259 856 φῆσαι,
276 821 367 857 μικρῷ
380 822 451 857 λόγῳ
469 822 503 848 τὰ
529 822 634 858 μεγάλα
654 822 858 857 σταθμώμενον.
877 823 952 849 Ἐπεὶ

159 867 187 894 δὲ
202 868 237 893 τὰ
255 867 351 901 πρῶτα,
368 867 458 899 καλῶς
478 866 550 903 εἶχεν
566 868 650 903 αὐτῷ,
667 868 792 903 δεύτερον
806 870 892 895 ἐννοεί
908 868 953 895 κό-

160 921 230 948 σμον
254 912 344 939 ὑλικὸν
370 913 417 939 καὶ
441 913 598 948 ὁρώμενον·
616 914 663 940 καὶ
689 911 765 945 οὗτός
789 914 847 940 ἐστι
870 915 900 940 τδ
922 915 951 947 ἐξ
968 903 987 929 Β

158 957 276 995 οὐρανοῦ
295 958 343 985 καὶ
362 959 425 993 γῆς,
447 959 493 985 καὶ
510 959 564 985 τῶν
585 960 613 985 ἐν
630 959 706 993 μέσῳ
720 959 848 994 σύστημά
862 968 891 985 τε
905 960 952 986 καὶ

159 1006 313 1041 σύγκριμα,
328 1004 470 1031 ἐπαινετὸν
484 1005 532 1040 μὲν
551 1007 600 1040 τῆς
621 1004 683 1031 καθ’
697 1005 811 1031 ἕκαστον
825 1005 950 1040 εὐφυΐας,

158 1050 421 1086 ἀξιεπαινετὼτερον
440 1051 468 1076 δὲ
492 1051 540 1085 τῆς
560 1051 588 1083 ἐξ
623 1051 749 1078 ἁπάντων
770 1051 952 1087 εὐαρμοστίας

158 1098 207 1124 καὶ
226 1096 396 1132 συμφωνίας.
413 1096 493 1123 ἄλλου
517 1096 584 1132 πρὸς
603 1096 666 1123 ἄλλο
683 1105 708 1122 τι
724 1096 813 1128 καλῶς
833 1097 950 1132 ἔχοντος,

157 1145 207 1171 καὶ
222 1143 331 1170 πάντων
353 1143 421 1178 πρὸς
437 1143 554 1175 ἅπαντα,
575 1143 615 1174 εἰς
638 1143 697 1174 ἐνὸς
712 1143 815 1178 κόσμου
829 1143 953 1178 συμπλή-

159 1197 263 1224 ρωσιν·
287 1189 331 1216 ἵνα.
351 1189 436 1224 δείξῃ,
460 1189 496 1224 μὴ
525 1188 604 1224 μόνον
617 1183 730 1215 ὀἰκείαν
753 1188 843 1223 ἑαυτῷ
859 1189 950 1223 ῳύσιν,

157 1235 229 1262 ἀλλὰ
251 1235 299 1261 καὶ
320 1235 410 1269 πάντη
435 1235 514 1269 ξένην
542 1234 747 1270 ὑποστήσασθαι
768 1235 880 1266 δυνατὸς
903 1234 950 1262 ὧν.

157 1281 267 1307 οἰκεῖον
289 1280 339 1315 μὲν
357 1279 412 1315 γὰρ
425 1280 561 1316 θεότητος,
580 1281 606 1307 αἱ
626 1281 720 1316 vespa).
734 1280 838 1314 φύσεις.
858 1281 904 1307 καὶ
914 1280 953 1316 νῷ

159 1326 235 1362 μόνῳ
259 1326 361 1362 ληπταί
374 1335 380 1341 ·
398 1326 472 1359 ξένον
488 1327 516 1353 δὲ
536 1327 710 1354 παντάπασιν
730 1327 797 1362 (25),
817 1328 879 1354 ὅσαι
901 1327 953 1354 ὑπὸ

156 1373 212 1410 ’τὴν
231 1372 369 1407 αἴσθησιν,
397 1373 444 1399 καὶ
467 1373 570 1399 τούτων
595 1373 686 1399 αὐτῶν
710 1373 750 1399 ἔτι
771 1373 951 1408 πορρωτέρω,

157 1418 219 1444 ὅσαι
235 1417 376 1449 παντελῶς
392 1417 491 1452 ἇψυχοι
503 1418 551 1445 καὶ
564 1418 703 1454 ἀκίνητοιο
721 1417 801 1444 Ἀλλὰ
813 1418 839 1444 ’τί
852 1418 953 1445 τούτων

157 1464 244 1499 ἡμῖν,
266 1464 336 1498 τάχα
362 1463 396 1490 ἂν
416 1465 488 1491 εἴποι
505 1473 547 1496 τις
573 1465 628 1490 τῶν
650 1465 711 1491 λίαν
735 1464 885 1500 φιλεόρτων
905 1464 953 1491 καὶ

160 1509 354 1546 Θερμοτέρων;
380 1509 477 1536 Κὲντει
500 1511 546 1537 τὸν
568 1511 657 1538 πῶλον
673 1511 729 1547 (24)
747 1511 811 1546 περὶ
827 1511 877 1545 τὴν
891 1509 954 1537 νύσ-

160 1563 220 1582 σαν.
243 1554 285 1581 Τὰ
298 1555 346 1590 τῆς
364 1555 460 1591 ἑορτῆς
475 1556 539 1592 ἡμῖν
556 1556 707 1591 φιλοσόφει,
725 1557 773 1584 καὶ
792 1555 832 1588 οἷς
847 1564 952 1592 προκα-
965 1575 986 1604 C

159 1600 297 1636 θεζόμεϐα
318 1601 349 1636 σή
355 1610 448 1636 μερον.
470 1602 556 1629 Τοῦτο
570 1603 602 1637 δὴ
617 1604 664 1630 καὶ
673 1603 789 1638 ποιήσω,
805 1603 851 1629 καὶ
863 1603 888 1629 ει
909 1611 953 1638 μι-

159 1646 226 1682 κρὸν
243 1646 347 1673 ἄνωθεν
361 1647 498 1682 ἠρξάμην,
515 1647 585 1674 οὕτω
599 1649 646 1675 τοῦ
658 1648 740 1675 πόθου
754 1649 802 1675 καὶ
815 1648 861 1675 τοῦ
873 1648 952 1681 λόγου

160 1691 336 1727 βιασαμένων
354 1693 420 1728 (“.25).

160 1744 193 1765 ex
214 1737 269 1769 bis,
287 1738 332 1773 qui
349 1738 426 1765 festis
448 1739 595 1773 impensius
616 1740 794 1773 delectantur,

1003 281 1062 301 mus
1079 274 1168 301 dicere
1188 275 1221 301 ad
1242 274 1341 301 malum
1355 274 1514 306 immobiles,
1533 279 1613 309 atque
1635 276 1668 302 ad
1686 276 1785 304 bonum

1002 320 1134 347 duntaxat
1161 320 1333 355 agitationem
1352 320 1492 354 habentes,
1512 326 1604 355 utp0te
1632 321 1717 349 Deum
1733 323 1787 350 cir—

1003 370 1185 398 cumstantes,
1209 374 1242 393 ac
1268 366 1399 401 primario
1425 366 1473 393 Dei
1499 366 1601 401 fulgore
1625 367 1785 396 collueentes

1003 409 1070 444 (hzee
1085 411 1155 437 enim
1172 410 1299 438 inferiora
1308 411 1474 438 secundarim
1486 411 1687 439 illuminationis
1701 413 1784 447 sunt);

1002 463 1095 482 verum
1111 460 1138 482 ut
1157 464 1208 483 non
1225 457 1334 483 omnino
1350 457 1511 489 immobiles,
1525 458 1571 484 sed
1588 465 1659 492 zrgre
1674 458 1786 486 mobiles

1002 502 1156 529 existimem
1175 509 1206 529 ac
1226 502 1326 535 dicam,
1345 502 1409 529 mihi
1428 504 1571 536 persuadet
1590 503 1634 530 ille
1647 503 1682 530 ob
1699 503 1787 537 splen-

1003 548 1094 576 dorem
1121 548 1239 578 Lucifer.
1255 549 1300 582 qtti
1325 554 1435 583 propter
1457 549 1610 583 superbiam
1636 549 1733 582 caligo,
1760 553 1787 576 et

1002 593 1112 620 effectus
1123 598 1173 625 est,
1192 598 1219 620 et
1233 594 1397 626 nominatur,
1412 601 1445 621 ac
1468 593 1594 628 subjecta:
1606 594 1656 628 ipsi
1673 594 1786 621 rebelles

1003 643 1159 673 potestates,
1176 646 1236 673 quae
1258 645 1306 674 per
1319 639 1380 666 boni
1404 639 1495 674 fugam
1512 639 1605 666 vitium
1628 639 1784 672 effecerunt,

1003 685 1121 719 illudque
1135 685 1212 712 nobis
1232 689 1433 712 contraxerunt.

1038 731 1071 758 Χ.
1087 732 1130 758 Sic
1152 731 1242 766 igitur,
1261 737 1341 767 atque
1358 733 1393 759 ob
1423 733 1472 760 has
1491 739 1598 765 causas,
1622 733 1785 762 intellectilis

1002 777 1117 804 mundus
1134 778 1167 804 ab
1182 785 1214 804 eo
1226 783 1333 805 creatus
1344 782 1393 810 est,
1409 782 1538 812 quantum
1555 779 1661 813 quidem
1682 780 1739 814 ipse
1752 781 1784 808 de

1002 823 1044 850 Itis
1058 824 1136 850 rebus
1150 824 1332 858 philosophari
1343 831 1421 858 queo,
1433 824 1528 858 exigua
1538 825 1661 852 oratione
1672 833 1715 852 res
1730 833 1788 852 tua-

1003 876 1068 903 gnas
1090 869 1176 904 669
1196 870 1358 904 expendens.
1378 869 1556 904 Posteaquam
1576 873 1664 896 autem
1686 871 1787 904 primas

1002 916 1147 942 creationis
1162 919 1252 949 partes
1264 915 1392 949 praeclare
1409 916 1568 944 constitutas
1579 916 1655 949 vidit,
1667 917 1781 944 alterum

1002 961 1129 988 mundum
1145 962 1254 988 materia
1266 966 1433 988 constantem
1445 966 1472 989 et
1485 962 1675 996 aSpeetabilem
1685 963 1785 997 rogita-

1002 1007 1053 1039 vit;
1066 1007 1133 1034 hanc
1148 1007 1274 1034 nimirum
1284 1015 1316 1034 ex
1328 1007 1398 1034 ccelo
1410 1011 1437 1034 et
1448 1011 1530 1040 terra,
1541 1012 1567 1034 et
1576 1007 1617 1034 his
1626 1007 1784 1041 rebus.qum

1001 1061 1093 1081 eorum
1108 1053 1249 1088 complexu
1271 1053 1454 1086 continentur,
1475 1052 1736 1088 coagmentationem
1758 1057 1788 1080 et

1002 1100 1212 1131 concretionem,
1223 1099 1386 1127 laudandam
1403 1099 1476 1126 illam
1492 1099 1609 1133 quidem,
1621 1098 1657 1125 ob
1671 1097 1788 1132 singula-

1002 1153 1061 1173 rum
1079 1146 1194 1181 partium
1213 1146 1387 1180 elegantiam,
1407 1153 1498 1173 verum
1522 1144 1727 1172 laudabiliorem
1753 1146 1788 1171 ob

1002 1198 1073 1222 eam,
1089 1198 1147 1225 qua:
1164 1198 1196 1218 ex
1213 1191 1348 1218 universis
1358 1191 1474 1223 exsistit,
1489 1190 1696 1218 concinnitatem
1708 1194 1788 1225 atque

1003 1236 1186 1268 concordiam,
1215 1235 1267 1263 alia
1300 1244 1329 1263 re
1351 1236 1475 1263 videlicet
1497 1243 1559 1262 cum
1591 1235 1643 1263 alia
1669 1235 1786 1270 quadam

1002 1281 1116 1316 pulchre
1130 1281 1291 1315 quadrante,
1305 1285 1386 1315 atque
1409 1280 1534 1308 omnibus
1556 1288 1615 1308 eum
1641 1280 1785 1313 universis,

1003 1327 1036 1354 ad
1050 1327 1129 1354 unius
1145 1326 1236 1353 mundi
1255 1331 1380 1353 ornatum
1400 1326 1525 1353 omnibus
1549 1326 1670 1353 numeris
1695 1326 1787 1354 absol-

1002 1373 1118 1400 vendum
1137 1377 1187 1399 :ut
1208 1373 1270 1400 illud
1292 1373 1459 1403 ostenderet.
1477 1379 1507 1399 se
1520 1380 1572 1399 non
1590 1372 1668 1399 modo
1683 1371 1788 1407 sibiipsi

1004 1423 1144 1453 cognatam
1160 1423 1186 1445 et
1208 1418 1388 1453 propinquam
1412 1422 1547 1450 naturam,
1564 1418 1610 1444 sed
1632 1417 1712 1444 etiam
1730 1425 1789 1444 om-

1003 1464 1068 1490 nino
1082 1464 1196 1491 alienam
1207 1472 1286 1499 posse
1303 1470 1456 1498 procreare.
1478 1463 1630 1490 Divinitatis
1643 1463 1715 1490 enim
1728 1469 1789 1497 pro-

1003 1508 1110 1544 pinquae
1123 1513 1186 1535 sttnt
1203 1512 1306 1535 natura:
1332 1512 1421 1535 mente
1435 1508 1565 1543 prmditze,
1583 1513 1610 1535 et
1625 1514 1685 1542 quae
1699 1512 1790 1534 mente

1003 1555 1058 1582 sola
1071 1554 1171 1590 percipi
1189 1559 1301 1589 possunt
1316 1563 1323 1580 :
1341 1553 1435 1581 alienae
1451 1558 1542 1581 autem
1569 1560 1690 1587 prorsus,
1711 1560 1789 1587 qum-

1005 1608 1111 1636 cunque
1124 1600 1175 1628 sub
1191 1608 1286 1628 sensus
1299 1601 1407 1633 cadunt,
1421 1600 1515 1634 hisque
1540 1599 1604 1633 ipsis
1619 1598 1724 1633 longius
1738 1598 1788 1625 ad.

1006 1647 1059 1673 bue
1081 1650 1200 1679 remoue,
1214 1652 1273 1680 qua:
1295 1646 1384 1672 anima
1403 1652 1512 1679 prorsus
1538 1649 1566 1670 et
1592 1649 1666 1670 motu
1685 1647 1788 1670 c‘arent.

1009 1691 1061 1719 Sed
1072 1699 1199 1726 quorsutn
1213 1691 1271 1718 hanc
1287 1691 1320 1718 ad
1336 1698 1395 1722 nos,
1412 1689 1512 1717 dixerit
1524 1689 1641 1716 fortasse
1655 1688 1790 1724 quispiam

834 1747 866 1767 ac
900 1737 1038 1766 fervidiori
1066 1737 1158 1763 aninto
1188 1736 1274 1763 sunt?
1300 1735 1403 1769 Equum
1429 1737 1462 1763 ad
1488 1741 1586 1763 metam
1608 1735 1727 1762 stimula.
1754 1734 1792 1761 De

161 1784 207 1818 iis,
231 1792 295 1820 quae
325 1785 360 1812 ad
390 1786 489 1813 festum
508 1788 632 1820 attinent,
647 1793 673 1814 et
693 1788 727 1815 ob
746 1795 804 1822 quas
831 1787 912 1814 hodie
940 1785 1111 1819 assidemus,
1138 1783 1336 1819 pbilosophare.
1365 1784 1422 1812 [loc
1446 1783 1576 1818 equidem
1602 1782 1711 1816 faciam,
1740 1785 1791 1812 etsi

160 1833 239 1868 paulo
256 1833 336 1860 altius
360 1841 472 1861 exorsus
488 1841 558 1865 sum,
574 1841 635 1860 eum
653 1834 814 1861 desiderium
830 1838 856 1859 et
873 1832 1003 1860 orationis
1014 1831 1098 1857 series
1116 1829 1148 1856 ad
1163 1829 1189 1856 id
1202 1834 1308 1863 cogant.

195 1880 251 1906 IA’.
267 1879 340 1911 Νοῦς
361 1880 409 1914 μὲν
430 1877 476 1906 οὖν
503 1880 552 1915 ἤδη
578 1879 626 1906 καὶ
648 1879 774 1914 αἴσθησις
790 1878 956 1913 (26),ο’ύτως

159 1924 207 1950 ἀπ’
235 1924 360 1959 ἀλλήλων
391 1924 582 1960 διακριθέντα,
609 1924 663 1951 τῶν
690 1924 762 1951 ἰδίων
786 1924 856 1959 ὅρων
880 1923 955 1955 ἐντὸς

160 1971 345 2006 εἱστήκεισαν,
362 1970 408 1997 καὶ
425 1970 454 1997 τὸ
468 1970 514 1997 τοῦ
531 1970 696 2006 δημιουργοῦ
712 1970 797 2004 Λόγου
815 1970 955 2004 μεγαλεῖον

160 2016 189 2043 ὲν
212 2017 322 2047 ἑαυτοῖς
349 2016 456 2051 ἔφερον,
489 2017 618 2050 σιγῶντες
639 2016 778 2042 ἐπαινέται
798 2016 847 2051 τῆς
870 2024 955 2051 μεγα-

160 2062 359 2098 λουργίας,κα“ι
372 2062 527 2098 διαπρύσιοι
541 2063 669 2098 κήρυκες.
683 2061 765 2088 Οὔπω
777 2062 804 2088 δὲ
815 2060 848 2097 ἦν
860 2062 955 2097 κρᾶμα

161 2108 190 2141 ἐξ
210 2107 388 2144 ἀμφοτέρων,
415 2108 476 2134 οὐδέ
494 2117 535 2140 τις
566 2108 638 2142 μίξις
664 2108 718 2134 τῶν
746 2107 883 2138 ἐναντίων,
912 2115 956 2133 σο-

161 2153 224 2187 φίας
251 2152 376 2188 μείζονος
399 2151 553 2187 γνώρισμα,
580 2153 626 2178 x2).
639 2153 688 2187 τῆς
709 2151 773 2185 περὶ
792 2151 840 2182 τὰς
859 2149 955 2184 φύσεις

162 2197 354 2228 πολυτελείας·
378 2198 437 2224 οὐδὲ
460 2199 474 2224 ὁ
499 2199 553 2229 πᾶς
579 2198 693 2228 πλοῦτος
720 2198 768 2232 τῆς
788 2196 955 2230 ἀγαοότητος

161 2242 316 2279 γνώριμος.
340 2242 426 2269 Τοῦτο
450 2243 480 2278 δὴ
505 2243 645 2278 βουληθεὶς
670 2244 683 2269 ὁ
709 2242 834 2277 τεχνίτης
856 2241 956 2268 ἐπιδεί-

163 2288 259 2321 ξασθαι
277 2288 375 2322 Λόγος.
395 2289 443 2314 καὶ
465 2288 533 2320 ζῶον
550 2289 578 2315 ἓν
597 2288 627 2320 ἐξ
646 2288 820 2323 ἀμφοτέρων,
838 2286 954 2322 ἀοράτου

162 2343 191 2360 τε
203 2334 277 2368 λέγω
293 2334 340 2360 καὶ
354 2335 455 2370 ὁρατῆς
471 2334 587 2367 φύσεως,
611 2334 773 2370 δημιουργεί
787 2333 833 2359 τὸν
851 2332 956 2367 ἄνθρω-

163 2386 226 2404 πον·
248 2378 299 2404 καὶ
320 2378 395 2412 παρὰ
417 2379 465 2412 μὲν
483 2379 532 2414 τῆς
558 2378 625 2413 ὕλης
651 2378 739 2405 λαϐὼν
757 2378 787 2404 τὸ
802 2377 882 2413 σῶμα
903 2377 953 2413 ἤδη

1042 1875 1087 1902 XI.
1105 1875 1248 1902 Enimvero
1272 1883 1347 1903 mens
1362 1875 1417 1910 jam
1437 1879 1465 1902 et
1485 1883 1590 1908 sensus,
1612 1874 1652 1902 sic
1673 1875 1744 1903 inter
1761 1882 1792 1902 se

1006 1922 1133 1954 discreta,
1162 1922 1262 1949 finibus
1284 1922 1340 1949 suis
1361 1930 1391 1949 se
1419 1923 1610 1955 continebant,
1632 1923 1789 1957 opificisque

1005 1967 1085 1995 Verbi
1109 1968 1276 2002 majestatem
1300 1968 1327 1995 in
1347 1968 1443 2002 seipsis
1456 1969 1587 2001 ferebant,
1604 1970 1674 1996 taciti
1699 1969 1791 1996 lauda-

1005 2019 1077 2041 tores
1095 2014 1206 2047 insignis
1228 2013 1338 2047 opilicii,
1362 2018 1389 2041 et
1409 2014 1529 2041 celebres
1547 2021 1694 2049 praecones.
1716 2015 1790 2042 Non-

1005 2059 1067 2086 dum
1094 2063 1183 2085 autem
1212 2058 1354 2092 utriusque
1384 2059 1542 2093 temperatio
1568 2059 1620 2086 ulla
1650 2065 1719 2091 erat,
1743 2066 1790 2087 aut

1005 2105 1203 2132 contrariorum
1225 2104 1352 2137 mistura,
1376 2111 1435 2139 qua:
1461 2105 1626 2133 sublimioris
1649 2106 1787 2140 sapientia!

1005 2157 1037 2177 ac
1054 2151 1125 2178 circa
1149 2155 1305 2177 naturarum
1320 2150 1640 2178 creationem‘varietatis
1659 2158 1686 2178 et
1700 2153 1789 2179 excel-

1004 2196 1092 2223 lentiae
1105 2196 1240 2230 specimen
1253 2195 1410 2229 exhiberet;
1432 2204 1481 2224 nec
1494 2203 1589 2224 omnes
1603 2198 1729 2225 bonitatis
1744 2198 1788 2224 di-

1004 2241 1076 2268 vitiae
1097 2247 1166 2268 notae
1183 2246 1264 2274 atque
1288 2246 1416 2275 spectatae
1437 2246 1524 2268 erant.
1538 2242 1605 2269 Cum
1621 2243 1701 2278 igitur
1720 2244 1788 2271 arti-

1006 2286 1048 2313 fici
1062 2286 1149 2314 Verbo
1162 2287 1232 2314 istud
1250 2287 1393 2314 ostendere
1411 2287 1564 2322 placuisset,
1583 2288 1683 2315 animal
1705 2296 1786 2316 unum

1007 2341 1039 2360 ex
1055 2337 1180 2367 utroque,
1195 2333 1245 2359 hoc
1256 2337 1306 2365 est,
1325 2339 1356 2359 ex
1371 2332 1497 2360 invisibili
1520 2341 1552 2361 ac
1567 2334 1665 2361 visibili
1689 2338 1783 2361 natura

1007 2379 1142 2406 hominem
1167 2377 1333 2410 fabricatur;
1358 2382 1439 2412 atque
1460 2386 1476 2406 a
1492 2379 1615 2411 materia,
1633 2387 1693 2414 quae
1714 2381 1790 2414 prius

163 2424 386 2459 προῦποστάσης,
406 2426 470 2459 παρ’
486 2413 582 2461 ἑᾴυτοῦ
605 2424 635 2451 δὲ
658 2424 742 2460 πνοὴν
760 2424 815 2459 (27)
831 2423 918 2454 ἐνθεὶς
932 2423 953 2458 (ὃ

1006 2425 1063 2460 jam
1076 2428 1165 2451 creata
1179 2428 1247 2456 erat,
1264 2431 1361 2458 corpus
1373 2425 1519 2459 accipiens,
1536 2433 1550 2452 a
1565 2433 1594 2453 se
1606 2430 1694 2453 autem
1708 2426 1792 2461 spira-

162 2468 194 2504 δὴ
219 2469 320 2504 νοερὰν
345 2469 433 2505 ψυχὴν
461 2470 507 2496 καὶ.
526 2470 617 2496 εἰκόνα
635 2469 703 2496 Θεοῦ
729 2468 798 2496 οἶδεν
818 2470 832 2497 ὁ
853 2468 951 2504 λόγος),

198 2561 256 2597 (25)
280 2559 375 2588 Ξένον
390 2560 424 2597 de
440 2561 640 2592 παντάπασδκ
655 2565 707 2588 etc.
735 2559 795 2597 Ilree
815 2561 854 2587 sic
872 2567 953 2597 expo-

164 2595 208 2623 nit‘
220 2596 332 2623 Nicetas
347 2605 354 2622 :
370 2604 379 2621 ι
395 2595 500 2623 Natura:
509 2604 569 2630 quae
586 2597 611 2622 in
625 2603 719 2623 sensus
734 2595 842 2627 cadunt,
857 2595 950 2622 alienaI

164 2635 226 2658 sunt
241 2639 257 2657 a
277 2630 333 2657 Deo
345 2631 450 2658 ratione
467 2636 578 2662 naturae,
597 2631 709 2665 ecquod
731 2630 829 2656 nullam
845 2638 905 2657 cum
919 2637 952 2657 eo

164 2666 355 2693 similitudinis
370 2666 502 2693 rationem
530 2666 656 2693 habeant.
689 2665 796 2695 Verum,
822 2669 952 2698 quantum

163 2701 198 2728 ad
210 2700 361 2728 creationis
377 2705 404 2727 et
417 2700 595 2731 Providentiae
608 2701 752 2732 rationem,
773 2699 844 2726 nulla
856 2705 952 2727 natura

163 2739 206 2763 est
219 2742 234 2761 ι
242 2735 304 2762 Deo
317 2735 414 2762 aliena.
424 2744 434 2760 ι

201 2769 260 2804 (24)
271 2769 376 2796 Κέντει
386 2770 439 2796 τὸν
451 2769 563 2803 πῶλον,
578 2775 631 2798 etc.
658 2771 770 2798 Ruﬁnus
781 2769 953 2804 proverbium

165 2804 240 2833 istud
252 2805 296 2831 sie
314 2806 393 2832 vertit
409 2813 416 2832 :
439 2814 449 2831 ι
462 2806 531 2838 Quid
543 2806 598 2833 haec
613 2807 646 2833 ad
665 2806 792 2833 causam?
809 2805 877 2838 Quid
892 2812 953 2832 eur-

167 2847 215 2866 rus
233 2840 294 2873 agis
310 2844 384 2875 extra
408 2839 527 2866 metam?
549 2840 593 2867 llla
609 2842 696 2874 nobis,
716 2849 775 2875 qum
788 2842 820 2868 ad
832 2840 944 2867 solemni

167 2878 252 2901 tatem
268 2873 415 2909 pertinent,
428 2875 537 2903 dissere.
548 2884 558 2900 ι

1009 2469 1098 2497 culum
1116 2470 1238 2496 inserens
1258 2468 1340 2504 (quod
1360 2469 1471 2503 quidem
1497 2470 1703 2498 intellectualem
1731 2471 1792 2498 ani-

1045 2560 1101 2596 (25)
1119 2560 1201 2596 οὕτω
1219 2560 1271 2588 τοῦ
1290 2561 1383 2588 πόθου
1400 2561 1448 2588 καὶ
1468 2560 1521 2587 τοῦ
1535 2561 1628 2595 λόγου
1643 2560 1792 2595 ,βιασαμέ-

1004 2603 1075 2631 [om
1105 2605 1120 2631 ί
1134 2595 1279 2625 Desiderio.
1312 2600 1339 2622 et
1351 2596 1482 2623 orationis
1508 2596 1578 2623 serie
1597 2597 1764 2631 cogentibus.
1778 2606 1789 2622 ι

1005 2629 1067 2657 Haec
1079 2638 1092 2656 a
1104 2630 1182 2656 Billio
1199 2631 1309 2657 omissa.

1041 2665 1097 2700 (26)
1114 2664 1193 2698 Νοῦς
1258 2665 1307 2692 καὶ
1322 2665 1474 2699 αἴσθησις.
1490 2665 1644 2700 Gregorius,
1660 2664 1734 2699 juxta
1748 2665 1794 2692 Ni-

1004 2705 1104 2731 cetam,
1128 2707 1174 2733 per
1205 2709 1215 2724 ‹
1229 2705 1367 2727 mentem)
1399 2701 1524 2735 intelligit
1545 2709 1555 2725 ‹
1571 2701 1718 2734 ιιηξεΙοςςι
1745 2708 1794 2735 per

1011 2743 1020 2760 ι
1034 2742 1142 2762 sensum
1155 2744 1164 2760 ›
1193 2741 1270 2766 vero,
1295 2744 1303 2760 ε
1318 2736 1455 2768 mundum,
1471 2744 1480 2761 ι
1515 2735 1561 2769 qui
1574 2743 1660 2769 sensu
1677 2737 1793 2770 percipi-

1008 2774 1061 2796 Illl'.

1043 2804 1102 2840 (27),
1116 2804 1228 2840 Πνοήν.
1249 2813 1257 2829 ι
1268 2804 1434 2839 Spiraculum
1460 2815 1469 2831 ι
1492 2804 1538 2833 Sic
1553 2809 1607 2832 tres
1621 2804 1716 2840 Βίης..
1727 2813 1792 2839 qua-

1011 2839 1173 2876 tuorrColAls"
1188 2839 1306 2876 Coile,
1336 2840 1421 2867 (ll-.er
1451 2841 1496 2869 Sic
1516 2841 1595 2868 etiam
1612 2839 1791 2876 \eglt’Btliius.

1008 2874 1039 2901 lu
1055 2875 1109 2902 θα..
1128 2874 1212 2910 ζωήν,
1228 2884 1236 2900 ι
1249 2875 1337 2902 vitam.
1354 2883 1363 2901 ι
