2029 3127
262 141 316 169 325

865 141 894 169 S.
915 141 1081 170 GREGORII
1100 140 1272 169 THEOLOGI

1834 144 1887 171 '52-.

262 207 344 233 mam,
361 199 463 234 Deique
490 199 634 235 imaginem
653 198 792 234 Scriptura
808 198 908 233 vocat),
927 200 999 226 velut
1012 201 1047 225 al-

1102 197 1157 226 οἴόν
1171 208 1231 226 τινα
1246 199 1347 234 κόσμον
1362 199 1495 235 δεύτερον,
1510 200 1539 226 ὲν
1556 199 1647 235 μικρῷ
1666 199 1762 235 μέγαν,
1778 200 1824 228 ἐπὶ
1838 203 1888 237 τῆς

263 253 350 274 terum
372 245 514 280 quemdam
540 245 679 277 munduttt,
708 245 734 272 itt
758 252 841 278 parvo
862 252 998 279 magnum,
1018 245 1043 272 in

263 293 464 324 terracollocat,
488 291 613 327 angelum
626 291 718 323 alium,
736 291 846 317 mistunt
861 291 1043 324 adoratorem,

261 337 376 364 visibilis
401 342 504 364 naturte
529 341 723 371 spectatorem,
741 336 905 364 intellectilis
928 341 1043 370 mystea,

260 390 354 410 eorum
380 383 498 417 quidem,
517 390 576 417 quae
595 382 621 409 in
646 386 715 409 terra
731 387 804 414 sttnt,
825 389 925 416 regem,
940 383 1044 416 superis

261 433 350 455 autem
366 429 510 461 subditum,
535 434 669 455 terrettum
697 433 724 455 et
747 428 895 459 caelestem,
914 428 1044 454 caducum

261 480 288 501 et
303 475 493 506 immortalem,
510 475 642 501 visibilem
660 479 687 501 et
703 474 911 509 intelligibilcm,
929 474 1045 500 ntediuttt

260 521 343 555 670
356 521 643 555 intermagnitudinem
659 526 685 546 et
699 520 896 552 humilitatem;
909 520 1045 553 eumdem,

262 568 386 601 spiritum
406 571 433 593 et
461 574 589 599 carnem;
612 567 745 600 spiritum,
775 571 884 600 propter
910 566 1045 601 gratiam;

261 621 381 643 carnem,
397 612 431 638 ob
445 612 596 646 superbiam
615 621 621 638 :
637 611 710 643 illud,
730 616 758 638 ut
783 616 899 643 maneat,
915 619 946 638 ac
963 612 1044 638 bene—

262 660 371 685 iactor-is
385 658 499 692 gloriam
520 658 666 692 praedicet;
680 658 741 689 hoc,
761 661 791 684 ut
810 663 932 688 vexetur,
950 664 982 683 ac
999 664 1046 691 per

261 705 419 731 vexationes
444 704 629 736 admoneatur,
651 708 678 730 ct
706 704 740 730 ob
760 704 971 738 magnitudinem
990 703 1048 738 glo-

264 750 336 776 rians
348 749 489 776 erudiatur
506 753 586 784 atque
601 749 768 784 castigetur;
784 749 883 775 animal
897 749 939 775 hic
953 749 1048 783 guber-

261 800 366 828 natum,
393 801 473 830 alque
502 795 554 822 alio
581 795 744 828 detnigrans,
763 799 800 826 ct,
826 794 897 829 quod
925 794 1046 829 mysterii

261 847 411 868 extremum
428 846 478 873 est,
504 849 553 876 per
568 841 650 867 animi
670 842 702 868 ad
728 841 812 868 Deum
839 841 1044 875 propensionem

1098 245 1150 280 γῆς
1171 245 1286 280 ἵστησιν,
1315 245 1430 279 ἄγγελον
1456 246 1544 278 ἄλλον,
1572 247 1761 282 προσκυνητὴν
1781 247 1887 282 μικτδν,

1098 291 1219 326 ἐπόπτην
1236 291 1286 326 τῆς
1299 292 1399 327 ὁρατῆς
1414 292 1538 323 κτίσεως,
1553 291 1656 327 μύστην
1667 293 1716 327 τῆς
1727 292 1886 328 νοουμένης,

1098 335 1208 370 βασιλέα
1229 337 1283 362 τῶν
1303 337 1349 363 ἐπὶ
1371 337 1432 372 γῆς,
1457 337 1664 373 βασιλευόμενον
1688 338 1800 371 ἄνωθεν,
1829 339 1888 365 ἐπί-

1097 389 1170 414 γειον
1189 381 1236 406 καὶ
1253 381 1388 416 οὐράνιον,
1405 382 1572 417 πρόσκαιρον
1594 383 1641 408 καὶ
1661 382 1804 415 ἀθάνατον,
1821 383 1887 418 ὁρα-

1096 427 1141 454 τὸν
1152 429 1199 454 καὶ
1213 429 1365 464 νοούμενον,
1385 428 1466 464 μέσον
1479 427 1608 463 μεγέθους
1620 428 1667 454 καὶ
1678 428 1870 463 ταπεινότητος
1879 436 1887 444 '

1097 473 1143 499 τὸν
1154 474 1244 506 αὑτὸν,
1260 474 1369 509 πνεῦμα
1382 474 1428 500 καὶ
1443 474 1547 508 σάρκασ
1562 472 1671 508 πνεῦμα
1680 473 1724 500 διὰ
1735 474 1782 509 τὴν
1796 475 1885 509 χάριν,

1098 520 1188 554 σάρκα
1211 520 1255 546 διὰ
1274 520 1323 555 τὴν
1341 520 1474 554 ἔπαρσιν·
1495 520 1524 545 τὸ
1546 519 1610 554 μὲν,
1630 520 1673 546 ἵνα
1702 520 1770 556 μένῃ
1788 520 1836 546 καὶ
1852 520 1889 546 δο-

1099 565 1167 601 seen
1189 567 1234 593 τὸν
1260 567 1424 602 εὑεργέτην’
1448 566 1479 592 τὸ
1496 566 1541 598 δὲ,
1567 566 1609 592 ἵνα
1639 566 1746 601 πάσχῃ,
1773 567 1821 593 καὶ
1841 567 1890 593 πά.-

1099 621 1170 647 σκχων
1181 612 1236 647 (⁵28)
1246 613 1488 648 ὑπομιμνήσκηται
1503 612 1550 638 καὶ
1560 612 1720 647 παιδεύηται
1731 612 1770 647 τῷ
1780 612 1889 647 μεγέθει

1099 658 1325 694 φιλοτιμούμενος
1341 658 1412 694 (⁸29)*
1433 658 1502 690 ζῶον
1520 658 1635 684 ἐνταῦθα
1652 658 1888 693 οἰκονομούμενσν,

1098 705 1146 730 καὶ
1162 705 1278 739 ἀλλαχοῦ
1296 705 1501 740 μεθιστάμενον.
1515 705 1563 731 καὶ
1578 705 1664 739 πέρας
1677 705 1724 731 τοῦ
1740 705 1889 740 μυστηρίου

1098 751 1131 784 τῇ
1148 750 1216 783 πρὸς
1230 750 1296 777 Θεὸν
1313 750 1403 777 γεύσει
1423 750 1577 784 θεούμενον.
1596 751 1644 781 Εἰς
1656 750 1734 776 τοῦτο
1751 750 1806 785 γὰρ
1829 750 1891 784 ἐμοὶ

1099 795 1176 830 φέρει
1201 794 1232 820 τὸ
1259 795 1368 830 μέτριον
1395 794 1513 821 ἐνταῦθα
1541 795 1641 828 φέγγος
1664 794 1713 829 τῆς
1742 794 1888 829 ἀληθείας,

1100 841 1281 877 λαμπρότητα
1293 841 1360 867 Θεοῦ
1375 841 1421 867 καὶ
1435 841 1497 867 ἰδεῖν
1513 841 1561 867 καὶ
1574 840 1680 872 παθεῖν,
1693 840 1772 874 ἀξίαν
1782 840 1830 866 τοῦ
1844 841 1891 867 καὶ

263 887 430 914 divinitatem
447 894 628 920 consequens.
642 885 681 913 Eo
699 886 771 913 enim
789 886 854 912 tttilti
870 885 993 913 veritatis
1004 885 1047 912 ille

1100 887 1288 922 συνδήσαντος,
1304 887 1351 914 καὶ
1366 887 1492 918 λύσοντος
1505 886 1571 921 (50),
1589 887 1636 913 καὶ
1653 885 1732 918 αὖθις
1747 887 1891 922 συνδήσαν-

261 932 394 966 splendor,
421 940 500 967 quem
530 932 572 959 hic
601 932 698 967 exigue
727 933 877 965 ltanrintus,
901 932 995 964 tendit,
1019 936 1048 958 ut

1101 942 1147 966 τος
1163 934 1340 969 ὑψηλότερον.

261 977 311 1005 Dei
329 978 479 1005 claritatem
505 982 534 1005 et
551 978 666 1011 videam,
679 981 707 1005 ct
721 978 848 1010 sentiam,
866 978 974 1013 dignam
997 984 1040 1010 eo,
1060 978 1116 1012 qui,
1147 983 1174 1006 et
1204 979 1377 1012 constrinxit,
1413 983 1441 1006 et
1462 978 1599 1011 dtssolvet,
1623 985 1655 1006 ac
1676 986 1784 1006 rursum
1807 978 1891 1006 subli-

262 1024 331 1051 mius
340 1024 486 1058 colligabit.

299 1071 355 1099 ΧΗ.
374 1072 449 1099 llunc
465 1071 568 1099 arbitrii
588 1071 713 1100 libertate
737 1073 865 1099 donatum
889 1071 930 1105 (ut
948 1071 1048 1098 bonunt

260 1126 314 1146 non
328 1120 415 1146 minus
428 1119 498 1145 illius
516 1123 598 1151 esset,
611 1119 656 1153 qui
674 1118 808 1153 elegisset,
827 1125 907 1153 quam
923 1118 992 1152 ejus,
1002 1117 1048 1152 qui

261 1166 362 1193 sentina
375 1165 552 1200 prtebuissel),
575 1166 600 1192 itt
616 1165 752 1199 paradiso,
770 1165 924 1199 quicunque
937 1163 1045 1190 tandem

260 1216 320 1238 eral.
336 1212 474 1246 paradisus
495 1211 548 1243 ille,
568 1211 718 1243 collocavit,
733 1212 886 1245 plantarum
903 1210 1046 1236 immorta-

261 1257 326 1285 liutn
342 1258 484 1288 cultorem,
498 1258 550 1284 hoc
566 1262 616 1289 est,
634 1257 749 1284 fortasse
768 1257 922 1283 divinarum
940 1255 1046 1290 cogita-

262 1304 377 1336 tionum,
394 1309 447 1330 tattt
460 1303 666 1337 sintplieiorum,
682 1309 762 1336 quam
777 1300 978 1335 perfectiorunt,
999 1308 1049 1326 ttu-

261 1349 336 1380 dutn,
354 1353 483 1383 quattttttn
505 1349 540 1374 ad
562 1347 761 1381 simplicitatem
784 1350 811 1373 et
832 1346 915 1372 vitam
942 1349 1001 1372 arte
1022 1350 1049 1371 et

251 1394 321 1421 .fuco
334 1400 479 1426 carentem,
499 1399 579 1428 atque
601 1393 689 1420 omnis
716 1393 894 1427 integnmettti
914 1397 941 1420 et
959 1392 1048 1419 muni-

262 1440 343 1466 menti
368 1445 515 1474 expertem.
545 1439 636 1466 Talem
658 1439 729 1465 enitn
749 1446 810 1465 eum
825 1446 886 1466 esse
905 1439 1050 1466 convenie-

260 1484 317 1516 bat,
332 1485 377 1519 qui
402 1486 517 1518 primunt
541 1489 613 1510 esset
640 1490 757 1511 creatus.
781 1485 821 1511 Ac
843 1484 942 1518 legem,
969 1484 1049 1518 quasi

250 1531 412 1563 materiam,
426 1531 510 1557 libero
521 1530 635 1556 arbitrio
651 1531 740 1557 tradit.
751 1529 804 1557 Lex
819 1536 908 1557 autent
921 1530 965 1556 illa
981 1537 1049 1564 pra:-

260 1581 367 1609 ceptnnt
387 1581 457 1608 erat,
477 1583 530 1610 quo
555 1576 790 1610 praescribebatur,
814 1581 869 1602 tum
891 1577 990 1610 quibus
1008 1583 1049 1602 ar-

251 1621 371 1649 .boribus
387 1622 413 1648 ei
430 1623 557 1648 utendunt
572 1627 654 1653 esset,
670 1627 725 1648 tum
741 1629 755 1648 a
772 1629 825 1656 qua
843 1630 938 1648 manus
964 1622 1050 1648 absti-

250 1668 367 1694 inendae.
383 1667 420 1694 Ea
435 1675 514 1702 porro
531 1673 590 1695 erat
603 1668 721 1695 scientiae
736 1669 827 1700 arbor,
851 1676 903 1694 nun
926 1667 970 1694 illa
988 1667 1049 1701 qui-

1136 1069 1187 1096 IB’.
1208 1068 1370 1104 Τοῦτον(51)
1388 1069 1462 1096 ἔθετο
1479 1069 1528 1104 μὲν
1545 1069 1574 1095 ὲν
1586 1068 1626 1103 τῷ
1638 1068 1805 1104 παραδείσῳ,
1819 1069 1892 1101 ὅστις

1101 1116 1166 1142 ποτὲ
1179 1114 1212 1151 ἦν
1225 1117 1239 1143 ὁ
1251 1116 1413 1151 παράδεισος
1427 1112 1514 1147 οὗτος,
1527 1115 1564 1150 τῷ
1580 1114 1745 1150 αὐτεξουσίῳ
1759 1116 1889 1150 τιμήσας,

1100 1163 1133 1188 ἵν’
1184 1161 1231 1188 τοῦ
1250 1161 1377 1197 ἑλομένου
1395 1162 1424 1188 τὸ
1438 1161 1539 1196 ἀγαθὸν
1551 1161 1600 1196 οὐχ
1614 1159 1694 1197 ἦττον
1710 1161 1727 1196 ἢ
1741 1161 1789 1187 τοῦ
1805 1169 1892 1197 παρα-

1101 1208 1211 1242 σχόντος
1240 1207 1274 1234 τὰ
1301 1207 1456 1243 σπέρματα,
1478 1207 1569 1241 φυτῶν
1595 1207 1735 1234 ἀθανάτων
1758 1207 1891 1242 γεωργὸν,

1101 1252 1180 1278 Θείων
1203 1252 1312 1278 ἐννοιῶν
1332 1253 1407 1284 ἴσως,
1432 1251 1487 1278 τῶν
1506 1259 1536 1277 τε
1562 1251 1754 1286 ἁπλουστέρων
1776 1252 1893 1278 καὶτῶν

1099 1297 1281 1333 τελεωτέρων,
1298 1297 1400 1332 γυμνὸν
1410 1299 1443 1332 τῇ
1457 1297 1587 1333 ἁπλότητι
1601 1298 1647 1324 καὶ
1660 1297 1714 1332 ζωῇ
1730 1299 1763 1332 τῇ
1776 1297 1892 1333 ἀτέχνῳ,

1101 1344 1150 1370 καὶ
1168 1343 1229 1377 δίχα
1246 1343 1347 1374 παντὸς
1363 1342 1589 1378 ἐπικαλύμματος
1616 1343 1663 1370 καὶ
1689 1344 1892 1380 προὸλήματος.

1101 1390 1228 1416 Τοιοῦτον
1242 1390 1297 1425 γὰρ
1317 1389 1437 1425 ἔπρεπεν
1457 1387 1525 1416 εἶναι
1538 1389 1583 1416 τὸν
1606 1390 1652 1416 ἀπ’
1667 1390 1764 1425 ἀρχῆς.
1785 1390 1841 1416 Καὶ
1854 1389 1894 1416 δί-

1100 1436 1168 1462 δωσι
1193 1436 1286 1470 νόμον,
1311 1435 1376 1470 ὕλην
1402 1435 1440 1470 τῷ
1466 1435 1642 1470 αὑτεξουσίῳ.
1663 1435 1691 1462 Ὀ
1713 1436 1741 1462 δὲ
1759 1436 1841 1470 νόμος
1858 1433 1894 1471 ἦν

1101 1482 1205 1518 ἐντολὴ,
1223 1480 1259 1509 ὧν
1282 1491 1312 1508 τε
1331 1481 1516 1518 μεταληπτέον
1536 1480 1608 1516 αυτῷ
1629 1481 1729 1514 φυτῶν,
1747 1482 1794 1508 καὶ
1807 1478 1838 1508 οὗ
1857 1481 1894 1517 μὴ

1102 1529 1281 1564 προσαπτέον.
1307 1528 1343 1554 Τὸ
1367 1528 1396 1554 δὲ
1418 1525 1451 1562 ἦν
1471 1527 1500 1553 τὸ
1517 1527 1595 1561 ξύλον
1614 1528 1663 1563 τῆς
1681 1526 1818 1562 γνώσεως,
1833 1527 1894 1554 οὔτε

1101 1573 1233 1609 φυτευθὲν
1248 1575 1295 1600 ἀπ’
1307 1574 1395 1609 ἀρχῆς
1409 1574 1512 1606 κακῶς,
1524 1574 1585 1600 οὔτε
1600 1573 1788 1609 ἀπαγορευθὲν
1803 1574 1896 1608 φθονε-

1103 1621 1157 1657 ρῶς
1172 1621 1222 1657 (μὴ
1238 1620 1421 1656 πεμπέτωταν
1438 1621 1497 1646 ἐκεῖ
1507 1620 1556 1651 τὰς
1571 1619 1696 1654 γλώσσας
1710 1621 1734 1646 οἱ
1750 1619 1891 1655 θεομάχοι,

1103 1667 1171 1702 μηδὲ
1185 1667 1231 1693 τὸν
1245 1667 1307 1701 ὅφιν
1321 1665 1519 1701 μιμείσθωσαν)
1529 1674 1536 1681 ·
1552 1665 1619 1692 ἀλλὰ
1636 1666 1717 1693 καλὸν
1737 1667 1786 1701 μὲν
1802 1667 1896 1693 εὐκαί-

261 1713 334 1746 dem,
354 1717 400 1739 aut
417 1712 486 1739 male
501 1720 515 1738 a
530 1713 661 1747 principio
673 1713 788 1744 consita,
803 1717 848 1739 aut
860 1719 907 1746 per
920 1713 1047 1739 invidiam

1101 1722 1155 1748 ρως
1174 1712 1447 1748 μεταλαμϐανόμενον
1465 1712 1577 1747 (θεωρία
1605 1711 1660 1747 γὰρ
1687 1709 1721 1747 ἦν
1747 1712 1778 1738 τὺ
1801 1713 1897 1747 φυτὸν,

263 1759 404 1786 interdicta
418 1758 463 1793 (ne
478 1758 542 1786 illuc
557 1758 661 1793 linguas
673 1766 735 1791 suas
744 1758 790 1785 Dei
807 1758 899 1784 hostes
912 1757 1044 1792 injiciant,

262 1812 313 1832 nec
330 1805 651 1840 serpentetnimitentur),
667 1805 714 1832 sed
729 1805 797 1831 bona
812 1803 931 1838 quidem,
950 1808 1051 1838 tempe-

263 1851 331 1878 stive
337 1856 461 1886 percepta
479 1851 729 1886 (contemplationis
740 1850 822 1881 enim,
830 1854 859 1876 ut
868 1850 924 1884 ipse
931 1854 1050 1877 contem-

264 1898 361 1932 plando
375 1905 516 1932 assequor,
535 1897 591 1924 haec
603 1899 684 1924 arbor
699 1901 767 1928 erat,
793 1896 826 1923 ad
841 1903 920 1929 quam
938 1896 971 1923 iis
985 1895 1050 1923 solis

265 1948 337 1970 tutus
344 1947 384 1970 est
394 1950 531 1974 ascensus,
540 1942 584 1977 qui
593 1942 675 1970 attimi
690 1942 782 1969 habitu
795 1941 949 1976 perfectiori
963 1941 1050 1977 sunt);

247 2011 251 2013 μ
264 1990 470 2024 haudquaquam
482 1993 571 2015 autem
589 1989 657 2016 bona
670 1988 880 2023 simplicioribus
892 1988 980 2015 adltuc
990 1989 1050 2014 ani-

263 2036 327 2067 mis,
335 2041 417 2070 atque
427 2036 544 2070 appetitu
557 2035 668 2062 avidi0ri
677 2034 812 2068 praeditis;
823 2033 1051 2068 quemadmodum

264 2088 314 2108 nec
330 2080 503 2115 perfectusac
510 2080 611 2107 solidtts
623 2079 739 2106 cibusiis
751 2079 888 2111 conducit,
901 2079 947 2113 qui
958 2084 1051 2106 tenera

266 2127 354 2154 adhuc
369 2131 518 2154 suntmtatc
528 2127 723 2160 lactequeopns
731 2126 840 2153 habent.
851 2125 996 2160 Postquam
1006 2133 1052 2151 au-

248 2194 252 2196 .
267 2177 320 2200 tem
338 2172 437 2200 diaboli
455 2172 565 2206 invidia,
583 2177 611 2199 et
626 2173 748 2199 mulieris
765 2172 872 2207 injuria,
885 2179 965 2206 qttam
983 2177 1010 2198 et
1024 2175 1054 2198 ttt

265 2219 371 2246 mollior
380 2227 457 2254 passa
475 2224 526 2251 est,
545 2220 651 2246 etutad
670 2218 883 2252 persuadendum
898 2224 1051 2244 accommo-

265 2265 364 2296 datior,
380 2265 499 2292 admovit
513 2264 540 2299 (υ
558 2264 740 2290 inﬁrmitatem
761 2262 859 2289 meam!
871 2270 956 2289 meant
980 2262 1051 2289 enim

267 2311 335 2337 duco
351 2310 430 2344 primi
442 2309 560 2344 parentis
576 2308 790 2343 inﬁrmitatem);
811 2308 913 2341 accepti
932 2308 1051 2335 mandati

265 2355 577 2390 mcmoriamabjecit,et
589 2355 622 2382 ab
633 2355 730 2382 acerba
744 2361 807 2381 esca
819 2354 953 2380 victnsest
968 2362 976 2381 :
995 2359 1050 2380 tum

1100 1759 1139 1790 ὡς
1155 1759 1171 1794 ή
1185 1758 1238 1794 ἐμὴ
1260 1758 1371 1794 θεωρία,
1387 1756 1421 1794 ἦς
1442 1758 1533 1792 μόνοις
1547 1758 1698 1785 ἐπιϐαίνειν
1710 1759 1830 1793 ἀσφαλὲς
1842 1760 1898 1791 τοῖς

1100 1805 1150 1840 τὴν
1167 1805 1224 1837 ἕξιν
1235 1804 1432 1840 τελεωτέροις),
1449 1803 1479 1830 οὗ
1502 1803 1582 1830 καλὸν
1595 1804 1624 1830 δὲ
1634 1805 1691 1835 τοῖς
1701 1804 1898 1840 ἁπλουστέροις

1101 1851 1152 1882 ἔτι,
1171 1851 1218 1877 καὶ
1233 1851 1282 1886 τὴν
1307 1851 1399 1885 ἔφεσιν
1419 1850 1596 1886 λιχνοτέροις,
1618 1850 1712 1885 ὥσπερ
1729 1850 1790 1876 οὐδὲ
1811 1850 1898 1886 τροφὴ

1100 1897 1192 1924 τελεία
1209 1896 1350 1932 λυσιτελὴς
1363 1897 1418 1928 τοῖς
1434 1897 1548 1928 ἁπαλοῖς
1571 1896 1610 1923 ἔτι
1631 1897 1678 1923 καὶ
1698 1897 1836 1932 δεομένοις
1848 1898 1898 1932 γὰ-

1100 1944 1209 1976 λακτος.
1233 1944 1309 1970 Ἐπεὶ
1324 1943 1352 1969 δὲ
1369 1943 1458 1978 φθόνῳ
1475 1943 1610 1974 διαϐόλου,
1631 1943 1678 1970 καὶ
1691 1944 1820 1977 γυναικὸς
1831 1945 1900 1980 ἐπη-

1102 1991 1174 2026 ρείᾳ,
1187 1991 1221 2025 ἧν
1234 1999 1265 2016 τε
1283 1989 1383 2016 ἔπαθεν
1398 1989 1436 2021 ὡς
1451 1989 1626 2024 ἁπαλωτέρα,
1642 1990 1689 2016 καὶ
1704 1990 1737 2025 ἢν
1753 1991 1896 2026 προσήγα-

1101 2044 1149 2070 γεν
1172 2035 1210 2067 ὡς
1235 2035 1408 2070 πιθανωτέρα
1432 2035 1493 2070 (φεῦ
1516 2035 1566 2070 τῆς
1581 2035 1650 2070 ὲμῆς
1666 2035 1823 2066 ἀσθενείαςί
1844 2036 1898 2072 ἐμὴ

1101 2081 1156 2117 γὰρ
1170 2082 1187 2116 ἡ
1202 2080 1250 2107 τοῦ
1268 2081 1463 2116 προπάτορος),
1477 2081 1528 2115 τῆς
1552 2081 1601 2116 μὲν
1623 2081 1733 2116 ἐντολῆς
1750 2082 1899 2108 ἐπελάθετο

1101 2127 1150 2162 τῆς
1162 2127 1296 2162 δοθείσης,
1314 2127 1361 2153 καὶ
1377 2127 1480 2162 ἡττήθη
1497 2127 1546 2161 τῆς
1560 2127 1661 2162 πικρᾶς
1673 2127 1794 2161 γεύσεως
1807 2136 1814 2142 ·
1829 2128 1898 2164 όμοῦ

1101 2173 1130 2199 δὲ
1144 2173 1201 2209 (52)
1217 2172 1264 2199 τοῦ
1276 2173 1324 2208 τῆς
1341 2171 1413 2207 ζωῆς
1429 2171 1518 2204 ξύλου,
1532 2173 1579 2199 καὶ
1594 2172 1642 2199 τοῦ
1658 2173 1836 2208 παραδείσου,
1851 2174 1900 2201 καὶ

1101 2219 1148 2246 τοῦ
1163 2219 1240 2251 Θεοῦ,
1258 2218 1303 2246 διὰ
1316 2219 1365 2254 τὴν
1381 2219 1482 2245 κακίαν
1496 2218 1633 2254 ὲξὸριστος
1647 2219 1761 2252 γίνεται,
1776 2220 1823 2245 καὶ
1836 2221 1900 2252 τοὺς

1101 2263 1279 2300 δερματίνους
1295 2263 1476 2298 ἀμφιέννυται
1490 2264 1616 2298 χιτῶνας,
1635 2264 1699 2295 ἴσως
1717 2265 1766 2299 τὴν
1779 2265 1900 2299 παχυτέ-

1104 2319 1153 2345 ραν
1175 2310 1274 2345 σὰρκα,
1295 2310 1342 2336 καὶ
1366 2309 1477 2344 θνητὴν,
1495 2309 1542 2335 κα).
1569 2309 1730 2336 ἀντίτυπον⁴
1753 2310 1800 2336 καὶ
1819 2311 1900 2337 τοῦτο

1103 2355 1211 2390 πρῶτον
1224 2354 1353 2389 γινώσκει
1376 2355 1426 2389 τὴν
1443 2354 1510 2381 ἰδίαν
1528 2354 1669 2389 αἰσχύνην,
1688 2355 1734 2380 καὶ
1753 2354 1808 2380 ἀπὸ
1830 2355 1899 2381 Θεοῦ

264 2408 329 2429 vero
340 2401 420 2429 simul
434 2389 490 2429 etra
507 2401 579 2436 ligno
592 2401 664 2433 Viue,
674 2404 701 2428 et.
715 2408 729 2426 a
747 2399 882 2434 paradiso,
900 2403 926 2425 et
942 2400 976 2426 ab
992 2400 1047 2433 ipso

1109 2389 1270 2436 κρύπτεται.
1285 2400 1428 2435 Κερδαίνει
1444 2400 1493 2435 μέν
1511 2409 1535 2426 τι
1551 2401 1606 2436 (55)
1621 2400 1775 2427 κάνταῦθα·
1791 2401 1837 2427 τὸν
1853 2401 1902 2428 θάσ

265 2447 320 2475 Deo
337 2453 445 2482 propter
460 2453 598 2482 peccatum
621 2446 775 2481 expellitur,
791 2450 817 2472 et
831 2446 959 2479 pelliceas
975 2445 1047 2472 tuni-

265 2501 310 2520 cas
329 2494 424 2525 induit,
439 2493 490 2521 hoc
503 2497 555 2526 est,
574 2493 690 2520 fortasse
705 2491 866 2518 crassiorem
889 2498 1008 2522 carnem,
1023 2495 1050 2518 et

267 2538 407 2565 ntortalent
431 2546 462 2565 ac
478 2539 654 2570 renitentem;
670 2537 764 2571 sicque
777 2537 891 2571 prittutnt
907 2543 982 2563 suam
999 2537 1048 2563 fte-

266 2585 375 2612 ditatem
395 2585 527 2619 agnoscit,
544 2584 651 2619 Deoque
674 2591 703 2611 se
718 2583 868 2611 abscondit.
895 2582 951 2610 lllic
968 2583 1047 2618 67],

302 2673 357 2710 (28)
374 2673 512 2708 Πάσχων.
532 2674 639 2708 Septem
653 2675 739 2709 Colb.,
754 2676 866 2710 πάσχον.

301 2709 356 2744 ('29)
374 2710 630 2746 φιλοτιμούμενος.
660 2711 726 2746 Reg.
742 2712 797 2744 but,
811 2709 904 2739 'Coisl.
922 2710 946 2743 Ι,
963 2710 1010 2738 0r.
1029 2709 1054 2742 Ι,

268 2743 342 2779 Pan,
356 2743 589 2779 φιλοτιμούμενον.

244 2801 247 2803 .
272 2813 288 2816 ⁸
303 2778 358 2816 (ὅθ)
372 2778 535 2816 aut:ch
564 2780 609 2816 Sic
630 2781 718 2815 plures
734 2781 851 2816 Regina
867 2779 942 2808 Co'b.
980 2780 1041 2807 Par.

243 2840 247 2844 ,
268 2813 374 2845 Comh.,
389 2819 441 2840 etc.
459 2815 485 2840 In
497 2815 551 2846 ed.,
565 2813 704 2848 λύσαντος.

303 2848 359 2884 (Si)
378 2848 550 2878 Τςιῦτον.8ἰς
564 2856 616 2878 tres
636 2852 730 2888 Regg.,
749 2859 844 2880 novent
862 2850 948 2885 σουλ,
964 2850 1010 2878 Or.
1029 2851 1052 2884 i,

1101 2456 1191 2479 νατον,
1216 2446 1264 2473 καὶ
1288 2446 1319 2472 τὺ
1349 2447 1511 2482 διακοπῆναι
1540 2448 1589 2483 τὴν
1616 2447 1763 2483 ἁμαρτίαν,
1791 2450 1836 2474 ἵνα
1862 2448 1901 2484 μὴ

1102 2493 1234 2520 ἀθάνατον
1297 2492 1326 2518 τὺ
1351 2493 1454 2519 κακόνο
1478 2493 1525 2519 καὶ
1547 2493 1650 2527 γίνεται
1670 2494 1799 2529 φιλανθρι
1813 2495 1862 2520 ni:
1882 2496 1900 2529 ἡ

1102 2538 1231 2574 τιμωρία.
1259 2536 1338 2565 Οὕτω
1362 2537 1416 2573 γὰρ
1449 2537 1504 2572 ἐγὼ
1535 2538 1589 2574 (54)
1619 2539 1748 2574 πείθομαι
1773 2539 1901 2566 κολὰῖειν

1103 2584 1170 2611 Θεόν

1110 2675 1184 2705 Pan.
1199 2675 1292 2703 Comb.
1312 2674 1437 2703 Mendose
1448 2676 1473 2703 in
1489 2676 1543 2709 ed.,
1556 2676 1644 2703 τοῦτο.

1145 2710 1201 2746 (52)
1232 2710 1321 2745 Ὁμοῦ
1338 2711 1380 2738 δέ.
1399 2711 1445 2739 Sic
1468 2712 1586 2746 quinque
1605 2711 1689 2747 liegg.
1704 2711 1732 2738 ln
1750 2711 1806 2744 ed.,
1832 2710 1902 2746 ὁμοῦ

1108 2754 1197 2815 τεξὸὅ)
1213 2781 1276 2808 Μέν
1297 2789 1335 2808 τι.
1358 2781 1404 2808 Sic
1416 2786 1518 2816 septem
1536 2781 1631 2817 Begg.,
1643 2786 1697 2809 tres
1713 2782 1777 2810 Colb
1817 2781 1902 2812 CoisL

1110 2815 1136 2842 1.
1156 2821 1208 2842 etc.
1226 2817 1252 2841 ln
1269 2817 1324 2842 ed"
1341 2817 1390 2842 μὲν
1406 2825 1447 2842 τοι

1129 2836 1136 2850 ,
1156 2821 1208 2842 etc.
1226 2817 1252 2841 ln
1269 2817 1324 2847 ed.,
1340 2817 1390 2851 μὲν
1406 2825 1447 2842 τοι

1143 2851 1199 2887 (54)
1220 2850 1301 2886 Ἐγώ.
1323 2852 1402 2881 Deest
1421 2852 1447 2879 in
1464 2852 1584 2888 quinouc
1599 2851 1664 2886 Reg.
