2029 3127
174 148 228 176 535

670 145 800 175 ΟΠΑΤΙΟ
820 145 965 175 XXXVIII.
986 163 1021 168 —
1040 147 1073 175 ΙΝ
1093 148 1325 178 ΤΙΙΕΟΙῚΙᾹΝΙΑ.

1749 154 1802 181 526

175 210 264 232 tamen
292 204 394 240 aliquid
421 205 574 240 elncratur;
601 211 629 235 ct
651 207 739 241 ipsum
761 206 872 241 aliquid,
900 205 957 240 ipsa
978 213 1052 233 mors
1066 211 1116 240 est,
1134 215 1166 235 ac
1177 209 1280 242 peccati
1312 208 1446 242 prmeisio,
1477 216 1511 236 ne
1529 215 1627 238 malum
1649 210 1801 238 immortale

174 256 258 278 esset.
282 251 320 278 lla
342 259 421 285 paena
441 252 500 286 ipsa
518 253 543 279 in
564 251 778 278 misericordiam
798 251 890 277 cessit.
915 251 961 278 Sic
979 251 1051 278 enim
1069 251 1150 278 Deum
1164 253 1293 287 supplicia
1305 253 1405 280 inferre
1422 261 1580 288 persuasum
1597 257 1692 284 habeo.

209 297 258 323 II".
279 297 391 329 Πολλοῖς
408 298 436 324 δὲ
449 298 603 330 παιδευθεὶς
617 298 757 334 πρότερον,
777 298 837 325 ἀντὶ
855 297 958 324 πολλῶν

1051 298 1116 327 ΧΙΙΙ,
1131 300 1219 327 Multis
1242 306 1330 328 autem
1359 301 1432 336 prius
1451 301 1548 333 modis,
1577 302 1610 329 ob
1631 302 1715 329 multa
1737 309 1802 337 pec-

171 343 227 370 τῶν
239 344 456 379 ἁμαρτημάτων,
472 341 509 371 ὧν
524 345 542 378 ἠ
556 344 605 380 τῆς
618 344 716 376 κακίας
735 343 797 379 ῥίζα
813 343 962 379 ἐϐλάστησε

172 390 245 416 κατὰ
271 389 415 425 διαφόρους
441 391 530 422 αἰτίας
559 391 606 417 καὶ
634 391 764 426 χρόνους,
793 390 865 425 λόγῳ
892 390 961 424 (55),

171 436 258 470 νόμῳ,
275 437 436 471 προφήταις,
456 436 636 472 εὐεργεσίαις,
658 437 799 468 ἀπειλαῖς,
827 437 962 471 πληγαῖς,

171 481 277 513 ὕδασιν,
298 482 482 517 ἐμπρησμοῖς,
499 483 638 517 πολέμοις,
663 483 761 514 νίκαις,
785 483 892 517 ἥτταις,
916 490 963 517 ση-

172 526 261 561 μείοις
278 526 308 558 ἐξ
324 527 450 562 οὐρανοῦ,
475 528 599 563 σημείοις
623 528 651 560 ἐξ
676 527 768 563 ἀέρος,
792 528 824 553 ἐκ
847 527 909 562 γῆς,
930 528 962 553 ὲκ

171 571 318 608 Θαλάττης,
334 572 448 607 ἀνδρῶν,
475 573 590 606 πόλεων,
615 573 699 599 ἐθνῶν
717 573 888 604 ἀνελπίστοις
913 582 962 608 με-

170 619 297 650 ταϐολαῖς
317 619 382 654 (56)⁷
408 619 451 654 ὑφ’
477 617 516 646 ῶν
543 620 699 655 ἐκτριϐἧναι
725 620 772 654 τὴν
797 620 898 646 κακίαν
930 619 961 645 τὺ

171 665 387 700 σπουδαζόμενον
403 664 446 701 ἦν.
459 666 541 697 Τέλος
563 666 735 702 ἰσχυροτέρου
754 667 837 692 δεῖται
856 665 961 702 φαρμά-

169 720 220 738 κου
247 711 293 737 ἐπὶ
312 711 471 746 δεινοτέροις
486 713 544 742 τοῖς
568 712 791 747 ἀρρωστήμασιν,
812 712 960 746 ἀλληλοφθ-

169 757 241 788 νίαις
257 757 325 792 (57),
341 757 484 792 μοιχείαις,
503 758 658 793 ἑπιορκίαις
674 758 740 793 (58),
759 757 959 793 ἀνῖρομανίαις,

169 803 200 829 τὸ
217 804 329 830 πάντων
352 803 465 839 ἔσχατον
484 803 539 830 τῶν
560 803 653 830 κακῶν
677 804 724 830 καὶ
749 804 865 839 πρῶτον,
887 803 961 829 εἰδω-

169 848 356 884 λολατρείαις,
379 849 425 875 καὶ
449 850 482 885 τῇ
506 848 648 884 μεταθέσει
673 849 721 885 τῆς
750 849 960 885 προσκυνήσεως

169 895 224 922 ἀπὸ
234 895 280 922 toi
297 895 476 930 πεποιηκότος
488 895 534 921 ἐπὶ
550 895 583 922 τὰ
598 895 743 930 κτίσματα.
759 895 850 921 Ταῦτα
865 894 958 929 ἐπειδὴ

175 941 303 976 μείζονος
322 942 406 968 ἐδεῖτο
429 942 477 968 τοῦ
492 941 675 977 βοηθήματος,
697 941 818 976 μείζονος
833 942 879 968 καὶ
894 949 959 974 τυγ-

169 988 256 1022 χάνει.
273 987 309 1014 Τὸ
332 987 360 1014 δὲ
381 986 414 1023 ἧν
438 987 521 1019 αὐτὸς
543 989 556 1014 ὁ
582 987 627 1014 τοῦ
649 987 717 1014 Θεοῦ
740 987 826 1021 Λόγος
853 987 924 1023 (59),
947 988 961 1014 ὸ
975 980 997 1008 Β

169 1033 341 1069 προαιώνιος,
354 1035 368 1060 ὁ
383 1034 507 1069 ἀόρατος,
519 1033 734 1070 ὁὰπερίληπτος,
750 1034 764 1059 ὁ
780 1033 958 1068 ἀσώματος,ὴ

169 1081 201 1106 ὲκ
219 1080 269 1114 τῆς
290 1080 376 1116 ἀρχῆς
395 1080 477 1115 ἀρχὴ,
495 1079 526 1105 τὸ
540 1080 572 1105 ὲκ
587 1079 635 1105 τοῦ
652 1078 742 1114 φωτὸς
765 1078 834 1113 φῶς,
851 1079 867 1114 ὴ

168 1119 218 1161 τῆς
234 1125 308 1161 ζωῆς
323 1126 371 1152 λαὶ
385 1126 434 1161 τῆς
455 1125 618 1158 ἀθανασίας,
634 1125 664 1151 τὺ
681 1126 828 1160 ἐκμαγεῖον
849 1125 895 1152 τοῦ
912 1126 962 1161 ἁρ-

169 1172 288 1208 χετύπου
305 1173 419 1204 κάλλους
442 1172 510 1207 (40),
529 1173 545 1207 ἡ
562 1172 598 1207 μὴ
627 1173 773 1208 κινουμένη
792 1172 920 1207 σφραγὶς,
944 1173 960 1208 ἠ

169 1218 380 1253 ἀπαράλλακτος
400 1218 492 1248 εἰκὼν,
505 1219 519 1244 ὁ
537 1217 583 1243 τοῦ
600 1217 704 1252 Πατρὸς
719 1218 782 1253 ὅρος
803 1219 850 1244 καὶ
864 1218 942 1252 λόγος
952 1226 960 1233 ·

169 1264 216 1290 ἐπὶ
241 1264 291 1299 τὴν
316 1264 384 1290 ἰδίαν
407 1263 496 1290 εἰκόνα
520 1265 614 1299 χωρεῖ,
638 1264 686 1290 καὶ
703 1263 792 1298 σάρκα
815 1265 894 1300 φορεῖ
918 1263 962 1290 διὰ

169 1311 219 1345 τὴν
245 1310 346 1346 σάρκα,
370 1311 417 1336 καὶ
441 1309 513 1345 ψυχῇ
531 1310 612 1346 νοερᾷ
637 1310 682 1336 διὰ
707 1310 755 1344 τὴν
777 1310 846 1345 ἐμὴν
871 1310 961 1346 ψυχὴν

171 1356 317 1390 μίγνυται,
340 1355 380 1390 τῷ
406 1355 491 1391 ὁμοίῳ
514 1355 544 1381 τὸ
560 1356 651 1390 ὅμοιον
677 1355 878 1391 ἀνακαθαίρων.
906 1356 961 1382 Καὶ

169 1401 260 1429 πάντα
280 1401 404 1436 γίγνεται
422 1401 497 1436 (41),
524 1401 594 1437 πλὴν
617 1401 667 1436 τῆς
685 1401 833 1436 ἁμαρτίας,
857 1401 962 1437 ἄνθρω-

170 1457 235 1479 πος·
252 1447 364 1483 κυηθεὶς
389 1448 435 1482 μὲν
449 1448 481 1474 ἐκ
495 1447 544 1482 τῆς
557 1447 708 1482 Παρθένου,
730 1447 777 1474 καὶ
802 1447 891 1483 ψυχὴν
913 1448 960 1474 καὶ

173 1494 265 1528 σάρκα
286 1492 523 1528 προκαθαρθείσης
539 1492 577 1527 τῷ
600 1492 738 1527 Πνεύματι
762 1491 826 1526 (ἔδει
843 1492 897 1527 γὰρ
914 1492 960 1518 καὶ

169 1540 297 1574 γέννησιν
304 1538 461 1574 τιμηθῆναι,
469 1538 515 1564 καὶ
522 1538 729 1574 παρθενίακιμὲ]
738 1538 958 1574 προτιμηθῆναι)-

169 1584 310 1620 προελθὼν
327 1585 355 1611 δὲ
374 1585 439 1616 Θεὸς
458 1584 525 1619 μετὰ
546 1584 596 1619 τῆς
613 1584 800 1620 προσλήψεως,
817 1584 846 1611 ἓν
865 1585 898 1610 ὲκ
914 1585 960 1611 δύο

168 1631 223 1658 τῶν
244 1631 383 1662 εναντίων,
401 1631 500 1666 σαρκὸς
523 1631 569 1657 καὶ
595 1631 755 1665 Πνεύματος
773 1630 842 1666 (45)’
859 1628 907 1663 ὧν,
929 1631 959 1657 τὸ

170 1679 220 1713 μὲν
236 1678 349 1709 ὲθὲωσε,
364 1677 394 1703 τὸ
409 1677 437 1703 δὲ
462 1676 577 1713 ὲθεὼθη.
590 1677 622 1702 Ὢ
644 1678 694 1712 τῆς
716 1677 812 1711 καινῆς
839 1677 957 1712 μίξεωςί

169 1723 191 1750 ὣ
216 1724 266 1759 τῆς
294 1722 446 1759 παραδόξου
471 1723 612 1758 κράσεωςί
635 1723 649 1749 ὁ
675 1722 713 1749 ὢν
743 1723 861 1758 γίνεται,
878 1724 925 1749 καὶ
945 1725 959 1750 ό

168 1770 295 1800 εκτιστος
320 1768 453 1800 κτίζεται,
471 1769 517 1795 καὶ
540 1769 554 1795 ὁ
575 1767 717 1804 ἀχὼρητος
744 1770 891 1803 χωρεῖται,
915 1769 958 1795 διὰ

170 1814 257 1849 μέσης
284 1814 375 1849 ψυχῆς
400 1814 498 1850 νοερᾶς
526 1814 723 1850 μεσιτευούσης
757 1814 882 1850 θεότητι,
911 1816 959 1842 καὶ

169 1860 271 1895 σαρκὸς
288 1860 433 1895 παχύτητι.
447 1860 501 1886 Καὶ
518 1860 532 1886 ὸ
546 1859 706 1893 πλουτίζων,
721 1861 868 1895 πτωχεύει·
887 1869 958 1886 πτω-

167 1905 242 1940 χεύει
266 1905 320 1940 γὰρ
347 1905 397 1940 τὴν
423 1905 492 1940 ἐμὴν
509 1905 608 1940 σάρκα,
624 1905 656 1931 ἵν’
671 1904 726 1938 ἐγὼ
743 1905 886 1938 πλουτήσω
909 1905 958 1941 τὴν

168 1948 252 1976 αὐτοϋ
277 1949 400 1984 θεότητα.
423 1950 477 1976 Καὶ
494 1950 507 1975 ὀ
532 1949 648 1985 πλήρης,
673 1949 814 1976 κενοῦται·
834 1949 958 1976 κενοῦται

167 1995 222 2030 γὰρ
238 1995 288 2030 τῆς
312 1994 407 2021 ἑαυτοῦ
420 1995 498 2029 δόξης
513 1995 559 2022 ἐπὶ
581 1995 677 2030 μικρὸν
692 1996 759 2031 (44),
783 1996 815 2023 ἵν’
832 1996 887 2031 ἐγὼ
910 1997 958 2032 τῆς

168 2041 272 2068 ἐκείνου
297 2040 442 2075 μεταλάΰω
467 2039 643 2075 πληρώσεως.
667 2040 716 2072 Τίς
739 2041 753 2066 ό
771 2040 884 2072 πλοῦτος
910 2041 959 2076 τῆς

167 2086 353 2121 habentes;
367 2085 399 2112 Τί
420 2085 450 2112 τὺ
467 2087 531 2121 περὶ
547 2087 597 2121 ἐμὲ
617 2086 696 2112 τοῦτο
720 2086 776 2122 (45)
792 2088 957 2124 μυστήριον;

169 2132 324 2160 Μετέλαϐον
344 2134 393 2168 τῆς
408 2133 521 2165 εἰκόνος,
536 2132 584 2159 καὶ
603 2133 652 2160 οὐκ
668 2133 789 2168 ἐφύλαξα
799 2143 805 2149 ·
821 2135 959 2170 μεταλαμ-

170 2179 244 2206 ϐάνει
260 2179 309 2214 τῆς
327 2179 397 2214 ὲμῆς
414 2178 529 2214 σαρκὸς,
553 2179 596 2205 ἵνα
615 2179 664 2205 καὶ
685 2179 734 2215 τὴν
759 2180 851 2207 εἰκόνα
873 2180 958 2217 σώσῃ,

170 2224 216 2250 καὶ
239 2224 290 2258 τὴν
308 2224 398 2259 σάρκα
420 2223 571 2259 ἀθανατίσῃ
593 2223 660 2259 (46).
685 2225 820 2261 Δευτέραν
837 2227 960 2252 κοινωνεῖ

170 2270 323 2301 κοινωνίαν,
341 2270 407 2296 πολὺ
426 2270 475 2304 τῆς
494 2269 628 2305 προτέρας
651 2270 885 2306 παραδοξοτέραν·
904 2272 958 2306 ὅσῳ

1017 350 1088 378 cata,
1106 354 1165 380 qun
1179 354 1211 373 ex
1226 346 1283 373 vitii
1301 347 1390 374 radice
1403 346 1576 382 pullularunt,
1595 348 1741 374 secundum
1760 347 1801 377 di:

1017 399 1109 419 versas
1129 400 1225 420 causas
1242 397 1268 419 et
1283 397 1399 427 tempora
1415 393 1570 427 castigatus,
1587 400 1719 426 sermone,
1731 394 1798 430 lege,

1016 438 1165 472 prophetis,
1178 437 1324 470 beneﬁciis,
1333 437 1596 470 comminationibus,
1605 438 1700 473 plagis,
1710 439 1798 473 aquis,

1016 482 1157 514 incendiis,
1177 483 1263 516 bellis,
1279 483 1409 515 victoriis,
1431 482 1561 516 cladibus,
1579 484 1664 518 signis
1681 491 1696 510 e
1717 484 1799 519 caelo,

1015 527 1098 562 signis
1119 535 1151 554 ex
1173 535 1246 561 aere,
1263 536 1296 555 ex
1316 534 1397 561 terra,
1422 522 1454 556 ex
1483 529 1560 561 mari,
1584 529 1734 562 hominum,
1755 537 1802 556 ur-

1015 573 1098 603 bium,
1119 574 1237 608 gentium
1259 575 1402 609 insperatis
1425 574 1638 607 mutationibus;
1658 583 1718 609 quae
1740 583 1800 602 om-

1014 621 1057 646 nia
1075 628 1107 647 eo
1131 620 1285 653 temlebant,
1300 625 1328 648 ut
1341 621 1441 648 malitia
1456 625 1650 648 contereretur.
1673 621 1798 648 Validiori

1015 671 1104 693 tamen
1117 666 1314 693 medicamento
1332 671 1442 701 propter
1456 667 1593 701 graviores
1608 666 1716 694 morbos
1729 674 1796 701 opus

1014 712 1112 738 habere
1128 712 1219 745 cmpit,
1235 712 1360 738 nimirum
1373 712 1407 738 ob
1426 716 1533 740 mutuas
1544 713 1639 745 caules,
1653 712 1797 745 adulteria,

1013 756 1141 790 perjuria,
1161 756 1278 783 furiosos
1307 757 1488 783 masculorum
1520 765 1635 791 autores,
1663 762 1699 790 et,
1726 757 1798 791 quod

1013 803 1131 830 omnium
1145 802 1276 828 malorum
1296 807 1446 830 extremum
1464 811 1496 830 ac
1510 804 1626 837 primum
1643 808 1694 835 est,
1710 803 1796 830 idolo-

1013 855 1072 875 rum
1092 847 1203 879 cultum,
1224 853 1304 882 atque
1319 849 1485 876 adorationis
1500 856 1514 876 a
1527 848 1657 876 Creatore
1673 848 1705 875 ad
1721 855 1799 875 crea-

1012 898 1087 921 turas
1105 894 1315 922 translationem.
1331 894 1396 928 Quae
1415 894 1542 929 quoniam
1560 893 1647 929 majus
1664 894 1793 921 auxilium

1013 939 1196 974 requirebant,
1217 939 1301 973 majus
1323 941 1403 967 etiam
1419 944 1589 975 acceperunt.
1612 939 1686 967 Istud
1704 945 1794 967 autem

1011 991 1070 1014 erat
1087 986 1144 1021 ipse
1162 985 1212 1013 Dei
1226 986 1321 1019 Filius,
1338 986 1383 1013 ille
1406 987 1511 1014 saeculis
1529 986 1676 1021 antiquior,
1692 985 1736 1013 ille
1752 986 1794 1013 in-

1011 1032 1134 1066 visibilis,
1166 1032 1210 1060 ille
1236 1033 1524 1068 incomprehensibilis,
1544 1033 1589 1060 ille
1606 1033 1792 1066 incorporeus,

994 1077 1075 1106 sillud
1095 1086 1128 1106 ex
1148 1079 1279 1114 principio
1307 1079 1479 1114 principium,
1495 1079 1559 1106 illud
1577 1086 1610 1106 ex
1627 1078 1729 1106 lumine
1751 1078 1794 1105 lu-

1011 1131 1083 1157 men,
1103 1125 1145 1151 ille
1166 1124 1225 1152 forts
1248 1125 1310 1152 vitm
1335 1129 1362 1152 et
1386 1124 1606 1156 immortalitatis,
1630 1124 1675 1151 illa
1697 1124 1794 1152 arche-

1012 1173 1066 1208 typi
1088 1174 1236 1208 expressio,
1263 1173 1328 1201 illud
1356 1173 1495 1201 immotum
1521 1174 1650 1208 sigillum,
1680 1174 1724 1202 illa
1746 1182 1794 1209 per

1011 1219 1100 1246 omnia
1119 1219 1215 1247 similis
1241 1220 1338 1254 imago,
1357 1220 1399 1247 ille
1415 1220 1504 1248 Patris
1520 1221 1650 1248 terminus
1669 1225 1696 1248 et
1708 1221 1793 1254 ratio,

1011 1264 1064 1297 ille,
1090 1265 1210 1299 inquam,
1235 1265 1268 1292 ad
1296 1265 1439 1300 imaginem
1471 1273 1548 1293 suam
1573 1274 1602 1294 se
1624 1267 1739 1298 confert,
1767 1272 1795 1294 et

1011 1317 1118 1337 carnem
1136 1311 1170 1337 ob
1188 1318 1295 1338 carnem
1307 1311 1387 1345 gerit,
1401 1316 1428 1338 et
1442 1319 1502 1338 cum
1517 1311 1686 1338 intellectmli
1702 1311 1792 1338 anima

1011 1361 1119 1391 propter
1131 1357 1248 1383 animant
1267 1365 1353 1384 meam
1378 1357 1508 1392 jungitur,
1532 1362 1561 1384 ut
1580 1357 1667 1384 simile
1689 1364 1736 1392 per
1758 1357 1795 1385 si-

1011 1403 1073 1429 mile
1088 1408 1222 1436 repurget.
1245 1402 1333 1437 Atque
1355 1403 1472 1430 humana
1492 1403 1582 1429 omnia
1596 1407 1710 1437 excepto
1733 1410 1794 1437 pec-

1003 1453 1070 1475 .cato
1098 1448 1257 1482 suscipit“;
1289 1453 1433 1483 conceptus
1465 1449 1573 1484 quidem
1602 1457 1634 1476 ex
1668 1449 1792 1484 Virgine,

1010 1494 1100 1521 animo
1115 1499 1142 1522 et
1157 1502 1270 1528 corpore
1283 1502 1298 1521 a
1319 1494 1421 1528 Spiritu
1433 1500 1601 1529 prazpurgata
1619 1495 1691 1529 (nam
1706 1499 1732 1521 et
1747 1503 1794 1530 ge-

1011 1539 1176 1566 nerationem
1199 1539 1300 1566 honore
1328 1538 1408 1571 allici,
1427 1543 1452 1566 el
1473 1540 1652 1574 virginitatem
1674 1539 1792 1574 praeferri

1010 1584 1178 1620 oportebat);
1200 1593 1359 1620 progressus
1379 1589 1469 1612 autem
1496 1585 1566 1612 Deus
1584 1593 1645 1612 cum
1669 1586 1795 1613 humani-

1012 1637 1075 1665 tate,
1093 1641 1173 1660 lllllllll
1190 1641 1223 1660 ex
1240 1633 1342 1660 duobus
1360 1633 1428 1660 inter
1444 1640 1473 1660 se
1488 1633 1642 1664 contrariis,
1658 1640 1740 1660 carne
1756 1632 1796 1659 ni-

1015 1678 1112 1706 mirum
1126 1681 1152 1704 ct
1164 1677 1282 1711 Spiritu;
1299 1684 1412 1712 quorum
1428 1676 1542 1704 alterum
1560 1676 1704 1710 deiﬁeavit,
1726 1678 1794 1705 alte-

1010 1731 1069 1751 rum
1089 1723 1241 1751 deilicatum
1257 1728 1307 1749 est.
1323 1722 1344 1750 0
1361 1730 1455 1749 nevam
1476 1721 1628 1749 mistionem
1643 1722 1649 1749 !
1674 1731 1690 1750 ο
1705 1723 1794 1750 admi-

1010 1770 1120 1797 randam
1143 1768 1379 1802 temperationem!
1402 1767 1452 1801 Qui
1480 1771 1531 1800 est,
1549 1767 1598 1794 fit:
1615 1767 1660 1802 qui
1683 1773 1791 1796 creatus

1010 1823 1062 1842 non
1082 1820 1134 1846 est,
1155 1819 1282 1842 creatur:
1302 1815 1347 1848 qui
1369 1813 1440 1841 nullo
1463 1813 1523 1841 loco
1542 1814 1675 1841 contineri
1693 1819 1793 1848 potest,

1009 1869 1057 1897 per
1068 1861 1247 1888 interventum
1267 1860 1364 1887 anima:
1382 1859 1581 1893 intellectualis,
1605 1859 1676 1887 inter
1693 1861 1795 1888 divini-

1009 1911 1091 1934 tatem
1114 1910 1141 1933 et
1166 1905 1255 1933 carnis
1282 1904 1443 1936 crassitiem,
1466 1906 1628 1933 continetur.
1652 1905 1702 1938 Qui
1717 1905 1794 1933 locu-

1002 1952 1094 1987 pletes
1110 1951 1177 1978 alios
1190 1951 1268 1982 ditat,
1284 1954 1443 1984 paupertate
1456 1949 1570 1977 atlieitur
1590 1959 1597 1977 :
1613 1951 1702 1978 carnis
1721 1951 1793 1979 enim

1010 2005 1076 2025 mea?
1102 1999 1286 2032 paupertatem
1314 1995 1395 2027 subit,
1421 1999 1451 2022 ut
1471 2002 1521 2030 ego
1544 1995 1692 2028 divinitatis
1710 1995 1794 2030 ipsius

1009 2050 1073 2079 opes
1097 2049 1258 2076 consequar.
1282 2040 1332 2073 Qui
1358 2040 1452 2075 plenus
1472 2045 1523 2072 est,
1552 2040 1704 2068 exinanitur
1721 2050 1728 2068 ι
1743 2049 1792 2068 sua

1010 2089 1081 2117 enim
1103 2087 1186 2122 gloria
1207 2084 1329 2112 nonnihil
1352 2083 1516 2117 exinanitur,
1534 2088 1565 2111 ut
1580 2091 1629 2118 ego
1651 2084 1794 2118 plenitudi-

1010 2134 1052 2161 nis
1072 2133 1154 2167 ipsius
1171 2131 1308 2166 particeps
1331 2129 1443 2157 elliciar.
1460 2129 1587 2163 Qua-nam
1607 2129 1648 2157 hae
1667 2130 1794 2158 bonitatis

1010 2176 1125 2205 divitias?
1144 2175 1283 2209 Quodnam
1301 2181 1341 2201 me
1355 2174 1512 2201 circumstat
1526 2175 1705 2209 mysterium?
1722 2175 1793 2202 Divi—

1009 2230 1072 2250 nam
1099 2222 1243 2256 imaginem
1268 2220 1369 2256 accepi,
1388 2219 1471 2255 672
1496 2228 1546 2247 nec
1565 2221 1696 2248 custodiri
1721 2231 1727 2248 :
1750 2221 1795 2248 ille

1009 2268 1098 2297 carnis
1112 2275 1179 2295 meae
1199 2267 1334 2302 particeps
1348 2267 1386 2298 lit,
1408 2271 1448 2300 ut,
1465 2270 1492 2294 et
1508 2266 1616 2302 imagini
1634 2267 1757 2300 salutem,
1769 2273 1795 2295 et

170 2316 229 2341 τότε
247 2315 297 2350 μὲν
312 2314 359 2341 τοῦ
374 2315 526 2350 κρείττονος
543 2315 687 2350 μετέδωκε,
704 2316 751 2342 νῦν
767 2316 796 2342 δὲ
819 2316 957 2353 μεταλαμ-

1011 2315 1084 2343 carni
1100 2313 1328 2341 immortalitatem
1340 2312 1443 2338 all'erat.
1465 2311 1616 2339 Secundum
1631 2314 1793 2340 consortium

172 2361 244 2387 εάνει
265 2360 318 2401 ’τοῦ⁹
332 2360 462 2395 χείρονος.
485 2360 570 2387 Τοῦτο
584 2360 630 2386 τοῦ
646 2361 779 2397 προτέρου
795 2362 957 2390 θεοειδέστε-

172 2415 217 2441 ρον
227 2414 234 2421 ’
249 2406 330 2433 τοῦτο
343 2408 398 2438 τοῖς
413 2405 475 2433 νοῦν
488 2406 594 2441 ἔχουσιν
608 2407 780 2442 ὑψηλότερον.

1011 2361 1151 2388 nobiscum
1170 2359 1229 2392 init,
1243 2364 1269 2386 et
1280 2359 1387 2393 quidem
1403 2358 1485 2392 priori
1501 2356 1578 2393 longe
1592 2358 1793 2391 admirabilius;

1013 2413 1069 2434 tum
1091 2407 1162 2434 enim
1181 2406 1218 2438 id,
1243 2404 1314 2439 quod
1337 2402 1507 2438 praestantius
1520 2409 1590 2435 erat,
1607 2403 1682 2431 nobis
1702 2403 1796 2438 imper-

171 2452 228 2483 tiit:
245 2457 273 2479 at
284 2459 356 2478 nune
378 2452 435 2486 ipse
456 2451 524 2485 ejus,
541 2452 610 2486 quod
626 2451 744 2478 deterius
759 2457 810 2486 est,
824 2454 959 2489 particeps
978 2453 1103 2482 eﬂicitur.
1121 2449 1177 2478 Hoc
1192 2449 1276 2484 priori
1306 2448 1352 2475 illo
1372 2448 1504 2482 divinius;
1539 2449 1589 2477 hoc
1611 2450 1681 2484 apud
1698 2450 1794 2486 corda-

173 2503 211 2525 tus
224 2503 251 2525 et
263 2498 409 2533 prudentes
424 2498 496 2525 viros
517 2497 601 2524 multo
612 2496 762 2525 sublimius.

204 2545 228 2561 ‘“
240 2545 322 2572 Hebr.
344 2553 381 2577 iv,
404 2544 447 2572 15.

206 2592 263 2628 (55)
279 2591 374 2628 Λόγῳ.
403 2601 412 2616 ε
423 2592 563 2628 Sermone,
576 2582 578 2585 i
589 2592 716 2627 alloquio,
733 2598 760 2620 et
784 2593 863 2622 insita
880 2595 955 2624 nobis

170 2629 282 2654 ratione.
297 2637 307 2652 ι
324 2627 370 2654 Sic
384 2628 493 2660 exponit
508 2627 625 2655 Nicetas.

207 2663 261 2696 (56)
273 2661 469 2694 Μεταϐολίιῖς.
484 2661 518 2688 Pa
524 2671 544 2689 r.
550 2683 556 2694 ,
570 2663 717 2694 ἐπιϐολαῖς.

207 2698 262 2739 ί57)
283 2697 538 2731 Ἀλληλοφονίαις.
566 2697 611 2726 Sic
629 2700 707 2726 codd.
723 2699 748 2725 in
773 2699 827 2732 ed.,
844 2699 956 2736 ἀλληλοτ

169 2740 465 2806 ψΪῗῑῧιῗὶίπιορκ[αις.
474 2767 520 2795 Sic
533 2768 610 2795 codd.
625 2768 750 2796 Mendese
765 2769 791 2796 in
810 2769 866 2802 ed.,
881 2771 957 2806 ἐπιρ-

279 2837 336 2874 Τοᾼῦ
347 2837 421 2864 Θεοῦ
439 2837 540 2874 ᾼόγος.
574 2848 582 2864 ι
594 2839 639 2865 Dei
655 2838 782 2866 Verbum.
799 2849 807 2864 I

202 2872 260 2909 (4οἶ
276 2872 431 2905 κάλλους.
445 2873 525 2901 Deest
540 2873 565 2901 in
581 2874 701 2910 pluribus
721 2874 867 2903 codicibus.

1044 2595 1099 2631 (Μ)
1114 2595 1261 2631 Γίγνεται.
1278 2593 1343 2631 Tres
1361 2593 1443 2631 ltegg.
1456 2593 1569 2631 γίνεται.

1046 2628 1100 2666 (42)
1111 2628 1286 2666 Παρθενίαν.
1301 2629 1347 2666 9r.
1359 2629 1391 2666 71,
1408 2628 1577 2666 παρθενείαν,

1044 2661 1101 2702 (15)
1126 2661 1240 2698 Σὰρκὸς
1264 2663 1313 2690 καὶ
1343 2661 1525 2697 Πνεύμὰτος.
1554 2661 1746 2692 «Humanitate
1767 2666 1796 2692 et

1010 2702 1122 2729 Deitnie.
1136 2710 1144 2726 ι

1047 2736 1100 2772 (tt)
1122 2735 1181 2772 Ἐπὶ
1192 2735 1309 2772 ⁶ιιιθςρόν.
1332 2733 1425 2772 Billius
1445 2742 1461 2772 ᾖ
1475 2743 1484 2759 ‹
1497 2735 1529 2772 ad
1547 2735 1628 2772 breve
1652 2739 1765 2769 tempus.
1780 2742 1792 2761 ι

1045 2769 1102 2803 (45)
1122 2770 1220 2796 ΊὈῦτο.
1237 2770 1293 2795 Non
1305 2769 1426 2804 agnoscit
1442 2769 1618 2796 Combelisins

1045 2805 1100 2841 (46)
1129 2805 1313 2838 itaut-mica.
1347 2804 1410 2838 Heg.
1434 2811 1447 2831 c
1478 2810 1504 2832 ct
1534 2804 1615 2832 Coisl.
1633 2807 1658 2838 Ι,
1691 2812 1794 2833 «eave-

1008 2841 1089 2877 τήτῃ.
