2029 3127
145 159 198 188 553
611 158 740 187 ORATIO
761 158 882 187 XXXIX.
904 171 936 178 —
955 156 989 185 ΙΝ
1011 156 1145 186 SANCTA
1167 158 1308 186 LUMINA.
1718 162 1772 190 551

143 217 310 254 νεκρώθητι,
327 217 477 252 συντάφηθι
506 216 665 252 προθύμως,
683 217 726 243 ἵνα
749 217 796 243 καὶ
822 225 937 243 συνανα-

960 220 975 247 λ
990 216 1084 250 laphos
1101 217 1202 251 accipe,
1223 216 1265 242 l‘ac
1279 216 1373 251 spinis,
1390 217 1441 244 hoc
1455 222 1509 249 est,
1528 218 1577 252 piae
1597 219 1657 245 vita:
1674 220 1761 254 asperi

145 266 230 300 θεῇς,
255 264 303 290 καὶ
323 263 514 298 συνδοξασθῇς,
540 262 587 289 καὶ
613 262 845 298 συμϐασιλεύσῃς,
871 262 936 289 Θεὺν

992 268 1056 294 late,
1077 263 1226 290 coroneris.
1240 263 1384 289 Coccinnm
1402 264 1507 295 induas,
1524 265 1681 292 arundinem
1701 267 1774 293 acci-

145 309 217 345 ὁρῶν
239 309 303 335 ὅσον
325 309 384 334 ἐστὶ
402 308 468 343 (75),
489 308 536 334 καὶ
561 307 709 342 ὁρώμενος,
730 308 774 334 τὸν
798 308 826 333 ὲν
843 306 937 342 Τριάδι

989 308 1056 341 pias,
1071 308 1105 335 ab
1118 308 1161 341 iis,
1172 309 1217 344 qui
1232 309 1373 336 veritatem
1389 309 1505 336 ludibrio
1519 310 1627 343 habent,
1642 311 1774 339 adoreris.

147 355 385 390 προσκυνούμενόν
411 363 439 381 τε
475 355 522 381 καὶ
554 353 741 389 δῡξαζόμενον,
765 353 794 379 ὃν
820 354 866 379 καὶ
889 353 937 380 νῦν

990 353 1110 388 Denique
1131 359 1254 389 prompto
1279 356 1368 382 animo
1393 356 1471 385 simul
1497 357 1675 392 cruciligaris,
1695 358 1775 385 simul

145 401 313 438 τρανοῦσοας
338 403 404 437 ἡμῖν
422 400 478 436 (76)
501 399 645 436 εὐχόμεθα,
663 401 726 426 ὅσον
749 400 858 434 ἐφικτὸν
882 400 938 430 τοῖς

990 399 1120 431 moriare,
1166 401 1244 427 simul
1284 401 1439 436 sepelieris,
1485 408 1513 429 ut
1549 403 1629 430 simul
1672 412 1776 439 quoque

145 449 268 484 δεσμίοις
289 449 339 482 τῆς
367 447 477 482 σαρκὸς,
495 448 524 473 ὲν
542 446 653 482 Χριστῷ
671 445 758 481 Ἰησοῦ
780 445 820 480 τῷ
843 445 938 480 Κυρίῳ

988 452 1123 480 resurgas,
1138 451 1164 473 et
1183 446 1267 481 gloria
1284 448 1392 474 doncris
1411 456 1442 475 ac
1459 456 1564 484 regnes,
1582 449 1676 481 Deum,
1693 457 1767 484 quan-

145 494 237 530 ἡμῶν,
291 495 307 529 ή
324 493 387 526 δόξα
401 494 441 524 εἰς
454 494 516 523 τοὺς
532 492 633 524 αἰῶνας
648 492 715 526 (77).
735 491 831 527 Ἀμήν.

990 496 1032 518 tus
1056 498 1114 525 est,
1141 493 1329 528 conspiciens,
1351 494 1523 530 vicissimque
1557 502 1719 529 conspectus
1742 496 1775 522 ab

144 549 188 574 eo,
206 541 252 575 qui
268 540 295 566 in
310 539 443 566 Trinitate
463 538 602 570 aduratur,
638 542 666 564 et
688 537 865 572 gloriﬁcatur,
900 543 979 570 quem
999 543 1069 563 nunc
1086 544 1192 570 quoque
1215 538 1300 570 nobis,
1325 544 1455 573 quantum
1479 540 1568 566 carnis
1589 540 1694 568 vinculo
1712 548 1777 568 con-

146 587 251 616 strictis
261 586 335 618 licet,
346 583 479 613 declarari
492 588 626 618 optamus,
643 584 669 610 in
684 583 793 610 Christo
807 582 869 609 Jesu
886 581 998 608 Domino
1018 587 1120 613 nostro,
1136 583 1178 610 cui
1194 583 1276 617 glm'ia
1294 584 1318 610 iu
1343 584 1449 611 sarcula.
1467 585 1563 612 Amen.

181 677 239 711 (75)
258 677 350 703 Ὅσον
373 678 449 704 ἐστι.
476 677 557 704 lfoisl.
571 677 597 709 l,
623 681 678 703 tres
696 676 770 703 Colb.
786 682 811 703 et
828 673 934 706 Cumb.,

1026 675 1081 710 (77)
1094 675 1216 710 Αἱῶνας.
1251 679 1316 712 Ileg.
1329 686 1343 706 c
1357 683 1383 705 et
1397 678 1491 706 Comb.
1515 679 1627 711 addunt,
1645 678 1697 705 τῶν
1711 679 1776 706 αἰώ-

145 712 208 740 ῑσον
229 713 304 738 ἐστὶν
319 713 438 746 ἐφικτόν,
455 723 464 738 ι
476 718 606 747 quantum
619 711 745 747 possibile
762 717 812 738 est.
827 721 835 736 ι

477 718 606 747 quantum
619 711 745 747 possibile
762 717 812 738 est.
827 721 835 736 ι
990 720 1052 743 νων,
1069 722 1078 737 ι
1091 713 1278 740 saeculorum.-

181 748 240 783 (76)
266 747 357 782 Ἡμῖν.
374 749 419 775 Sic
436 746 525 782 plures
539 748 616 774 codd.
634 746 661 772 ln
672 746 726 778 ed.,
740 747 814 782 ὑμῖν.

157 811 1764 824 ————————————-————~———————a—_‘

282 908 669 964 676MONITUM
711 918 773 962 IN
811 913 1156 962 ORATIONES
1190 918 1395 961 XXXIX
1434 917 1510 960 ΕΤ
1545 918 1644 962 XL.

190 1096 203 1139 Ι
223 1098 366 1139 νΝονιῃη
396 1098 595 1139 mysterium.
631 1108 752 1130 sacrum
783 1099 904 1131 scilicet
928 1100 1045 1131 Christi
1072 1100 1238 1139 baptisma.
1258 1100 1290 1129 in
1313 1099 1371 1129 ista
1399 1107 1435 1129 ac
1453 1098 1604 1139 sequenti
1629 1099 1776 1130 oratione

151 1138 292 1168 celebrat
324 1137 507 1176 Gregorius.
538 1137 690 1174 Quamvis
712 1143 817 1170 autem
849 1140 935 1177 prior
963 1140 1022 1170 «in
1054 1137 1159 1170 sancta
1190 1139 1324 1170 Lumina
1342 1150 1355 1166 ι)
1383 1138 1587 1173 inscribatur.
1611 1146 1676 1168 non
1704 1139 1780 1169 inde

154 1177 726 1224 tamenconcludendumhputamus,
743 1183 790 1223 _ut
815 1180 945 1224 quidam
964 1178 1080 1224 eruditi
1098 1178 1172 1224 (78).
1196 1179 1405 1224 cenjuerupt,
1433 1177 1512 1224 hanc
1539 1177 1716 1224 orationenm
1743 1178 1780 1208 ad

155 1227 169 1243 α
185 1216 372 1247 Luminum.
388 1228 402 1244 »
421 1225 477 1246 seu
507 1228 520 1244 α
535 1217 768 1248 Puriﬁcationis
781 1230 795 1246 ν
812 1218 941 1253 festum,
964 1218 983 1248 2
1008 1216 1172 1249 Februarii
1194 1218 1227 1248 in
1246 1216 1386 1249 Ecclesia
1412 1217 1617 1248 celebratum.
1642 1216 1782 1248 referen-

153 1257 225 1298 dam
242 1255 389 1298 esse._Ne
415 1256 544 1298 verbum
563 1256 698 1298 quidem
724 1257 756 1298 in
781 1258 840 1288 ista
867 1259 1013 1298 oratione
1032 1257 1170 1298 reperire
1198 1262 1258 1298 est,
1285 1257 1371 1298 quod
1397 1257 1513 1298 Merita
1531 1256 1781 1298 purificationem

153 1295 314 1336 designet.
331 1296 433 1336 Totus
448 1295 606 1326 incumbit
623 1301 727 1327 orator
742 1297 774 1326 in
797 1297 997 1336 praedicando
1016 1295 1135 1328 Christi
1152 1295 1353 1335 baptismate,
1381 1306 1397 1326 a
1418 1304 1483 1335 quo
1498 1296 1671 1336 Luminum
1689 1296 1783 1326 festi-

155 1335 237 1365 vitas
263 1339 368 1364 ortum
385 1334 510 1366 habuit.
536 1337 580 1365 Ac
607 1344 646 1366 ne
664 1336 708 1365 sit
725 1334 809 1366 ullus
826 1336 884 1367 hac
901 1337 940 1368 de
965 1346 997 1367 re
1015 1337 1132 1367 erroris
1160 1334 1275 1372 metus,
1293 1334 1491 1374 Theologum
1521 1336 1568 1366 sic
1597 1335 1781 1374 loquentem

155 1374 325 1414 audiamus
347 1379 401 1413 (η.
423 1374 459 1412 1)
477 1385 485 1404 :
507 1376 667 1405 «Sanctus
687 1376 857 1406 Luminum
876 1376 944 1407 dies
959 1376 998 1406 ad
1016 1385 1112 1414 quem
1132 1376 1350 1413 pervenimus,
1377 1373 1539 1414 quemque
1559 1373 1653 1405 hodie
1671 1374 1781 1405 divino

154 1413 314 1444 benelicio
343 1413 587 1448 celebravimus.
613 1424 628 1444 a
655 1414 770 1445 Christi
797 1415 859 1446 mei
887 1413 1078 1453 baptismate
1098 1415 1257 1453 originem
1274 1415 1372 1446 ducit.
1389 1413 1403 1442 in
1435 1413 1601 1449 Praeterea,
1636 1418 1669 1443 ut
1698 1421 1782 1444 recte

154 1454 303 1482 observat
327 1453 549 1493 l‘illemontius
576 1454 652 1493 (79),
668 1453 846 1490 baptismus
874 1455 954 1493 apud
983 1455 1108 1485 Graecos
1128 1454 1562 1489 «illuminatio»dicebatur,
1579 1453 1663 1491 quod
1684 1453 1783 1493 uimi—

155 1500 227 1533 rum
255 1492 474 1533 catechumeni
497 1501 557 1533 per
581 1491 771 1532 baptismum
799 1503 815 1524 a
842 1491 959 1532 peccati
989 1498 1019 1524 et
1044 1494 1195 1524 vitiorum
1222 1493 1370 1533 caligine,
1386 1494 1423 1523 ad
1437 1493 1571 1533 justitiee
1591 1497 1622 1522 et
1640 1491 1782 1533 veritatis

156 1531 496 1572 lucemrconvolarent.
525 1532 671 1563 Christus
695 1532 793 1572 igitur
817 1533 850 1564 in
881 1534 937 1564 hac
955 1533 1050 1571 priori
1071 1534 1216 1564 oratione
1234 1542 1250 1564 a
1270 1531 1423 1572 Gregorio
1439 1531 1639 1572 praedicatur,
1666 1531 1783 1572 ut_lux

156 1579 230 1601 vera
251 1571 438 1601 illuminans
459 1572 627 1606 mundum,
647 1580 680 1602 ac
697 1571 728 1601 in
747 1573 889 1603 tenebris
905 1570 999 1603 etiam
1016 1574 1140 1603 lucens.
1167 1573 1257 1604 Unde
1284 1570 1419 1611 primum
1439 1570 1686 1611 catechumenos
1711 1570 1784 1601 hor-

156 1615 254 1645 tatur.
278 1615 325 1646 ut,
347 1611 480 1650 abjectis
507 1612 659 1646 tenebris,
675 1612 710 1642 ad
731 1620 841 1649 puram
870 1617 901 1643 et
929 1612 1098 1651 perfectam
1115 1612 1369 1650 regenerationis
1395 1612 1496 1642 lucem
1517 1619 1572 1651 per
1589 1610 1782 1648 baptismum

157 1651 319 1690 accedant.
343 1651 462 1681 Deinde
479 1651 666 1690 mysterium
689 1651 786 1687 istud,
809 1655 871 1682 tam
886 1650 957 1682 cum
979 1651 1125 1682 nefandis
1153 1651 1354 1682 ethnicorum
1383 1650 1566 1690 mysteriis,
1590 1657 1684 1690 quam
1710 1658 1783 1681 cum

158 1689 316 1727 legalibus
344 1690 526 1721 Iudaeorum
558 1689 727 1726 institutis,
760 1699 796 1720 ac
824 1691 931 1729 impiis
961 1691 1180 1721 haereticorum
1210 1689 1424 1729 dogmatibus
1440 1689 1621 1722 conferens,
1652 1689 1781 1729 illorum

156 1729 300 1759 omnium
321 1730 497 1759 doctrinam
516 1733 622 1760 nostra
650 1729 743 1767 longe
765 1728 951 1761 inferiOrcm
975 1730 1184 1761 demonstrat.
1211 1728 1403 1761 Nominatim
1432 1730 1561 1760 demum
1589 1728 1782 1759 Novatianos

157 1769 307 1806 exagitat,
337 1768 522 1809 quirsolam
551 1773 760 1809 agnoscentes
790 1770 1022 1808 purgationem,
1052 1777 1123 1809 quea
1148 1769 1306 1808 baptismo
1335 1771 1545 1808 comparatur,
1578 1775 1782 1807 nequaquam

157 1808 296 1848 amplius
312 1808 409 1838 semel
429 1811 497 1845 post
517 1807 709 1848 baptismum
727 1807 830 1846 lapsos
841 1807 879 1839 ad
898 1807 1112 1848 pmnitentiam
1131 1807 1344 1839 admitterent.

197 1847 239 1877 ll.
267 1847 360 1883 Quod
387 1852 492 1878 autem
519 1847 556 1878 ad
586 1849 714 1878 alteram
741 1847 931 1884 orationem,
965 1848 1027 1878 «in
1051 1851 1195 1878 sanctqu
1216 1848 1398 1886 baptisma»
1426 1847 1622 1886 inscriptam.
1656 1847 1781 1883 attinet,

158 1887 286 1927 nullum
300 1886 401 1927 ferme
421 1891 525 1925 potest
545 1894 615 1917 esse
632 1886 779 1927 dubium,
797 1887 875 1927 quin
893 1891 1019 1927 paratus
1038 1887 1207 1927 accesserit
1223 1885 1416 1927 Gregorius,
1435 1893 1468 1917 ut
1489 1885 1553 1917 uno
1569 1885 1634 1927 die,
1654 1894 1782 1927 unaque

158 1926 354 1967 conjunctim
376 1924 534 1967 oratione,
566 1925 785 1967 totam_hanc.
807 1924 956 1967 tumide
986 1926 1113 1962 Christi,
1143 1931 1208 1956 tum
1235 1927 1274 1967 de
1291 1924 1574 1967 Christianorum”
1590 1924 1781 1967 baptismate

158 1964 424 2005 disputationem,
441 1966 647 2005 absolveret,
663 1965 836 1996 Exorditur
859 1966 943 1997 enim
971 1967 1019 2004 (η.
1038 1966 1064 2005 1)
1092 1976 1100 1994 :
1128 1977 1142 1992 α
1167 1966 1325 2002 Quoniam
1360 1965 1429 1995 heri
1451 1964 1654 2005 splendidum
1676 1965 1784 2005 Lumi-

159 2003 236 2035 nuin
250 2005 333 2035 diem
351 2004 622 2036 celebravimus...
642 2004 737 2035 hodie
752 2005 791 2035 de
813 2003 978 2044 baptismo
991 2003 1130 2035 breviter
1144 2004 1362 2042 disseremus;
1385 2003 1502 2034 etenim
1516 2003 1661 2034 hesterna
1679 2003 1749 2035 luce
1765 2014 1782 2035 a

159 2044 255 2074 nobis
281 2045 382 2074 oratio
411 2045 519 2083 paucis
545 2053 695 2083 expressa
711 2043 783 2084 fuit,
806 2043 871 2074 tum
893 2045 969 2084 quia
994 2045 1147 2083 temporis
1163 2045 1309 2083 angustia
1339 2044 1577 2084 premebamur,
1610 2045 1676 2084 tum
1707 2044 1784 2083 quia

159 2091 269 2114 sermo
285 2081 484 2114 saturitatem
505 2093 541 2115 ac
556 2081 717 2114 fastidium
735 2081 918 2122 fugiebat.in
946 2084 1029 2115 Hinc
1056 2081 1170 2114 merito
1194 2081 1322 2122 quidem
1339 2081 1415 2114 'limc
1438 2083 1550 2118 oratio,
1577 2081 1662 2111 velut
1689 2081 1786 2114 altera

159 2123 369 2165 precedentis
386 2122 756 2165 orationisparshaberi
772 2123 877 2165 debet.
897 2123 933 2165 In
949 2123 1047 2162 priori
1067 2131 1205 2165 namque
1218 2123 1367 2165 Christus
1385 2123 1576 2165 baptismum
1588 2122 1784 2165 suscipiens,

161 2162 384 2194 consideratur
403 2167 436 2193 ut
461 2171 532 2193 vera
548 2161 604 2193 lux
622 2161 811 2192 illuminans
831 2162 995 2193 hominem
1013 2163 1197 2194 venientem
1227 2163 1259 2192 in
1277 2162 1362 2192 hunc
1381 2163 1535 2192 mundum
1553 2171 1561 2196 ;
1584 2161 1617 2189 in
1635 2161 1695 2192 ista
1714 2171 1786 2193 vero

160 2202 382 2244 consideratur
398 2202 687 2244 ho_mo.__quatenus
706 2205 754 2232 est
779 2210 796 2232 a
824 2201 948 2233 Christo
966 2211 1022 2240 per
1038 2202 1232 2244 baptismum
1255 2202 1480 2244 illuminatns._
1504 2201 1539 2230 In
1566 2202 1787 2244 pertractando

163 2246 268 2272 autem
286 2246 349 2272 tam
367 2241 521 2272 inetfabili
536 2239 706 2280 mysterio,
726 2245 811 2271 tanta
839 2245 905 2272 erat
923 2239 1027 2272 rerum
1045 2239 1147 2278 copia,
1162 2245 1197 2271 ut
1214 2249 1416 2281 nequaquam
1440 2241 1557 2281 mirum
1575 2239 1731 2277 videatur,
1759 2242 1786 2271 si

162 2281 350 2320 Gregorius,
368 2281 513 2320 quamvis
531 2281 687 2312 Orationis
708 2280 802 2310 initio
817 2289 851 2311 se
885 2292 898 2309 ι
913 2281 1053 2312 breviter
1068 2281 1230 2311 dicturum
1244 2292 1259 2308 ιι
1289 2280 1484 2320 premiserit,
1510 2280 1718 2320 t’use__tamen
1748 2281 1787 2311 de

162 2317 583 2358 baptismatts‘excellentia
620 2320 780 2359 loquatur.
822 2320 979 2359 Baptismi
1006 2321 1125 2351 donum
1155 2317 1530 2359 miriﬁce-ampliﬁcaus,
1567 2317 1650 2353 677
1681 2319 1787 2358 ipsum

163 2359 336 2389 creationis
353 2359 437 2390 dono
455 2358 655 2398 praestantius
671 2358 821 2390 declarat.
850 2358 985 2396 Idcirco,
1006 2359 1100 2389 modo
1123 2359 1250 2396 blande,
1276 2358 1371 2390 modo
1397 2358 1522 2390 fortiter
1541 2359 1787 2390 catechumenos

163 2402 266 2436 urget,
285 2403 316 2429 ut
335 2405 480 2438 prompto
497 2403 527 2430 et
541 2398 633 2429 alacri
650 2398 758 2428 animo
772 2401 810 2428 ad
825 2399 1024 2438 baptismatis
1041 2399 1199 2429 lavacrum
1215 2399 1388 2435 accedant;
1408 2403 1439 2429 et
1455 2398 1619 2436 prolixiori
1637 2406 1787 2429 sermone

163 2439 338 2468 ostendens
355 2442 509 2476 quantum
530 2439 572 2468 sit
591 2438 624 2471 in
647 2446 734 2468 mora
755 2437 932 2476 periculum
947 2461 956 2475 ,
975 2439 1059 2469 varia
1081 2438 1298 2468 cunctantium
1315 2446 1351 2468 ac
1369 2437 1668 2476 procrastinantium
1695 2446 1790 2476 argu-

165 2482 271 2507 menta
300 2476 418 2508 invicte
446 2477 573 2508 refellit.
606 2477 649 2507 Ex
668 2477 717 2507 his
736 2481 841 2507 autem
860 2486 932 2516 quae
962 2481 1028 2508 tum
1048 2478 1078 2507 in
1096 2476 1285 2516 praecedenti
1303 2477 1442 2513 Monito,
1463 2481 1529 2507 tum
1548 2477 1581 2507 in
1607 2477 1668 2507 isto
1697 2486 1790 2515 argu-

165 2521 272 2547 mento
287 2516 442 2553 diximus,
461 2525 523 2547 non
547 2516 627 2547 male
645 2516 738 2546 nobis
755 2515 1012 2547 concludendum
1041 2515 1179 2551 videtur,
1210 2516 1388 2547 orationem
1415 2527 1430 2544 α
1443 2515 1475 2546 in
1500 2520 1605 2546 sancta
1624 2516 1759 2546 Lumina
1774 2528 1788 2543 λ.

164 2553 440 2595 Constantinopoli
460 2556 596 2586 habitam
613 2555 713 2586 fuisse
727 2556 746 2585 6
760 2556 904 2587 Januarii
918 2557 989 2595 381,
1006 2556 1136 2587 alteram
1154 2563 1228 2586 vero
1247 2556 1310 2587 «De
1322 2555 1546 2593 Baptismate,»
1564 2556 1616 2586 die
1630 2555 1790 2594 sequenti,

164 2594 195 2625 id
211 2599 258 2626 est
275 2595 295 2625 7
310 2595 457 2627 Januarii
476 2595 619 2627 eiusdem
635 2594 723 2625 anni.

198 2712 254 2748 (78)
268 2711 408 2740 Pamelius
424 2711 451 2739 in
473 2718 565 2741 annot.
581 2713 608 2740 in
623 2711 690 2748 Cvp.
705 2720 713 2745 ;
734 2710 822 2740 Gelas.
854 2710 880 2738 in
902 2718 951 2738 suo

163 2745 337 2776 Martyrolox.

654 2719 690 2748 rp.
705 2720 713 2745 ;
734 2710 822 2740 Culus.
854 2710 880 2738 in
902 2718 951 2738 suo
1039 2711 1095 2746 (79)
1107 2711 1138 2739 Τ.
1151 2711 1197 2744 lx,
1213 2715 1264 2738 art.
1278 2719 1340 2744 va,
1356 2719 1382 2746 p.
1395 2711 1455 2739 465.

189 2755 337 2784 artyroiog.
