2029 3127
137 183 190 213 361

601 185 730 214 ORATIO
751 186 871 215 XXXIX.
892 202 926 207 ——
945 187 978 214 ΙΝ
997 187 1131 216 SANCTA
1154 188 1293 216 LUMINA.

1705 186 1760 214 τιιῆ

138 239 350 274 κακοδαιμονίας
363 239 406 274 ἐφ’
418 240 532 267 ἅπασιν·
552 241 590 273 ὠς
610 243 689 278 εἰπερ
702 243 808 269 ἀσεϐεῖν
827 243 919 275 αὐτοὺς

974 249 1062 277 erant,
1094 245 1274 272 communiter
1306 249 1393 271 tamen
1421 242 1511 271 omnia
1536 242 1569 270 ad
1595 243 1761 270 horrendam.

137 285 191 311 ἔδει
205 284 324 316 πάντως,
343 286 391 311 καὶ
409 285 460 320 τῆς
477 285 524 312 τοῦ
541 286 608 314 Θεοῦ
623 287 701 322 δόξης
714 288 870 319 ἀποπεσεῖν,
885 289 925 319 είς

137 329 234 356 εἴδωλα
253 330 473 365 κατενεχθέντας,
489 332 539 357 καὶ
554 332 650 367 τέχνης
669 333 746 369 ἔργα,
764 334 811 360 καὶ
828 334 926 370 χειρῶν

137 375 296 410 πλάσματα,
316 376 354 411 μὴ
368 375 401 402 ἂν
415 376 479 403 ἄλλο
494 385 520 403 τι
536 379 595 403 κατ’
610 378 699 404 αὐτῶν
719 378 848 411 εὔξασθαι
864 379 927 411 τούς

136 428 168 453 γε
180 420 243 447 νοῦν
255 419 376 455 ἔχοντας,
392 421 408 454 ἢ
425 420 535 447 τοιαῦτα
553 420 728 456 σεϐασθῆναι,
744 423 792 449 καὶ
804 422 874 449 οὕτω
887 431 926 448 τι·

139 466 235 500 μῆσαι,
255 465 299 491 ἵνα
317 465 367 500 τὴν
381 465 563 501 ἀντιμισθίαν,
578 467 610 502 ἢν
625 466 678 493 ἔδει
695 468 743 502 τῆς
758 467 872 502 πλάνης,
890 467 927 498 ὦς

139 518 205 544 φησι
229 510 346 542 Παῦλος,
367 511 602 546 ἁπολαμϐάνωσιν,
620 513 649 539 ὲν
672 509 712 543 οἷς
737 512 875 539 σέϐονται·
895 513 925 538 οὺ

139 555 242 590 μᾶλλον
264 555 408 590 τιμῶντες,
426 556 442 591 ῆ
469 556 502 582 δι’
519 557 630 585 ἐκείνων
646 557 702 592 (18)
722 557 924 593 ἀτιμαζόμενοι

136 603 282 629 Βδελυκτοὶ
302 603 352 637 τῆς
367 603 479 638 πλάνης,
502 603 702 640 βδελυκτότεροι
724 605 774 639 τῆς
790 604 926 635 εὐτελείας

136 648 190 675 τῶν
215 649 463 684 προσκυνουμένων-
482 649 529 677 καὶ
550 649 712 685 σεϐομένων,
735 650 778 678 ῐνα
809 651 855 677 καὶ
878 651 926 676 αὑ-

136 694 191 720 τῶν
212 694 266 720 τῶν
282 695 443 730 τιμωμένων
465 692 532 722 ὦσιν
553 696 782 731 ἀναισθητότερα,
797 696 923 724 τοσοῦτον

137 740 350 775 ὑπερϐάλλοντες
371 741 459 776 ἀνοία,
476 742 538 768 ὅσον
555 741 677 777 εὐτελείᾳ
700 742 734 769 τὰ
754 741 922 777 προσκυνού-

138 794 206 820 μενα
211 805 218 812 .

974 290 1160 325 perditamque
1190 290 1354 325 impietatem
1388 288 1551 320 tendebant;
1583 288 1650 315 adeo
1670 291 1709 321 ut,
1732 289 1758 315 si

974 335 1082 369 quidem
1097 336 1206 363 omnino
1224 342 1271 363 eos
1287 335 1425 369 impietate
1445 333 1603 368 constringi,
1623 337 1703 368 atque
1722 333 1756 361 ad

974 380 1116 408 simulacra
1132 385 1159 407 et
1172 380 1238 407 artis
1253 387 1335 414 opera
1353 386 1534 413 manuumque
1553 379 1677 413 ﬁgmenta
1692 386 1755 413 pro-

976 425 1075 459 lapsos,
1088 433 1102 452 a
1119 425 1164 452 Dei
1180 425 1263 459 gloria
1278 424 1357 459 dejici
1373 424 1525 458 oportebat,
1547 423 1611 450 nihil
1630 423 1700 450 aliud
1716 423 1755 457 ip-

975 469 1015 496 sis
1027 470 1129 497 eordati
1145 470 1267 497 homines
1280 469 1423 504 imprecari
1439 473 1558 503 possent,
1573 476 1652 502 quam
1673 473 1701 495 ut
1716 473 1756 495 ta-

976 514 1009 541 lia
1026 520 1228 547 venerarentur,
1245 515 1399 549 talibusque
1409 514 1556 541 honoribus
1566 513 1712 543 efﬁcerent,
1727 517 1756 539 ut

975 561 1075 587 erroris
1088 560 1249 593 mercedem,
1262 567 1342 594 quam
1359 559 1479 592 decebat,
1499 564 1527 586 ut
1547 559 1583 586 ait
1605 558 1702 585 Paulus
1714 558 1754 590 θ’,

974 612 1022 639 per
1036 605 1188 641 huiusmodi
1207 606 1404 633 venerationem
1416 606 1582 640 reciperent;
1601 612 1651 631 non
1671 603 1755 638 magis

974 658 1005 678 ea
1023 650 1134 678 numina
1161 657 1209 684 per
1223 650 1327 685 seipsos
1340 652 1514 682 honorantes,
1533 657 1612 684 quam
1637 649 1687 683 ipsi
1708 657 1755 684 per

970 702 1003 721 ea
1032 695 1147 722 dedecus
1176 699 1256 729 atque
1282 695 1419 722 infamiam
1457 695 1575 729 sibiipsis
1607 695 1752 722 inurenles.

971 740 1157 768 Exsecrabiles
1170 741 1277 775 quidem
1290 741 1327 768 illi
1338 742 1372 768 ob
1383 749 1513 774 errorem,
1532 740 1753 769 exsecrabiliores

971 790 1061 813 autem
1082 785 1117 814 ob
1132 793 1236 819 eorum,
1262 793 1321 820 qua:
1344 792 1506 813 veneramur
1527 791 1608 821 atque
1630 786 1752 818 adorant,

138 833 287 865 vilitatem;
309 833 345 859 ita
361 838 391 860 ut
410 833 443 861 iis
457 833 550 866 etiam,
565 841 624 868 qua:
638 834 740 868 colunt,
760 834 926 869 stupidiores
945 840 974 861 se
997 833 1144 868 praebeant,
1169 837 1325 868 tantumque
1341 841 1371 861 ea
1403 833 1536 861 dementia
1560 838 1587 861 et
1607 834 1754 862 stoliditate

135 883 274 913 superent,
299 883 430 913 quantum
451 880 487 907 ab
506 880 548 912 iis,
574 888 634 915 quze
653 880 777 913 adorant,
801 881 904 908 vilitate
923 883 1093 914 superantur.

167 927 206 960 _Z’.
227 925 319 955 Ταῦτα
337 927 385 961 μὲν
402 924 447 954 οὖν
469 927 639 960 παιζέτωσαν
662 927 794 964 Ἐλλήνων
817 929 919 960 παῖδες,

1011 925 1067 954 Vll.
1086 927 1173 961 Atque
1190 927 1246 954 haec
1267 926 1374 961 quidem
1395 925 1488 953 ludant
1505 925 1628 962 gentiles,
1649 933 1681 954 ac
1699 926 1752 954 dte-

135 972 183 998 καὶ
195 972 330 1006 δαίμονες,
346 973 410 1008 παρ’
426 969 463 1000 ὧν
475 972 587 1004 ὲκείνοις
602 974 619 1008 ἡ
631 973 717 1005 ἄνοια,
729 973 778 1009 τὴν
790 973 836 1000 τοῦ
853 973 920 1000 Θεοῦ

134 1017 218 1053 τιμὴν
244 1019 283 1048 είς
306 1018 419 1050 ἑαυτοὺς
445 1018 638 1053 μεθελκὸντων,
656 1019 702 1045 καὶ
722 1019 817 1051 ἄλλους
835 1019 921 1051 ἄλλως

135 1063 357 1098 κατατεμνόντων
369 1065 408 1096 είς
425 1064 538 1100 αἰσχρὰς
548 1065 626 1097 δόξας
641 1065 687 1092 καὶ
697 1065 856 1100 φαντασίας,
874 1065 920 1100 ἀφ’

133 1105 165 1134 οὗ
189 1107 236 1135 τοῦ
251 1108 329 1141 ξύλου
353 1109 403 1144 τῆς
422 1110 494 1145 ζωῆς
515 1110 676 1142 ἐκϐαλόντες
692 1111 775 1146 ἡμᾶς,
797 1110 836 1145 τῷ
852 1110 921 1145 ξύλῳ

134 1154 183 1189 τῆς
194 1153 320 1188 γνώσεως
338 1155 369 1180 οὐ
386 1154 456 1182 κατὰ
472 1155 576 1190 καιρὸν,
589 1156 644 1183 οὐδ’
661 1156 820 1191 ἐπιτηδείως
840 1164 920 1191 μετα-

133 1198 283 1234 ληφθείσης
298 1199 366 1234 (19),
381 1200 418 1231 ὠς
437 1200 646 1236 ἀσθενεστέρους
667 1201 717 1237 ἥδη
740 1194 919 1236 κατέδραμον,

132 1244 178 1271 τὸν
201 1245 325 1280 ἡγεμόνα
350 1245 411 1272 νοῦν
436 1246 666 1282 συναρπάσαντες,
687 1247 803 1278 καὶτοῖς
823 1245 920 1272 πάθεσι

133 1288 218 1323 θύραν
237 1289 399 1321 ἀνοίξαντες.
416 1290 453 1316 Ut)
469 1291 523 1326 γὰρ
542 1290 648 1327 ἔφερον,
669 1291 748 1325 φύσις
765 1291 839 1322 ὅντες
853 1290 920 1324 φθου

132 1335 198 1370 νερὰ
219 1335 267 1361 καὶ
285 1334 484 1370 μισάνθρωπος,
511 1335 608 1370 μᾶλλον
629 1336 657 1362 δὲ
680 1335 724 1362 διὰ
742 1335 791 1371 τὴν
815 1335 920 1362 ἑαυτῶν

133 1377 231 1405 κακίαν
244 1377 394 1412 γενόμενοι,
410 1379 472 1410 τοὺς
491 1378 565 1405 κάτω
585 1380 638 1406 τῶν
654 1380 709 1407 ἄνω
723 1381 824 1414 τυχεῖν,
844 1379 920 1407 αὐτοὶ

133 1425 262 1456 πεσόντες
277 1425 323 1451 ἐπὶ
336 1425 387 1460 γῆς
400 1425 511 1458 ἄνωθεν,
524 1425 584 1452 οὐδὲ
602 1425 735 1461 τοσαύτην
754 1425 918 1461 μετάστασιν

132 1469 257 1503 γενέσθαι
273 1470 322 1504 τῆς
341 1470 429 1505 δόξης,
449 1471 496 1497 καὶ
509 1470 561 1497 τῶν
578 1470 693 1506 πρώτων
706 1471 820 1505 φύσεων.
835 1471 919 1498 Τοῦτό

132 1516 206 1541 ὲπιν
231 1515 245 1540 ὁ
267 1514 384 1550 διωγμὸς
402 1515 448 1542 τοῦ
464 1516 636 1551 πλάσματος’
652 1516 694 1543 διὰ
709 1516 787 1542 τοῦτο
802 1517 818 1552 ἡ
838 1517 918 1544 εἰκὼν

131 1562 177 1588 τοῦ
192 1561 260 1588 Θεοῦ
277 1561 460 1598 καθυϐρίσθη-
479 1562 526 1589 καὶ
545 1562 635 1594 καθὼς
651 1563 701 1589 οὺκ
719 1562 918 1598 ἐδοκιμάσαμεν

132 1606 246 1640 φυλάξαι
261 1605 310 1641 τὴν
327 1606 445 1642 ἐντολὴν,
458 1607 647 1643 παρεδόθημεν
661 1608 694 1643 τῇ
709 1607 855 1643 αὐτονομίᾳ
867 1609 916 1644 τῆς

132 1655 236 1690 πλάνης
248 1654 303 1690 (20)
313 1663 320 1670 ·
335 1655 381 1680 καὶ
405 1653 494 1685 καθὼς
507 1653 709 1689 ὲπλανήθημεν,
724 1653 916 1689 ὴτιμάσθημεν

132 1701 160 1727 ἑν
182 1698 223 1732 οἷς
242 1700 438 1736 ὲσεϐἁσθημεν.
460 1699 497 1726 Οὐ
512 1699 566 1735 γὰρ
582 1699 659 1726 τοῦτο
685 1699 763 1734 μόνον
777 1699 871 1731 δεινὸν,
885 1699 916 1726 τὸ

133 1747 330 1781 πεποιημένους
348 1746 390 1772 ἐπ’
404 1744 514 1779 ἀγαθοῖς
534 1744 624 1780 ἔργοις
640 1744 706 1779 (21),
728 1745 767 1776 είς
779 1744 855 1777 δόξαν
869 1745 916 1771 καὶ

132 1792 239 1821 ἔπαινον
268 1791 314 1818 τοῦ
342 1791 530 1827 πεποιηκότος,
551 1791 598 1817 καὶ
617 1790 683 1817 Θεοῦ
707 1790 832 1825 μίμησιν,
856 1790 917 1817 ὅσον

132 1837 250 1871 ὲξικτδν,
266 1827 431 1873 ὁρμητήριον
448 1836 573 1870 γενέσθαι
596 1835 729 1862 παντοίων
749 1835 853 1868 παθῶν,
873 1835 916 1875 βο-

132 1883 270 1918 σκομένων
286 1883 378 1914 κακῶς
396 1883 442 1909 καὶ
460 1882 641 1909 δαπανώντων
661 1882 706 1908 τὸν
726 1881 800 1913 me;
814 1881 917 1917 ἄνθρω-

131 1937 199 1955 πον·
213 1928 282 1955 ἀλλὰ
296 1928 326 1954 τὸ
351 1928 406 1963 (22)
436 1928 483 1954 καὶ
511 1928 589 1960 θεοὺς
608 1927 758 1962 στήσασθαι
781 1927 836 1962 (25)
856 1936 917 1953 συντ

131 1975 247 2010 ηγόρους
277 1975 333 2005 τοῖς
366 1973 490 2006 πάθεσιν,
523 1973 567 2000 ἴνα
597 1973 633 2009 μὴ
667 1973 747 2009 μόνον
774 1972 918 2000 ἀνεύθυνον

131 2021 161 2048 τὸ
191 2020 374 2055 ἁμαρτάνειν,
407 2019 474 2046 ἀλλὰ
506 2020 553 2046 καὶ
584 2019 654 2047 θεῖον
687 2019 846 2054 νομίζηται,
878 2019 919 2051 είς

131 2066 257 2101 τοιαύτην
289 2065 458 2101 καταφεῦγον
489 2065 653 2099 ἀπολογίαν,
685 2064 719 2091 τὰ
753 2064 919 2099 προσκυνού-

132 2120 212 2147 μενα.

971 980 1076 1006 mones,
1093 980 1107 999 τι
1121 973 1217 1007 quibus
1233 972 1268 998 illi
1284 972 1308 999 in
1323 973 1393 1000 hanc
1406 972 1549 1000 amentiam
1569 971 1750 1004 impelluntur,

971 1018 1033 1045 dum
1051 1017 1177 1045 nimirum
1190 1017 1235 1044 Dei
1251 1017 1331 1052 681
1352 1017 1481 1045 honorem
1494 1017 1527 1044 ad
1543 1017 1645 1052 seipsos
1659 1017 1751 1044 detor-

971 1067 1063 1097 quent,
1079 1068 1159 1098 atque
1171 1063 1198 1090 in
1212 1067 1303 1096 turpes
1320 1062 1480 1095 sententias,
1494 1066 1521 1090 et
1535 1069 1623 1090 rerum
1637 1062 1749 1096 species.

971 1109 1038 1136 alios
1050 1108 1103 1136 alio
1115 1108 1194 1136 modo
1206 1108 1370 1142 discindunt,
1385 1115 1417 1136 ex
1438 1115 1491 1142 quo
1505 1115 1553 1136 nos
1570 1115 1617 1143 per
1633 1108 1751 1136 scientia:

971 1155 1070 1190 lignum
1084 1154 1173 1182 minus
1189 1155 1346 1189 tempestive
1367 1158 1394 1182 et
1417 1154 1556 1182 commode
1580 1158 1749 1188 perceptum,

971 1201 1031 1228 vita:
1046 1200 1118 1236 ligno
1139 1200 1307 1233 exturbatos,
1333 1200 1406 1228 velut
1422 1199 1477 1234 jam
1501 1199 1671 1233 inﬁrmiores,
1687 1205 1751 1227 exa-

970 1247 1103 1282 gitarunt,
1126 1247 1313 1282 gubernatrice
1337 1250 1426 1274 mente
1453 1246 1584 1282 abrepta,
1614 1245 1751 1281 ianuaque

969 1292 1074 1320 vitiosis
1100 1292 1182 1319 animi
1211 1292 1398 1320 affectionibus
1426 1291 1571 1326 patefacta.
1600 1291 1655 1319 Nec
1678 1292 1749 1320 enim

970 1337 1040 1365 ferre
1054 1342 1187 1372 poterant,
1203 1345 1264 1366 cum
1275 1338 1375 1366 invidia
1394 1341 1476 1372 atque
1488 1337 1549 1366 odio
1561 1337 1689 1366 adversus
1701 1337 1749 1365 ho-

970 1384 1069 1411 mincm
1087 1388 1179 1419 suapte
1195 1389 1288 1411 natura
1309 1384 1461 1419 ﬂagrarent,
1479 1383 1538 1417 vel,
1556 1387 1585 1410 ut
1604 1383 1704 1410 rectius
1714 1383 1751 1410 lo-

969 1435 1046 1462 quar,
1061 1433 1171 1462 propter
1184 1429 1279 1456 vitium
1293 1436 1372 1456 suum
1389 1429 1414 1456 in
1440 1429 1511 1456 hunc
1534 1427 1653 1456 habitum
1669 1429 1749 1463 dege-

970 1479 1118 1507 nerassent,
1141 1480 1261 1502 terrenos
1285 1475 1409 1502 homines
1429 1474 1553 1508 supernis
1578 1474 1655 1502 bonis
1677 1473 1748 1507 frui,

970 1526 1031 1546 cum
1053 1519 1103 1554 ipsi
1121 1519 1217 1548 eccelo
1240 1520 1266 1547 in
1291 1525 1391 1548 terram
1418 1520 1592 1552 corruissent,
1620 1527 1670 1548 nec
1692 1525 1750 1547 tan-

971 1569 1024 1592 tam
1047 1564 1149 1598 gloriaa,
1175 1565 1348 1600 pristinaeque
1364 1565 1483 1600 ipsorum
1502 1570 1604 1593 natum
1623 1565 1750 1593 mutatio—

969 1618 1029 1638 nem
1054 1610 1121 1638 ﬁeri.
1142 1611 1244 1638 ldcirco
1262 1611 1412 1646 persecutio
1427 1611 1554 1639 adversus
1572 1611 1618 1638 Dei
1636 1611 1750 1646 ﬁgmen-

971 1659 1025 1683 tum
1040 1657 1156 1684 excitata
1172 1661 1227 1690 est;
1250 1657 1351 1684 idcirco
1373 1657 1420 1684 Dei
1437 1657 1526 1692 imago
1545 1656 1644 1690 probro
1660 1660 1687 1683 et
1703 1656 1751 1683 de-

969 1701 1066 1729 decore
1086 1701 1192 1732 aﬁ‘ecta.
1213 1701 1246 1730 Et
1266 1702 1492 1737 quemadmodum
1512 1702 1639 1729 mandato
1656 1708 1750 1735 parere

970 1747 1165 1780 recusavimus,
1184 1748 1220 1775 ita
1238 1748 1353 1776 licentia:
1371 1747 1472 1775 erroris
1492 1747 1581 1775 traditi
1601 1754 1708 1780 sumus;
1722 1751 1750 1774 et

967 1793 1191 1828 quemadmodum
1219 1793 1413 1825 aberravimus,
1444 1793 1480 1820 ita
1508 1793 1626 1820 vicissim
1646 1792 1673 1819 in
1700 1792 1748 1826 iis,

967 1837 1064 1872 quibus
1083 1838 1183 1866 cultum
1199 1843 1228 1866 et
1241 1838 1442 1866 venerationem
1455 1837 1638 1869 adhibuimus,
1650 1837 1762 1871 probro.

967 1888 994 1911 et
1014 1883 1161 1917 ignominia
1175 1884 1275 1919 perfusi
1299 1891 1400 1911 sumus.
1426 1883 1482 1912 Nec
1502 1884 1573 1912 enim
1591 1883 1641 1911 hoc
1662 1883 1761 1911 solum.

967 1935 1047 1963 grave
1063 1933 1090 1955 et
1108 1929 1244 1963 indignum
1263 1933 1315 1963 est,
1336 1928 1417 1964 quod,
1433 1936 1494 1956 cum
1508 1930 1541 1956 ad
1565 1929 1634 1956 bona
1653 1936 1749 1964 opera,

967 1973 993 2000 in
1010 1973 1114 2007 opiﬁcis
1129 1973 1235 2002 laudem
1249 1979 1276 2002 et
1293 1974 1416 2009 gloriam,
1437 1974 1547 2009 Deique,
1561 1978 1697 2008 quantum.
1707 1974 1761 2002 fas.

966 2023 1018 2051 est,
1044 2019 1233 2054 imitationem,
1257 2020 1341 2048 creati
1367 2027 1498 2053 essemus,
1526 2019 1614 2047 omnis
1637 2020 1747 2055 generis

965 2065 1105 2099 vitiorum,
1129 2073 1188 2101 quae
1208 2066 1364 2093 intestinum
1387 2066 1522 2093 hominem
1550 2065 1648 2093 misere
1666 2065 1748 2100 depa-

967 2116 1045 2138 scunt
1067 2116 1148 2146 atque
1164 2115 1336 2144 consumttnt,
1365 2111 1442 2139 sedes
1462 2116 1489 2139 ει
1514 2105 1746 2147 propugnaculum

133 2157 195 2184 facti
210 2165 321 2190 sumus;
354 2158 401 2185 sed
426 2158 506 2184 etiam
530 2158 601 2193 quod
621 2157 691 2184 Deos
720 2157 846 2184 vitiorum
881 2160 1008 2192 patronos
1030 2157 1191 2191 efﬁnximus,
1218 2162 1248 2185 ut
1267 2162 1417 2193 peccatum,
1450 2165 1503 2186 non
1525 2157 1604 2185 modo
1631 2158 1748 2185 crimine

130 2207 231 2234 careat,
248 2204 295 2230 sed
314 2203 395 2230 etiam
418 2204 537 2231 divinum
563 2208 718 2236 censeatur,
739 2203 772 2230 ad
793 2210 824 2229 ea
856 2202 990 2236 videlicet,
1016 2210 1075 2238 qua:
1097 2211 1146 2240 pro
1175 2203 1226 2232 diis
1262 2203 1420 2236 adorantur,
1459 2203 1622 2231 defensionis
1662 2210 1757 2230 causa.

129 2249 296 2284 confugiens.

165 2294 207 2321 ΗΧ
227 2294 309 2329 Ἡμῖν
324 2294 352 2321 δὲ
365 2294 458 2331 ὥσπερ
474 2294 607 2331 ἐχαρίσθη
622 2302 652 2322 το
667 2295 782 2330 φυγοῦσι
799 2295 846 2331 τὴν
863 2295 915 2322 δει-

1004 2292 1068 2320 Vill.
1085 2293 1121 2320 At
1133 2299 1206 2326 vero,
1222 2292 1447 2328 quemadmodum
1458 2293 1541 2321 nobis
1555 2293 1647 2320 divino
1666 2293 1748 2320 bene-

131 2339 271 2374 σιόαίμονα
287 2339 401 2374 πλάνην,
419 2340 487 2375 μετὰ
498 2341 549 2375 τῆς
563 2340 692 2375 ἀληθείας
708 2340 834 2374 γενέσθαι
846 2360 852 2372 ,
866 2340 913 2367 καὶ

128 2385 262 2411 δουλεύειν
279 2384 339 2420 Θεῷ
363 2385 444 2417 ζῶντι
466 2386 514 2412 καὶ
539 2385 667 2422 ἀληθινῷ,
686 2386 733 2413 καὶ
753 2386 803 2422 τὴν
825 2386 913 2414 κτίσιν

129 2430 345 2465 ὑπεραναϐἧναι,
358 2430 447 2457 πάντα
462 2431 621 2466 περάσασιν,
636 2432 685 2458 ὅσα
696 2431 747 2457 ὑπὸ
760 2431 855 2466 χρόνον
867 2431 913 2457 καὶ

129 2472 240 2507 πρώτην
258 2473 365 2508 κίνησιν
378 2482 384 2488 ·
404 2474 474 2500 οὕτω
485 2474 531 2501 καὶ
547 2475 662 2510 εἴδωμεν
682 2475 749 2510 (24),
773 2475 821 2502 καὶ
839 2476 912 2510 φιλο-

130 2517 293 2551 σοφήσωμεν
314 2517 348 2544 τὰ
369 2518 431 2553 περ),
452 2517 519 2544 Θεοῦ
534 2517 626 2544 καὶτὰ
642 2517 712 2545 θεῖα.
726 2517 912 2554 Φιλοσοφήσω-

130 2569 179 2596 μεν
195 2561 233 2593 δὲ,
249 2562 395 2597 ἀρχόμενοι
403 2562 540 2598 (25),ὅθεν
551 2562 682 2598 ἄρχεσθαι
693 2563 819 2598 ἄμεινον’
835 2563 912 2598 ἄμει-

164 2609 186 2624 "
205 2608 284 2636 Rom.
303 2618 322 2641 l,
341 2610 377 2637 23
407 2618 469 2646 sqq.

166 2656 221 2693 (18)
245 2657 397 2691 Τιμῶν-τες,
424 2657 443 2691 ἢ
467 2658 648 2686 δι’ἑκείνων.
676 2659 798 2693 Quinque
813 2659 908 2693 llegg.,

129 2698 187 2730 tres
201 2693 291 2730 C0l_|l.,
309 2694 373 2730 _tl_no_
395 2693 489 2730 Cui._sl._,
505 2694 639 2729 τιμῶντες
654 2694 688 2721 τὰ
708 2694 875 2730 σεϐάσματα,
897 2695 914 2730 ἢ

128 2726 162 2753 δι’
176 2727 288 2753 ἑαυτῶν.
308 2727 353 2754 Sic
367 2727 429 2761 legit
441 2726 540 2755 Billius.

165 2762 221 2799 (l9)
239 2763 498 2799 Μεταληφίζεισης.
527 2764 576 2799 §ic
599 2764 718 2798 quinque
742 2763 916 2799 Regg.,_octo

127 2796 217 2832 Coll»,
235 2795 306 2832 0n]
336 2795 369 2832 et
393 2797 452 2823 Bas.
466 2795 513 2826 red.
527 2795 616 2826 Unus'
631 2795 706 2826 Col'b.
727 2795 815 2830 habet:
832 2807 915 2832 μετα-

127 2830 266 2901 ξτὲεέῗέντι.
288 2831 334 2858 Sic
349 2831 411 2866 legit
426 2832 485 2859 Bill.
506 2833 591 2861 Prave
606 2834 631 2860 in
648 2833 708 2860 Par.
725 2834 780 2865 ed.,
796 2830 913 2868 μετειλη-

181 2875 186 2882 ι
200 2875 250 2896 mc.

166 2901 222 2936 (20)
234 2901 404 2936 Αὐτονομίᾳ
423 2901 476 2936 τῆς
490 2902 617 2938 πλάνης.
636 2903 695 2931 Bill.
715 2912 723 2931 :
741 2912 750 2929 ι
766 2903 866 2932 erroris
882 2903 915 2932 li-

967 2338 1028 2366 ﬁcio
1043 2345 1201 2366 concessum
1219 2343 1270 2369 est.
1298 2343 1336 2371 ut,
1362 2338 1548 2373 superstitioso
1573 2345 1665 2366 errore
1685 2338 1759 2373 fuga.

967 2385 1072 2418 relicto,
1090 2391 1105 2410 a
1123 2384 1235 2411 veritate
1251 2389 1364 2414 stemus.
1380 2391 1412 2411 ac
1426 2384 1480 2411 Deo
1491 2385 1551 2412 vivo
1566 2387 1594 2411 et
1613 2391 1676 2412 vero
1689 2391 1747 2412 ser-

967 2429 1078 2462 viamus,
1096 2435 1123 2457 et
1148 2436 1230 2464 supra
1255 2434 1406 2456 creaturam
1433 2435 1616 2463 assurgamus,
1645 2429 1751 2462 omnia,

965 2481 1025 2509 quae
1052 2475 1164 2508 tempori
1194 2474 1342 2510 primaaque
1370 2475 1480 2502 molioni
1503 2475 1652 2508 subiacent,
1672 2475 1748 2510 traji-

965 2520 1087 2553 cieutes;
1116 2521 1150 2547 ita
1169 2521 1250 2548 etiam
1269 2520 1420 2548 faciendum
1444 2525 1495 2553 est,
1515 2525 1543 2547 ut
1572 2528 1615 2553 ea,
1635 2528 1695 2556 quae
1714 2521 1749 2548 de

967 2565 1032 2598 Deo,
1050 2573 1081 2593 ac
1100 2566 1191 2595 divina
1203 2570 1277 2599 sunt,
1293 2572 1499 2600 cognoscamus,
1512 2566 1544 2593 de
1561 2566 1647 2600 iisque
1662 2566 1747 2593 disse-

964 2659 1071 2686 bertati.
1088 2667 1097 2683 ι

1001 2693 1056 2728 (τι)
1080 2693 1138 2719 Ἐπ’
1150 2692 1270 2727 ἀγαθοῖς
1294 2692 1401 2728 ἔργοις,
1419 2697 1474 2728 εις.
1506 2691 1588 2728 Dill.:
1616 2700 1625 2716 ι
1641 2695 1748 2725 propter

966 2727 1038 2763 bona,
1048 2735 1140 2763 opera,
1155 2728 1211 2763 hoc
1223 2733 1275 2763 est,
1291 2728 1324 2753 ad
1337 2727 1440 2763 opificis
1460 2727 1575 2763 laudent,
1591 2735 1600 2750 ι
1615 2733 1668 2752 etc.

1000 2762 1056 2798 (ea)
1066 2760 1166 2798 ’Ἀλλά
1178 2762 1220 2788 τό.
1235 2762 1340 2798 υοιηῃη
1356 2761 1481 2798 ἀλλὰκαὶ
1491 2760 1530 2787 τδ.

999 2796 1056 2833 (‘25)
1069 2797 1255 2833 Etﬁo'aUOat.
1277 2796 1503 2833 t_CoustituinIus.
1518 2805 1527 2822 ι

1001 2829 1057 2868 (24)
1070 2832 1210 2866 Εἲδωμεν.
1230 2832 1274 2858 Sic
1288 2831 1370 2866 chg.
1386 2831 1502 2865 bm,'ph,
1521 2835 1575 2858 tres
1586 2829 1674 2862 Coll»,
1693 2835 1746 2857 etc.

964 2868 992 2895 ln
1013 2869 1066 2895 ml..
1078 2868 1185 2895 ἴδωμεν.

978 2879 992 2896 ιι
1013 2869 1066 2900 ed.,
1078 2869 1185 2900 ἴδωμεν.

1001 2876 1251 2939 (ggj’ﬁﬁfimt.
1266 2901 1346 2929 Deest
1360 2901 1386 2928 in
1406 2901 1508 2929 duobus
1521 2899 1702 2936 ltegg.e10r.
1721 2900 1746 2935 1,
