2029 3127
266 151 318 178 545

868 151 897 178 S.
917 148 1082 178 CREGORH
1103 147 1275 176 THEOLOGI

1838 148 1870 175 31
1878 147 1889 174 ι

268 215 368 235 ramus.
385 207 553 235 Disscromus
575 212 675 239 autem,
702 208 774 239 hinc,
802 215 872 234 unne
895 209 979 235 satius
1002 213 1054 238 est.

1108 216 1150 234 νον
1160 207 1199 238 δὲ,
1213 207 1272 234 ὅθεν
1288 206 1415 241 Σολομὼν
1424 206 1490 242 ἡμῖν
1505 205 1713 241 ἐνομοθέτησεν·
1739 204 1826 239 Ἀρχὴ
1839 213 1892 233 σο-

270 253 372 280 initium
393 253 531 281 ducentes.
548 253 615 281 llinc
634 261 714 289 porro
735 255 820 281 satius
837 259 889 286 est,
908 255 978 280 unde
999 253 1050 281 Sa-

271 297 356 327 lomon
372 299 449 327 nobis
471 299 556 334 legem
583 300 688 327 statuit.
720 299 882 334 Principium
906 300 1050 332 rapientur.

275 347 365 380 laquit,
391 345 494 379 posside
511 346 666 379 sapientiam
696 347 715 371 ί.
745 346 878 378 Quidnam
897 345 947 372 hoc
974 351 1053 372 vocat

273 392 428 428 principium
458 392 615 426 sapientiae?
641 391 777 419 Timorem
801 393 822 418 '.
858 391 949 426 Neque
981 391 1051 419 enim

268 447 298 465 ea
314 439 391 465 nobis
412 438 483 465 ratio
506 438 620 465 ineunda
650 444 701 470 est,
730 443 759 463 ut
786 446 800 464 a
823 437 1053 471 contemplatione

269 485 448 519 auspicantes,
469 484 494 510 iu
509 485 632 511 timorem
647 485 801 511 desinamus
823 483 964 516 (effrenata
981 483 1052 510 enim

269 529 460 563 contemplatio
474 529 500 556 in
519 530 667 564 praecipitia
681 537 787 564 quoque
809 528 923 557 fortasse
941 537 988 556 nos
1004 529 1054 556 im-

268 575 392 610 pulerit);
411 583 503 602 verum
529 580 557 602 ut
580 576 683 602 timoris
710 575 871 602 rudimentis
899 574 1003 601 imbuti.
1028 579 1054 601 et

268 622 385 656 purgati,
411 626 500 656 atque,
518 627 548 648 ut
573 622 623 648 hoc
640 622 722 649 verbo
749 625 821 652 utar,
847 621 991 652 attenuati,
1025 621 1052 647 iu

268 667 351 693 altum
365 668 521 694 efferamur.
537 667 586 695 Ubi
599 669 671 694 enim
693 668 775 694 timor
795 672 848 699 est,
872 667 925 694 illic
947 673 1055 700 quoque

267 712 349 748 682
366 713 553 739 mandatorum
575 712 729 739 observatio
744 721 750 739 :
770 711 814 739 ubi
831 716 920 738 autent
945 711 1053 738 manda-

269 764 356 784 torum
383 759 547 790 observatio,
570 757 626 784 illic
647 759 728 785 etiam
758 758 857 788 rarnis,
881 765 951 792 quae,
975 757 1055 784 nubis

1104 254 1184 288 φίας,
1192 253 1268 288 φησὶ,
1278 252 1386 286 κτῆσαι
1396 252 1451 286 (26)
1459 253 1580 286 σοφίαν·
1591 252 1617 278 τί
1624 251 1703 278 τοῦτο
1713 251 1801 284 λέγων
1808 251 1893 286 ἀρχὴν

1107 299 1203 334 σοφίας
1214 307 1221 330 ;
1234 299 1285 325 Τὸν
1294 298 1385 332 φόϐον.
1398 298 1435 325 Οὐ
1449 298 1503 333 γὰρ
1516 297 1570 324 ἀπὸ
1582 297 1697 333 θεωρίας
1712 297 1891 332 ἀρξαμένους,

1106 346 1146 377 εἰς
1161 345 1241 379 ιρόὸον
1254 344 1307 380 χρὴ
1327 344 1491 379 καταλήγειν
1511 343 1624 379 (θεωρία
1644 343 1699 377 γὰρ
1730 342 1893 377 ἁχαλίνωτος

1106 391 1176 426 τάχα
1194 390 1226 417 ἂν
1239 391 1286 417 καὶ
1299 390 1369 416 κατὰ
1380 389 1510 425 κρημνῶν
1520 388 1626 424 ὤσειεν)
1637 397 1644 404 ⁸
1658 388 1725 415 ἀλλὰ
1735 388 1810 422 φόϐῳ
1823 396 1893 414 στοι-

1107 437 1292 472 χειουμένους,
1305 436 1352 463 καὶ
1360 435 1586 470 καθαιρομένους,
1597 437 1656 465 καὶ,
1669 435 1702 461 ἶν’
1716 434 1802 466 οὕτως
1815 434 1891 464 εἴπω,

1107 481 1330 518 λεπτυνομένους,
1350 482 1390 513 εἰς
1411 481 1478 515 ὕψος
1501 481 1636 517 αἴρεσθαι.
1666 477 1703 506 Oi}
1724 480 1778 515 γὰρ
1792 480 1892 514 φόϐος,

1108 527 1222 554 ἐντολῶν
1248 528 1364 562 τήρησις
1374 535 1381 542 ·
1407 524 1437 553 οὗ
1454 527 1483 553 δὲ
1501 526 1616 553 ἐντολῶν
1644 528 1769 562 τήρησις,
1795 535 1827 551 σα
1833 526 1893 560 pxb:

1109 574 1250 609 κάθαρσις,
1277 573 1323 599 τοῦ
1339 572 1569 607 ὲπιπροσθοῦντος
1583 574 1615 608 τῇ
1633 573 1704 608 ψυχῇ
1728 573 1834 606 νέῃονς,
1848 572 1893 598 καὶ

1107 620 1157 646 οὐκ
1180 619 1279 650 ἐῶντος
1304 619 1434 654 καθαρῶς
1460 619 1523 645 ἰδεῖν
1542 619 1592 654 τὴν
1607 619 1681 645 θείαν
1696 619 1808 644 ἀκτῖνα·
1820 615 1850 644 οὗ
1865 618 1892 644 δὲ

1108 665 1251 701 κάθαρσις,
1265 665 1398 700 ἔλλαμψις
1408 674 1414 681 ·
1436 664 1568 699 ἐλλαμψις
1585 665 1625 694 δὲ.
1647 664 1729 690 πόθου
1744 664 1891 699 πλήρωσις,

1107 713 1163 743 τοῖς
1177 711 1232 738 τῶν
1252 711 1388 746 μεγίστων
1401 710 1498 746 (27),ἢ
1522 709 1568 737 τοῦ
1591 710 1729 745 μεγίστου,
1746 709 1763 745 ἣ
1780 709 1850 744 ὑπὲρ
1864 708 1893 734 τὸ

1109 757 1181 792 μέγα
1195 758 1356 793 ἐφιεμένοις.

268 805 407 840 cujusdam
421 806 518 836 instar.
531 806 628 832 animm
643 805 733 832 lumen
750 806 888 837 obscurat,
905 813 955 832 nec
969 805 1051 831 divini
1073 805 1141 832 radii
1183 806 1354 839 splendorem
1377 811 1444 838 pure
1465 804 1562 831 intueri
1598 803 1673 834 sinit,
1697 803 1821 838 purgatio
1841 805 1891 830 est.

269 852 353 878 Porro
378 852 421 878 ubi
453 853 586 886 purgatio,
607 852 660 878 illic
683 852 864 885 illuminatio;
890 852 1051 879 illuminatio
1086 858 1185 884 autem,
1211 853 1338 880 desiderii
1368 859 1473 878 summa
1505 855 1557 884 est,
1580 851 1614 877 iis
1629 851 1720 884 utique
1735 851 1780 884 qui
1807 849 1892 876 mari-

269 906 373 925 marum
390 906 490 930 rerum,
510 899 551 926 vel
568 900 655 933 potius
670 899 795 926 maximae
827 899 878 933 rei,
903 904 984 935 atque
1006 901 1073 927 adeo
1109 901 1320 935 magnitudinem
1350 907 1457 926 omnem
1485 899 1648 931 superantis,
1672 898 1819 932 cupiditate
1843 897 1892 924 fia-

268 949 357 979 grant.

304 988 350 1015 IX.
377 989 507 1022 Quocirca
525 996 555 1016 se
570 998 703 1025 quemque
718 992 794 1025 prius
807 997 922 1025 purgare
936 995 1052 1025 oportet,

1139 990 1178 1016 ϐ’.
1197 989 1245 1016 Διὰ
1259 990 1338 1016 τοῦτο
1353 989 1504 1026 καθαρτέον
1520 989 1615 1016 ἑαυτὸν
1632 988 1687 1025 (28)
1703 987 1820 1024 πρῶτον,
1836 985 1892 1014 εἶτα

269 1040 348 1070 atque
361 1036 395 1061 ita
412 1036 518 1062 demum
533 1043 594 1063 cum
609 1044 676 1070 puro
691 1036 912 1064 consuetudinem
928 1036 1028 1063 habere
1041 1045 1048 1068 ;

269 1089 302 1107 ne
318 1081 416 1114 alioqui
432 1081 509 1108 nobis
532 1082 600 1109 idem
635 1083 705 1116 quod
732 1082 832 1113 lsraeli,
859 1082 974 1115 accidat,
991 1082 1052 1109 vnl-

269 1131 313 1152 tus
329 1126 438 1154 Mosaici
456 1126 568 1161 gloriam
583 1135 635 1154 non
658 1128 765 1160 ferenti,
780 1135 811 1154 ac
825 1132 967 1162 propterea
983 1128 1052 1154 vela-

270 1173 341 1199 mine
356 1179 423 1206 opus
434 1173 542 1199 habenti
557 1173 566 1188 '
585 1181 592 1199 :
609 1178 652 1199 aut
667 1174 772 1204 eodem,
787 1180 839 1208 quo
853 1173 958 1205 Manue,
975 1173 1056 1200 modo

269 1217 425 1250 uiﬁciamur,
444 1225 475 1243 ac
488 1218 608 1245 dicamus
622 1217 778 1250 :Periimus,
796 1219 901 1250 mulier,
917 1218 1002 1245 Deum
1018 1219 1056 1246 υἱ-

270 1262 355 1289 dimus
367 1261 454 1292 ﬁcum
471 1262 594 1289 videlicet
607 1262 653 1289 Dei
666 1264 769 1296 species
785 1263 832 1298 ipsi
850 1264 957 1297 objecta
969 1269 1053 1295 esset;

271 1312 327 1340 aut,
348 1307 421 1334 Petri
449 1308 544 1340 instar,
570 1308 661 1336 Jesum
685 1317 700 1336 a
724 1310 848 1336 navicula
869 1310 880 1325 ⁸
895 1310 1055 1338 submovea-

271 1361 341 1386 mus,
356 1358 446 1388 utpote
470 1355 514 1381 tali
539 1355 680 1389 praesentia
701 1356 799 1391 indigni
824 1356 943 1391 (Petrum
964 1361 1055 1383 autem

272 1407 331 1427 ctum
358 1400 427 1431 dico,
454 1408 534 1435 quem
560 1401 646 1428 virum
676 1401 756 1428 dico?
781 1402 864 1434 Eutn,
898 1402 944 1437 qui
971 1409 1054 1437 super

270 1444 366 1473 ﬂuctus
385 1445 552 1481 ambulavit).
578 1448 632 1473 Aut
654 1447 791 1474 oculorum
814 1455 893 1474 sensu
919 1447 1056 1479 orbemur,

271 1492 494 1525 quemadmodum
511 1492 596 1519 Paulo
621 1493 730 1523 accidit.
759 1500 831 1525 cum,
863 1493 1019 1528 priusquam
1042 1501 1057 1519 a

273 1537 503 1569 persecutiouihus
523 1538 645 1572 expiatus
658 1544 743 1569 esset,
759 1539 922 1573 colloquium
940 1547 1000 1565 eum
1013 1545 1056 1571 eo,

272 1589 351 1616 quem
368 1582 589 1616 persequebatur,
605 1583 767 1615 miscuisset,
785 1584 827 1611 vel
848 1585 947 1619 potius,
962 1585 1058 1619 exiguo

275 1627 364 1662 magni
377 1627 449 1654 illius
464 1628 572 1655 luminis
585 1629 727 1663 splendore
740 1631 899 1664 per5trictus
914 1630 1008 1658 fuisset
1023 1633 1034 1649 ⁸
1048 1639 1055 1658 :

274 1678 318 1700 aut
334 1674 460 1708 denique,
475 1679 505 1700 ut
516 1675 639 1702 centurio
656 1675 710 1707 ille,
729 1676 888 1703 medicinam
912 1676 947 1702 ita
965 1677 1055 1711 requi-
1071 1666 1091 1695 ο

274 1727 375 1752 ramus,
395 1724 422 1746 ut
443 1723 532 1747 tamen
552 1719 676 1748 laudabili
699 1722 794 1748 timore
810 1722 953 1756 perterriti,
971 1723 1056 1750 mcdi«

273 1773 334 1791 cum
360 1765 385 1791 in
402 1766 474 1793 mdes
489 1770 596 1793 nostras
611 1774 663 1793 non
679 1767 864 1794 admittamus.
890 1767 1006 1795 Proinde
1018 1768 1056 1795 di-

273 1817 315 1838 cat
337 1819 442 1846 quoque
463 1819 495 1839 ex
517 1813 595 1840 nobis
612 1813 759 1848 quispiam.
790 1813 909 1848 quandiu
938 1814 1056 1841 nondum

274 1863 413 1893 purgatur.
443 1859 489 1886 sed
513 1859 603 1886 adhuc
618 1860 741 1887 centurio
759 1865 810 1892 est,
837 1861 862 1887 in
887 1860 985 1888 multos
1001 1861 1059 1887 vitii

275 1904 453 1938 principatum
482 1910 584 1936 tenens.
613 1913 645 1932 ac
673 1905 785 1938 Cmsari,
813 1907 864 1934 hoc
892 1913 943 1940 est,
968 1907 1058 1935 mundi

275 1949 398 1985 principi,
419 1958 576 1986 eorumque,
599 1952 644 1986 qui
669 1953 742 1980 humi
760 1953 924 1986 volutantur,
949 1953 1059 1981 domino

276 1996 394 2024 militat:
425 1995 486 2023 Non
512 2005 570 2024 sum
595 1999 700 2032 dignus,
730 2003 759 2025 ut
780 2000 862 2026 intres
888 1999 935 2026 sub
964 2003 1058 2026 tectum

275 2050 359 2068 meum
372 2043 393 2069 ".
409 2043 474 2069 Cum
498 2048 587 2070 autem
617 2043 708 2071 Jcsum
734 2046 913 2079 conspexerit,
939 2046 1062 2080 quamvis

277 2087 406 2119 spirituali
421 2091 523 2114 statura
541 2096 651 2123 parvus,
666 2095 695 2116 ut
715 2089 844 2118 Zathmus
861 2090 914 2123 ille,
932 2098 963 2118 ac
981 2099 1062 2124 super

277 2138 445 2166 sycomorum
467 2140 577 2162 evectus
592 2135 673 2162 fuerit
699 2137 725 2167 ",
746 2137 914 2163 mortificatis
939 2138 1062 2164 videlicet

277 2177 415 2209 membris.
431 2187 490 2213 qua:
498 2187 578 2214 super
593 2185 691 2208 terram
707 2184 796 2213 sunt”,
811 2188 890 2217 atque
907 2183 1063 2210 humilitatis

278 2231 389 2258 corpore
412 2231 549 2258 superato,
577 2231 631 2253 tum
655 2234 717 2255 vero
744 2227 859 2255 Verbum
887 2229 1016 2263 excipiat,
1036 2233 1063 2255 et

1103 1035 1143 1072 τῷ
1158 1035 1271 1071 καθαρῷ
1294 1035 1508 1072 προσομιλητέον
1522 1045 1529 1051 ⁸
1547 1035 1626 1070 εἴπερ
1653 1035 1689 1070 μὴ
1707 1034 1850 1070 μέλλοιμεν
1863 1034 1892 1060 τὸ

1104 1080 1151 1108 τοῦ
1176 1081 1283 1117 Ἰσραὴλ
1298 1081 1450 1111 πείσεσθαι,
1477 1081 1514 1116 μὴ
1531 1080 1659 1114 φέροντος
1682 1081 1731 1115 τὴν
1745 1073 1832 1112 δόξαν’
1848 1078 1892 1105 τοῦ

1105 1126 1251 1162 προσώπου
1268 1126 1399 1157 Μωσέως,
1417 1127 1465 1153 καὶ
1479 1127 1522 1153 διὰ
1536 1126 1615 1152 τοῦτο
1637 1125 1766 1161 δεομένου
1791 1125 1893 1160 καλύμ-
1914 1143 1916 1149 π

1107 1182 1194 1208 ματος
1204 1182 1210 1188 ⁸
1230 1173 1246 1208 ἢ
1261 1172 1291 1199 τὸ
1304 1171 1351 1199 τοῦ
1371 1172 1481 1204 Μανωὲ,
1494 1173 1540 1199 καὶ
1557 1171 1708 1202 πείσεσθαι.
1722 1173 1769 1198 καὶ
1789 1172 1874 1205 λέξειν
1884 1180 1892 1187 ·

1111 1218 1327 1253 Ἀπολώλαμεν,
1341 1216 1470 1252 ὦγῦναι,
1492 1218 1567 1245 Θεὸν
1586 1217 1768 1252 ἑωράκαμεν,
1783 1219 1811 1244 ἐν
1828 1226 1892 1252 φαν-

1105 1265 1187 1300 τασία
1203 1265 1270 1291 Θεοῦ
1286 1265 1432 1299 γενομένου
1442 1274 1449 1279 ·
1464 1265 1491 1299 ἦ,
1503 1265 1541 1296 ὡς
1550 1265 1664 1300 Πέτρος,
1679 1265 1726 1291 τοῦ
1742 1265 1836 1291 πλοίου
1851 1265 1893 1291 τὸν

1112 1311 1215 1347 Ἰησοῦν
1239 1311 1464 1346 ἀποπέμψασθαι,
1491 1311 1529 1342 ὡς
1543 1311 1593 1337 οὐκ
1608 1309 1676 1342 ἄξιοι
1693 1310 1822 1345 τοιαύτης
1838 1311 1894 1337 ὲπι-

1106 1356 1217 1392 δημίας.
1235 1356 1339 1391 Πέτρον
1354 1357 1382 1382 δὲ
1398 1357 1462 1383 ὅταν
1475 1357 1554 1386 εἴπω,
1571 1356 1633 1382 τίνα
1655 1355 1742 1389 λέγω;
1761 1356 1812 1382 Τὸν
1829 1355 1895 1381 κατὰ

1107 1403 1239 1437 κυμάτων
1257 1402 1435 1434 πεζεύσαντα.
1449 1402 1495 1435 Ἢ,
1508 1401 1546 1433 ὡς
1563 1401 1678 1433 Παῦλος,
1694 1401 1743 1436 τὴν
1753 1401 1814 1435 δ’ᾇιν
1829 1401 1894 1436 πλη-

1106 1449 1249 1485 γήσεσθαι,
1264 1449 1329 1485 πρὶν
1346 1449 1516 1485 καθαρθῆναι
1530 1449 1585 1475 τῶν
1598 1449 1736 1483 διωγμῶν,
1751 1449 1789 1484 τῷ
1803 1449 1895 1475 διωκο-
1918 1474 1920 1479 ,

1109 1495 1183 1531 μένῳ
1199 1495 1415 1531 προσομιλήσας,
1439 1495 1539 1530 μᾶλλον
1565 1496 1593 1522 δὲ
1617 1495 1731 1531 βραχείᾳ
1744 1494 1790 1521 τοῦ
1813 1494 1895 1529 μεγά-

1107 1542 1153 1568 λου
1169 1542 1224 1577 (29)
1241 1542 1330 1576 φωτὸς
1351 1541 1503 1577 λαμπηδόνι
1517 1550 1522 1556 ·
1541 1541 1568 1576 ἢ,
1596 1542 1634 1572 ὡς
1649 1541 1664 1566 ὁ
1683 1541 1894 1576 ἑκατόνταρχος,

1108 1588 1156 1623 τὴν
1169 1589 1218 1623 μὲν
1236 1588 1386 1624 θεραπείαν
1400 1589 1587 1624 ἑπιζητήσειν,
1603 1589 1634 1624 τῇ
1651 1587 1725 1624 οἰκίᾳ
1743 1587 1797 1623 (50)
1813 1587 1841 1614 δὲ
1854 1587 1897 1614 τὸν

1109 1634 1278 1670 θεραπευτὴν
1302 1635 1352 1662 οὐκ
1378 1635 1550 1667 εἰσδέξασθαι
1565 1634 1610 1661 διὰ
1623 1634 1724 1660 δειλίαν
1740 1633 1896 1668 ἐπαινουμέ-

1108 1689 1166 1716 νην.
1181 1680 1292 1714 Λεγέτω
1299 1689 1340 1712 τις
1353 1681 1400 1706 καὶ
1417 1679 1505 1715 ἡμῶν,
1515 1680 1566 1711 ἕως
1576 1679 1651 1706 οὔπω
1659 1679 1819 1714 καθαίρεται
1832 1678 1896 1714 (51),

1109 1725 1166 1752 ἀλλ’
1183 1725 1257 1752 ἔστιν
1268 1726 1464 1761 ἑκατόνταρχος
1478 1725 1528 1756 ἔτι,
1542 1725 1671 1752 πλειόνων
1691 1726 1719 1751 ἐν
1736 1725 1821 1760 κακία
1835 1733 1896 1759 κρα-

1109 1771 1173 1803 τῶν,
1200 1772 1247 1798 καὶ
1277 1771 1454 1807 στρατεύεται
1484 1771 1613 1807 Καίσαρι,
1640 1770 1678 1806 τῷ
1699 1770 1898 1805 κοσμοκράτορι

1109 1816 1164 1844 τῶν
1178 1817 1253 1843 κάτω
1265 1817 1436 1853 συρομένωνο
1448 1817 1508 1844 Οὐκ
1516 1816 1573 1850 ειμι
1582 1816 1694 1848 Ικιινὸς,
1708 1816 1758 1842 ἵνα
1768 1824 1829 1850 μου
1838 1814 1897 1842 ὑπὸ

1109 1863 1166 1898 τὴν
1181 1862 1294 1898 στέγην
1308 1863 1458 1897 εἰσέλθῃς.
1473 1863 1556 1889 Ὅταν
1579 1862 1607 1889 δὲ
1627 1862 1732 1901 Ἰησοῦν
1757 1862 1898 1896 θεάσηται,

1111 1909 1198 1935 καίτοι
1213 1908 1309 1943 μικρὸς
1318 1907 1355 1934 ὣν
1369 1908 1419 1943 τὴν
1429 1908 1616 1942 πνευματικὴν
1629 1907 1747 1942 ἡλικίαν,
1763 1907 1801 1938 ὡς
1818 1907 1832 1932 ὀ
1844 1906 1898 1940 (52)

1111 1955 1245 1989 Ζακχαῖος
1260 1955 1371 1986 ἐκεῖνος,
1391 1954 1438 1979 καὶ
1457 1954 1526 1989 ὑπὲρ
1543 1953 1592 1989 τὴν
1613 1953 1806 1988 συκομωραίαν
1817 1952 1897 1988 ἀρθῇ,

1112 1999 1252 2036 νεκρώσας
1268 2000 1302 2026 τὰ
1321 2000 1388 2035 μέλη
1408 1999 1442 2026 τὰ
1461 1999 1507 2026 ἐπὶ
1520 2000 1570 2034 τῆς
1591 2000 1652 2035 γῆς,
1664 1999 1711 2026 καὶ
1725 1998 1899 2033 ὺπεραναόὲς

1110 2045 1140 2072 τὸ
1155 2046 1235 2080 σῶμα
1250 2045 1299 2080 τῆς
1320 2045 1520 2077 ταπεινώσεως,
1537 2046 1596 2071 τότε
1614 2045 1660 2072 καὶ
1681 2045 1843 2080 εἰσδεχέσθω
1854 2044 1900 2070 τὸν

1110 2091 1207 2125 Λόγον,
1220 2092 1267 2117 καὶ
1278 2091 1399 2118 ἀκουέτω
1407 2099 1414 2106 “
1426 2091 1560 2125 Σήμερον
1568 2091 1698 2124 σωτηρία
1709 2090 1748 2122 τῷ
1759 2091 1831 2122 οἴκῳ
1839 2090 1901 2116 τούα

1110 2145 1160 2169 τῳ,
1174 2137 1221 2163 καὶ
1231 2136 1393 2172 λαμϐανέτω
1405 2136 1456 2172 τὴν
1468 2136 1616 2172 σωτηρίαν,
1628 2137 1675 2163 καὶ
1691 2135 1900 2171 καρποφορείτω

1110 2184 1144 2211 τὰ
1153 2182 1314 2219 τελεώτερα,
1338 2182 1493 2218 σκορπίζων
1512 2183 1560 2209 καὶ
1574 2182 1688 2218 διαχέων
1705 2179 1839 2214 καλῶᾗᾶ
1851 2190 1900 2207 κα-

1111 2229 1166 2260 κῶς
1179 2228 1354 2263 ἐτελώνησεν.

279 2272 368 2299 audiat
384 2281 391 2300 ε
410 2272 495 2300 Hodie
512 2274 584 2300 salus
599 2274 659 2300 huic
673 2274 761 2300 domui
776 2273 816 2305 ‘°,
834 2274 1001 2309 salutemque
1016 2275 1147 2309 accipiat,
1179 2282 1211 2302 ac
1242 2275 1416 2310 perfectiores
1434 2273 1537 2301 fruetus
1559 2274 1638 2305 ferat,
1672 2274 1800 2308 praeclare
1825 2281 1900 2308 spar-

279 2325 343 2352 gens
361 2323 387 2344 et
401 2318 551 2352 effundens,
567 2326 626 2353 quae
643 2326 677 2345 ex
695 2319 783 2346 telonii
799 2319 881 2345 lucris
893 2318 961 2345 male
977 2319 1129 2354 collegerat.

314 2365 347 2392 Χ.
382 2367 453 2392 Idem
485 2367 555 2393 cnim
585 2367 713 2398 Verbum,
745 2371 772 2393 et
801 2371 910 2400 propter
937 2371 1057 2393 naturam

1149 2367 1177 2393 l'.
1199 2366 1227 2393 '0
1243 2366 1297 2402 γὰρ
1307 2366 1388 2398 αὐτὸς
1399 2366 1494 2400 Λόγος,
1510 2365 1556 2392 καὶ
1566 2364 1679 2400 φοῦερὸς
1689 2365 1743 2395 τοῖς
1752 2365 1802 2391 οὐκ
1816 2364 1900 2396 ἀξίοις

279 2419 355 2438 suam
382 2412 498 2447 indignis
525 2412 725 2440 formidolouun
749 2417 800 2443 est,
816 2417 843 2439 et
860 2417 968 2446 propter
987 2413 1062 2439 heni-

280 2458 406 2492 gnitatem
425 2459 482 2493 cupi
500 2463 597 2493 potest,
615 2460 647 2486 iis
660 2459 767 2493 quidem
782 2463 868 2490 certe,
881 2458 925 2492 qui
947 2458 972 2484 in
991 2458 1063 2485 hunc

280 2504 387 2530 modum
404 2503 503 2531 fuerint
524 2505 662 2539 prmparati
676 2513 683 2536 ;
705 2505 766 2539 qui,
786 2504 890 2539 impuro
907 2504 1002 2538 spiritu
1017 2505 1062 2530 de-

281 2549 368 2581 Dulso,
385 2551 489 2576 animas
512 2551 648 2584 agnitione
671 2551 824 2577 mandarint
847 2553 875 2576 et
896 2549 1060 2581 cxornarint,

317 2595 324 2609 ¹
343 2594 423 2621 Prov.
441 2601 477 2625 tv,
494 2595 521 2621 7.
573 2596 582 2610 ’
604 2594 685 2621 Ecrli.
704 2602 723 2622 ι.
739 2593 783 2620 16.

282 2630 298 2656 Λ
326 2637 386 2663 sqq.
421 2630 431 2645 ’
447 2629 542 2657 Matth.
563 2637 620 2661 vin,
639 2630 665 2657 8.

318 2673 372 2709 (26)
389 2674 511 2707 Κτῆσαι.
527 2674 585 2701 ΒίΙΙ.

710 2630 720 2644 ⁸
741 2629 806 2657 Luc.
823 2637 879 2659 xix,
897 2629 913 2655 2
942 2636 1001 2662 sqq.

603 2683 609 2701 :
625 2684 634 2698 ι
647 2674 750 2708 collige.
766 2685 775 2700 ι

319 2709 373 2744 (27)
395 2710 458 2741 Τοῖς
471 2709 530 2736 τῶν
537 2710 697 2744 μετ-[σίτων.
717 2710 808 2737 Schol.
827 2718 834 2736 :
848 2708 903 2740 Τὰς
917 2709 988 2744 τρεῖς
1005 2709 1067 2735 ὐπο-

283 2743 391 2775 στάσεις
404 2744 448 2769 διὰ
464 2745 494 2771 τὸ
511 2743 570 2770 κατ’
581 2743 679 2771 ουσίαν
695 2745 734 2777 ἓν,
761 2745 808 2771 καὶ
831 2743 937 2774 ταυτὸν,
958 2743 1005 2770 καὶ
1024 2753 1068 2779 μο-

283 2779 390 2815 ναδικὸν
406 2779 456 2813 τῆς
479 2780 620 2815 θεότητος-
648 2790 657 2805 ι
668 2780 734 2807 Tres
751 2787 880 2813 personas
893 2779 927 2805 ob
944 2780 1066 2806 essentia:

283 2814 423 2843 unitatem,
436 2815 611 2848 catudeutque
621 2821 652 2841 ac
668 2815 828 2849 singularem
845 2814 980 2841 deilatcm.
993 2823 1001 2839 ι

319 2848 374 2884 (28)
397 2848 529 2884 'Eaetlfr.
543 2849 624 2877 Dccst
638 2850 662 2875 iu
680 2848 744 2883 Reg.
760 2850 804 2884 ph.
818 2849 864 2876 0r.
883 2850 894 2876 1
913 2853 939 2876 cl
952 2849 1022 2876 aliis.

317 2883 374 2917 (‘39)
390 2883 537 2914 Μεγάλου.
555 2885 631 2912 Deest
643 2884 668 2910 iu
684 2885 785 2911 duobus
805 2885 886 2916 Roga.

831 2593 841 2609 ³
866 2593 950 2620 Exod.
967 2601 1060 2625 xxxtv,
1077 2594 1112 2621 50
1134 2602 1194 2629 sqq.

1040 2630 1050 2644 ³
1071 2630 1172 2657 Coloss.
1190 2637 1231 2663 ιιι,
1248 2630 1274 2657 5.

1115 2411 1158 2438 διὰ
1171 2412 1220 2447 τὴν
1245 2411 1334 2446 φύσιν,
1350 2412 1398 2438 καὶ
1416 2411 1537 2447 χωρητὺς
1558 2411 1601 2438 διὰ
1625 2409 1830 2446 φιλανθρωπίαν
1845 2411 1902 2441 τοῖς

1115 2457 1201 2490 οὕτως
1217 2458 1444 2493 ηὑτρεπισμὲνοις
1469 2457 1541 2492 (55)'
1560 2457 1617 2484 ὅσοι
1634 2456 1688 2492 (54)
1702 2456 1732 2482 τὺ
1747 2456 1902 2491 ἀκάθαρτον

1117 2504 1163 2531 καὶ
1178 2504 1269 2530 ὑλικὸν
1288 2504 1395 2540 πνεῦμα
1407 2503 1460 2530 τῶν
1470 2503 1562 2538 ψυχῶν
1578 2502 1774 2534 ἀπελάσαντες,
1793 2503 1839 2528 καὶ
1854 2502 1902 2533 τὰς

1117 2550 1221 2577 ἑαυτῶν
1231 2550 1320 2585 ψυχὰς
1334 2552 1365 2585 τῇ
1384 2542 1528 2584 ἐπιγνώσει
1543 2549 1712 2584 σαρώσαντες
1737 2549 1784 2574 καὶ
1799 2549 1903 2583 κοσμή-

1245 2594 1256 2610 δ
1269 2595 1330 2622 Jud.
1351 2602 1411 2626 xm,
1433 2594 1478 2621 22.
1529 2595 1539 2610 '
1554 2594 1618 2621 Luc.
1633 2601 1658 2627 ν,
1683 2594 1709 2620 3.
1757 2593 1768 2608 ⁸
1786 2595 1848 2620 Act.
1865 2602 1901 2625 ιιι,

1316 2630 1337 2646 ³ο
1351 2629 1417 2656 Luc.
1432 2637 1488 2661 χιιι,
1502 2630 1528 2656 9.

1155 2674 1211 2710 (50)
1233 2675 1327 2708 Οἱκίςι.
1347 2674 1392 2702 Sic
1404 2676 1492 2709 plures
1504 2674 1584 2709 Regg.
1606 2673 1633 2700 in
1647 2673 1813 2710 ed..oizsiqt.

1156 2708 1211 2745 (51)
1226 2708 1409 2744 Καθιιιζρεταιζ
1426 2709 1453 2735 1η
1471 2708 1619 2745 nonnullis,
1630 2708 1807 2744 κεκάθαρται,

1155 2744 1211 2779 (5‘2)
1231 2747 1280 2777 Ὦς
1293 2747 1318 2771 o'.
1336 2745 1381 2771 Sic
1392 2749 1493 2778 septem
1512 2744 1594 2779 licgg.
1607 2744 1686 2770 Deest
1702 2745 1716 2770 ὁ
1731 2746 1756 2770 ιιι
1768 2745 1812 2770 ed.

1156 2778 1487 2814 (55)11ὑτρεπισμένοις.
1514 2778 1596 2813 Regg.
1617 2779 1670 2812 bin,
1686 2779 1719 2814 ph
1741 2784 1766 2806 et
1783 2778 1860 2807 Colb.
1875 2778 1900 2811 5,

1120 2815 1352 2849 εὐτρεπισμένοις.

1155 2850 1211 2884 (54)
1225 2851 1320 2876 Ὅσοι.
1331 2849 1424 2876 Plures
1440 2849 1527 2883 Colh.,
1540 2850 1583 2881 ὡς.
1594 2849 1627 2875 οἱ.
