2029 3127
245 163 295 190 517

842 165 872 194 S.
893 165 1056 194 GREGORII
1073 167 1246 197 THEOLOGI

1807 169 1858 197 ΞΒ

246 221 391 250 distinctim
405 221 584 250 connectitur.
601 222 687 249 Unum
701 223 772 250 enim
791 223 816 250 in
839 224 941 257 tribus,
958 225 1027 252 divi-

1081 235 1129 262 μεν
1140 227 1196 263 (45)
1208 236 1214 242 ·
1230 227 1290 254 οὔτε
1305 228 1354 262 τὴν
1373 228 1469 256 ἕνωσιν
1492 227 1547 264 (46)
1566 228 1695 262 σύγχυσιν
1710 226 1861 262 ἐργαζρμε-

246 268 317 294 nitas
328 272 379 299 est.
395 272 422 295 et
442 268 492 294 tria
507 275 608 301 unum;
625 275 667 301 ea,
684 269 804 303 inquam,
818 270 844 297 in
861 270 972 304 quibus,
992 271 1029 297 di-

245 313 345 341 vinitas
358 319 410 346 est,
426 314 478 347 vel,
501 318 529 340 ut
543 314 628 349 magis
652 316 759 350 proprie
777 317 874 348 dicam.
892 325 965 351 quae,
990 317 1028 344 di-

246 359 344 386 vinitas
358 366 409 388 est.
430 361 564 390 Excessns
580 367 668 390 autem
691 369 722 389 ac
738 361 857 390 defectus
873 363 969 390 missos
987 363 1026 390 ia—

246 403 359 436 ciamus,
381 413 430 432 nec
450 414 497 440 per
515 407 641 435 unionem
658 407 853 435 confusionem.
869 415 919 434 nec
934 415 1027 435 rursus

246 454 295 481 per
306 448 463 477 divisionem
477 451 670 485 scjuuclionem
686 450 841 478 eﬂieientes.
854 451 942 486 [Equo
954 453 1025 478 enint

1080 280 1131 302 νοι,
1145 272 1206 298 οὗτε
1217 272 1266 308 τὴν
1286 273 1427 309 διαίρεσιν.
1448 273 1633 309 ἀλλοτρίωσιν.
1660 273 1782 299 ’Λπέστω
1807 272 1861 307 γὰρ

1080 317 1157 352 ἡμῶν
1183 318 1212 350 ἐξ
1237 318 1306 350 ῐσου,
1324 319 1370 345 καὶ
1387 319 1402 353 ἡ
1421 319 1562 345 Σαϐελλίου
1591 318 1754 354 συναίρεσις,
1782 318 1828 344 καὶ
1842 319 1860 353 ή

1087 361 1189 396 Ἀρείου
1199 361 1339 397 διαίρεσις,
1350 361 1385 388 τὰ
1395 363 1425 388 ἐκ
1435 362 1581 398 διαμέτρου
1595 361 1677 392 κακὰ,
1689 361 1735 388 καὶ
1744 361 1862 396 όμότιμα

1079 406 1128 442 τὴν
1142 407 1268 433 ἀσέϐειαν
1277 416 1283 422 ·
1298 407 1324 433 τί
1338 406 1391 442 γὰρ
1404 407 1444 433 δεῖ
1459 408 1534 440 Θεὸν,
1549 408 1564 443 ἢ
1576 407 1744 443 ουναλείφειν
1755 407 1860 440 κακῶς,

1080 452 1096 486 ἢ
1108 452 1285 487 κατατέμνειν
1301 453 1339 484 εἰς
1353 453 1511 488 ἀνισότητα;

247 493 387 521 intervallo
410 502 424 521 a
448 496 524 522 nobis
545 496 642 528 absim,
667 501 694 523 et
709 495 815 522 Sabellii
831 496 988 529 contractio,
1003 500 1029 522 et
1049 496 1104 523 Arii
1123 496 1230 529 divisio,
1254 497 1323 523 maia
1355 504 1388 523 ex
1412 497 1543 524 diametro
1575 497 1709 532 opposita,
1727 501 1755 523 et
1769 495 1862 530 impie-

248 544 302 567 tate
323 542 407 575 paria.
430 542 498 575 Quid
516 543 587 570 enim
614 550 723 570 necesse
738 547 780 569 est
797 542 879 569 Deum
897 543 938 570 vel
962 543 1031 571 male
1050 544 1223 575 contrahere,
1239 544 1279 571 vel
1296 544 1322 570 in
1341 543 1548 579 iumqualitatem
1562 544 1706 571 scindere?

283 589 340 616 ΧΠ.
370 588 454 616 Nobis
474 590 565 624 quippe
582 598 650 617 unus
667 591 734 617 Deus
758 590 846 623 Pater,
865 598 896 618 ex
909 599 958 626 quo
973 599 1029 618 om—

248 635 302 666 nia,
317 639 340 661 et
360 643 426 661 unus
447 635 572 662 Dominus
590 635 668 662 Iesus
687 635 816 668 Christus,
829 644 874 670 per
888 644 962 671 quem
975 645 1030 663 om-

248 681 292 706 nia
310 680 330 695 ¹⁷
341 701 348 713 ,
366 686 392 706 et
408 688 476 708 unus
491 681 607 716 Spiritus
629 686 748 714 sanctus,
767 682 792 708 in
815 689 868 716 quo
883 682 984 709 omnia.
1000 681 1029 709 in

248 726 345 760 quibus
359 726 400 752 hae
419 726 567 760 particulae,
585 734 617 753 ex
634 735 694 761 quo,
710 735 755 759 per
775 735 860 761 quem,
875 732 902 754 et
925 728 951 754 in
966 735 1026 762 quo,

249 778 304 797 tton
332 777 444 798 naturas
470 776 563 798 secant
593 772 702 807 (alioqui
732 772 803 798 enim
833 772 1028 806 propositiones

247 816 306 842 ista:
319 816 510 851 nominumque
523 818 630 844 ordines
646 825 781 851 nunquam
799 817 1026 851 intututarentur);

1117 592 1167 619 lB’.
1184 592 1264 626 Ἡμῖν
1272 592 1315 623 δὲ,
1331 589 1374 624 εἷς
1388 592 1459 625 Θεὸς
1468 592 1642 626 ὀΠατὴρ,ὲξ
1654 590 1688 619 οὗ
1701 591 1737 618 τὰ
1747 591 1858 623 πάντα,

1082 637 1131 664 καὶ
1145 635 1188 670 εἷς
1202 638 1308 671 Κύριος
1329 637 1446 671 Ἰησοῦς
1457 637 1591 671 Χριστὸς,
1606 637 1643 663 δι’
1658 635 1693 666 οὗ
1708 637 1744 663 τὰ
1754 636 1861 667 πάντα,

1082 684 1128 710 καὶ
1148 683 1176 709 ἓν
1194 683 1305 718 Πνεῦμα.
1329 680 1432 717 ἅγιον(
1444 684 1472 711 ἐν
1489 679 1511 717 ᾧ
1530 682 1563 709 τὰ
1579 683 1682 709 πάντα⁵
1697 682 1742 709 τοῦ
1765 681 1800 713 ἐξ
1813 679 1862 713 οὗ,

1081 729 1128 755 καὶ
1141 729 1176 755 δι’
1193 727 1239 761 οὗ,
1254 729 1300 755 καὶ
1313 729 1348 755 ἐν
1357 725 1390 762 ᾧ,
1408 729 1445 764 μὴ
1458 728 1551 763 φύσεις
1559 728 1709 763 τεμνόντων
1724 727 1794 763 (οὐδὲ
1808 727 1862 762 γὰρ

1080 774 1114 801 ἂν
1130 774 1293 809 μετέπιπτον
1305 775 1332 800 αἱ
1346 774 1498 808 προθέσεις,
1514 773 1530 808 ἢ
1549 775 1576 800 αἱ
1593 774 1683 806 τάξεις
1694 772 1748 799 τῶν
1761 772 1862 806 ὀνομά-

1080 820 1155 855 των),
1166 820 1232 847 ἀλλὰ
1249 819 1501 855 χαρακτηριζόντων
1515 820 1577 854 μιᾶς
1591 819 1638 846 καὶ
1648 818 1799 853 ἀσυγχύτον
1810 816 1861 852 φύ-

247 869 340 888 verum
363 862 441 888 unitts
460 867 486 888 et
512 862 657 889 inconfusze
673 867 775 889 natura!
796 863 973 897 proprietates
988 870 1030 890 ex-

1083 875 1151 898 σεως
1167 866 1312 901 ἰδιότητας,
1333 865 1387 892 Καὶ
1404 865 1580 900 τοῦτοδῆλον,
1597 864 1626 897 ἐξ
1649 860 1685 890 ὧν
1704 865 1744 895 εἰς
1758 864 1787 890 ἓν
1802 872 1863 889 συν-

248 908 376 942 primunt.
397 907 477 942 quue
491 915 523 934 ex
540 916 572 934 eo
592 908 731 942 perspicue
747 913 861 941 constat,
880 909 950 942 quod
968 916 1029 934 rur-

250 961 295 980 sus
307 954 332 980 iu
351 961 432 980 unum
450 954 655 984 contrahuntur,
674 954 695 980 si
714 955 792 981 modo
808 954 868 988 quis
884 954 946 980 illud
960 954 1029 988 apttd

248 999 371 1025 eumdem
391 999 538 1033 apostolum
560 1007 610 1025 non
630 999 771 1033 neglectitn
789 1004 869 1033 atque
883 1000 1031 1027 oscitanter

248 1045 319 1080 legat
332 1055 337 1071 :
358 1045 397 1071 Ex
414 1046 480 1079 ipso,
495 1050 517 1071 el
532 1053 576 1078 per
592 1046 685 1078 ipsum,
698 1050 720 1071 et
734 1046 760 1070 in
775 1045 831 1079 ipso
848 1051 906 1072 sunt
919 1046 1006 1072 omnia
1020 1054 1029 1072 :

248 1092 297 1124 ipsi
314 1091 398 1127 gloria
414 1093 441 1118 in
458 1092 564 1124 uetula,
586 1093 665 1118 Amen
688 1092 718 1118 ⁸⁸.
743 1092 822 1118 Pater
847 1098 922 1126 pater
937 1097 987 1124 est,
1004 1097 1031 1119 et

248 1138 372 1173 principii
396 1146 492 1172 expers
511 1147 516 1164 :
532 1146 618 1172 neque
639 1138 710 1164 enim
736 1146 768 1164 ex
794 1138 847 1166 ullo
871 1143 922 1165 est.
945 1138 1030 1165 Filius

250 1183 320 1211 [ilius
333 1188 384 1215 est,
402 1191 434 1210 ac
448 1191 498 1210 non
520 1184 643 1218 principii
661 1191 758 1218 expers
773 1194 778 1210 :
795 1192 826 1210 ex
847 1183 926 1211 Patre
944 1184 1029 1218 siqni—

248 1229 319 1256 detu.
336 1229 411 1261 Quod
428 1229 449 1255 si
466 1229 594 1263 temporis
614 1229 772 1263 principium
795 1229 905 1264 accipis,
930 1229 1030 1264 princi-

248 1275 292 1309 pio
314 1275 395 1302 etiam
413 1279 503 1307 caret;
537 1282 623 1309 neque
647 1276 717 1301 enim
745 1280 894 1309 temporum
920 1273 1030 1302 eﬁector

251 1321 366 1354 tempori
383 1321 486 1348 subest.
505 1321 622 1355 Spiritus
648 1326 758 1348 sanctus
772 1328 833 1348 vere
847 1321 957 1356 spiritus
978 1326 1029 1354 est,

252 1367 399 1400 procedens
421 1367 528 1401 quidem
544 1374 577 1394 ex
601 1366 692 1398 Patre,
709 1374 759 1393 non
778 1372 866 1393 tamen
894 1367 1029 1394 ﬁliationis

248 1412 336 1445 modol
352 1417 380 1439 ut
396 1420 443 1439 nec
457 1413 646 1447 generationis,
665 1420 756 1439 verum
779 1413 977 1447 processionis;
998 1413 1029 1439 ii-

246 1451 309 1485 ‘ceat
322 1458 392 1485 enim
405 1458 602 1492 perspicuitatis
616 1465 695 1484 causa
716 1466 783 1484 nova
797 1457 903 1484 nomina
919 1457 1028 1492 ﬁngere.

248 1503 339 1537 Neque
356 1503 426 1530 enim
442 1503 523 1529 Pater
544 1511 577 1530 eo
594 1503 728 1538 ingenitus
750 1509 809 1529 esse
831 1502 942 1534 destitit,
965 1503 1029 1537 quia

250 1548 359 1582 genuit;
376 1555 424 1574 nec
444 1548 527 1574 Filius
545 1548 650 1582 genitus
663 1554 722 1574 esse
737 1547 845 1578 desinit,
863 1548 924 1581 quia
941 1554 973 1574 ex
988 1547 1027 1573 in-

245 1590 339 1628 'genito
353 1598 403 1620 est.
421 1593 542 1626 Quonam
559 1594 629 1620 enim
647 1593 723 1621 modo
739 1594 892 1620 desineret?
905 1592 958 1620 Nec
971 1592 1031 1628 Spi-

246 1636 319 1667 ‘ritus
335 1639 445 1670 idcirco,
469 1639 509 1666 vel
526 1640 550 1666 in
567 1640 685 1670 Patrem,
702 1639 743 1666 vel
759 1640 784 1666 in
801 1639 897 1666 Filimn
922 1639 1028 1674 migrat,

249 1685 311 1719 quia
325 1684 465 1718 processit.
479 1692 510 1711 ac
523 1685 592 1711 Deus
603 1689 654 1717 est,
667 1685 747 1711 etiam
767 1685 788 1711 si
810 1684 897 1718 impiis
913 1681 1030 1710 homini-

248 1731 299 1757 ints
315 1729 393 1757 aliter
420 1730 563 1756 videatur:
589 1730 737 1764 proprietas
758 1730 828 1756 enim
853 1729 954 1756 moveri
976 1736 1028 1755 non

250 1779 347 1808 potest.
366 1773 430 1800 Nam
450 1774 547 1808 alioqui
571 1781 686 1808 quonam
708 1777 786 1807 pacto
808 1774 957 1807 proprietas
975 1781 1031 1800 ma-

251 1824 337 1852 neret,
356 1820 378 1847 si
396 1825 547 1847 moveretur
561 1825 588 1847 et
607 1819 777 1846 mutaretur?
791 1819 841 1852 Qui
855 1824 944 1846 autem
961 1819 1031 1854 inge-

250 1867 377 1898 nituram,
399 1870 426 1892 et
452 1867 660 1901 generationem,
678 1865 788 1892 deorum
810 1866 1030 1900 homonymorum

250 1917 360 1939 naturas
372 1919 431 1939 esse
446 1915 574 1943 statuunt,
591 1911 682 1943 iidem,
700 1911 782 1946 685
795 1910 884 1943 credo,
901 1911 1030 1937 Adamum

1081 912 1191 945 ἀγονται
1207 911 1297 943 πάλιν,
1313 911 1340 937 εἴ
1357 919 1396 946 τῳ
1409 911 1446 946 μὴ
1461 911 1605 946 παρέργως
1619 911 1707 937 ἐκεῖνο
1731 908 1862 943 ἀναγινώ-

1081 957 1237 993 σκεταιμιῑ)
1245 957 1318 992 παρὰ
1335 957 1373 993 τῷ
1386 957 1458 992 αὐτῷ
1472 957 1620 992 ἁποστόλῳ,
1631 957 1671 988 τὸ,
1690 957 1741 989 Ἐξ
1757 955 1864 987 αὐτοῦ,

1080 1003 1129 1029 καὶ
1144 1002 1180 1028 δι’
1196 1003 1300 1035 αὑτοῦ,
1321 1004 1369 1030 καὶ
1389 1004 1432 1036 εις
1444 1003 1536 1030 αὑτὸν
1551 1004 1586 1029 τὰ
1609 1002 1708 1029 πάντα
1722 1011 1729 1016 ·
1746 1001 1828 1033 αὐτῷ
1843 1001 1863 1034 ὴ

1080 1048 1154 1079 δόξα
1170 1049 1210 1081 εἰς
1231 1048 1299 1081 τοὺς
1329 1048 1448 1080 αἰῶνας.
1473 1048 1574 1082 Ἀμήν.
1604 1047 1697 1083 Πατὴρ
1719 1048 1733 1073 ὁ
1760 1047 1862 1081 πατὴρ,

1081 1096 1126 1121 κα).
1143 1095 1272 1130 ἄναρχος·
1291 1094 1320 1120 οὐ
1341 1095 1394 1130 γὰρ
1408 1094 1438 1120 εκ
1452 1102 1532 1124 τινος.
1549 1093 1612 1124 Υἱὸς
1627 1094 1641 1119 ὁ
1657 1093 1725 1124 υἱὸς,
1751 1093 1798 1119 καὶ
1814 1092 1864 1118 οὐκ

1080 1140 1195 1175 ἄναρχος
1205 1148 1211 1155 ⁸
1231 1141 1261 1166 ὲκ
1278 1140 1324 1166 τοῦ
1341 1139 1446 1175 Πατρὸς
1459 1139 1522 1174 γάρ.
1549 1139 1579 1165 El
1594 1138 1683 1173 δὲτὴν
1697 1137 1750 1164 ἀπὸ
1767 1137 1862 1173 χρόνον

1080 1185 1227 1220 λαμϐάνοις
1237 1185 1334 1221 ἀρχὴν,
1348 1185 1395 1212 καὶ
1409 1185 1526 1220 ἄναρχος
1536 1193 1542 1199 ·
1562 1183 1674 1219 ποιητὴς
1682 1184 1735 1218 γὰρ
1747 1183 1862 1218 χρόνων,

1080 1231 1128 1265 οὐχ
1138 1231 1189 1257 ὑπὸ
1202 1231 1296 1266 χρόνον
1306 1231 1370 1266 (48).
1382 1230 1492 1264 Πνεῦμα
1505 1230 1579 1263 ἆγιον
1591 1229 1696 1264 ἀληθῶς
1706 1229 1736 1255 τὸ
1744 1228 1867 1264 πνεῦμαι

1081 1276 1173 1311 προϊὸν
1200 1276 1247 1311 μὲν
1269 1277 1301 1302 ἐκ
1315 1275 1361 1302 τοῦ
1379 1275 1495 1311 Πατρὶς,
1512 1275 1560 1309 οὐχ
1577 1275 1659 1306 ὑῖκῶς
1674 1275 1711 1306 δὲ,
1730 1274 1792 1300 οὐδὲ
1810 1274 1867 1310 γὰρ

1079 1320 1226 1355 γεννητῶς,
1244 1321 1300 1347 ἀλλ’
1318 1319 1490 1355 ὲκπορευτῶς
1503 1328 1509 1334 ·
1527 1321 1551 1345 εἰ
1568 1319 1608 1346 δεῖ
1626 1327 1651 1345 τι
1668 1318 1716 1345 καὶ
1740 1327 1863 1344 καινοτο-

1083 1365 1167 1400 μῆσαι
1180 1365 1243 1400 περὶ
1256 1365 1291 1391 τὰ
1310 1365 1428 1399 ὀνόματα
1444 1364 1591 1400 σαφηνείας
1606 1364 1708 1390 ἕνεκεν.
1723 1363 1793 1390 Οὔτε
1816 1361 1864 1389 τοῦ

1082 1411 1187 1445 Πατρὸς
1202 1411 1346 1442 ἐκστάντος
1360 1411 1409 1446 τῆς
1421 1410 1593 1445 ἀγεννησίας,
1605 1410 1670 1436 διότι
1682 1410 1846 1444 γεγέννηκεν
1855 1415 1863 1423 ⁸

1081 1455 1141 1481 οὔτε
1156 1456 1201 1481 τοῦ
1216 1456 1279 1482 Υἱοῦ
1293 1455 1343 1490 τῆς
1358 1456 1520 1490 γεννήσεως,
1536 1456 1576 1482 ὅτι
1595 1455 1626 1481 ἐκ
1640 1455 1686 1480 τοῦ
1703 1455 1862 1488 ἀγεννήτου.

1081 1503 1142 1534 Πῶς
1154 1502 1225 1538 γάρ;
1243 1502 1303 1529 οὔτε
1315 1502 1362 1529 τοῦ
1374 1501 1541 1537 Πνεῦματος,
1554 1501 1570 1536 ἢ
1587 1501 1625 1532 εἰς
1643 1500 1751 1535 Πατέρα.
1782 1507 1864 1534 μετα-

1084 1548 1238 1580 πίπτοντος,
1263 1548 1279 1583 ἢ
1308 1549 1347 1579 εἰς
1364 1547 1438 1579 Υἱδν,
1456 1547 1718 1582 ὃτιὲκπεπόρευται,
1748 1546 1796 1572 καὶ
1823 1545 1864 1571 ὅτι

1083 1593 1158 1625 Θεὸς,
1174 1593 1226 1620 κᾶν
1240 1594 1276 1629 μὴ
1290 1593 1354 1629 δοκῇ
1371 1595 1426 1625 τοῖς
1443 1593 1532 1624 ἀθέοις
1543 1601 1549 1607 ·
1566 1593 1582 1628 ἡ
1596 1593 1649 1628 γὰρ
1662 1592 1760 1626 ἰδιότης
1773 1591 1866 1626 ἀκίνη-

1083 1647 1138 1670 τος.
1153 1639 1186 1664 Ἢ
1204 1639 1261 1670 πῶς
1282 1639 1314 1665 ἂν
1335 1639 1434 1674 ἰδιότης
1458 1638 1542 1673 μένοι,
1555 1637 1700 1672 κινουμένη
1714 1636 1761 1662 καὶ
1779 1644 1864 1671 μετα-

1083 1684 1235 1716 πίπτουσα;
1253 1684 1285 1710 Οἱ
1304 1684 1331 1710 δὲ
1353 1683 1401 1719 τὴν
1417 1683 1589 1718 ἀγεννησίαν,
1612 1683 1658 1708 καὶ
1672 1682 1721 1717 τὴν
1737 1680 1866 1716 γέννησιν

1083 1729 1178 1763 φύσεις
1198 1729 1272 1755 Θεῶν
1288 1729 1441 1764 ὁμωνύμων
1459 1727 1606 1763 τιθέμενοι,
1628 1726 1698 1761 τάχα
1711 1725 1743 1752 ἂν
1756 1725 1804 1752 καὶ
1818 1725 1864 1751 τὸν

1090 1775 1185 1810 Ἀδὰμ,
1201 1775 1247 1802 καὶ
1261 1775 1306 1802 τὸν
1321 1775 1373 1810 Σὴθ
1388 1776 1438 1810 (ὅτι
1448 1775 1462 1800 ὁ
1475 1775 1523 1810 μὲν
1538 1774 1593 1810 (49)
1610 1774 1660 1800 οὐκ
1675 1773 1728 1800 ἀπδ
1743 1772 1842 1808 σαρκός
1853 1779 1862 1786 ·

1084 1821 1196 1856 πλάσμα
1211 1822 1279 1856 γάρ’
1298 1823 1312 1848 ό
1325 1822 1352 1849 δὲ
1367 1822 1420 1848 ἀπὸ
1435 1821 1481 1848 τοῦ
1503 1821 1588 1856 Ἀδὰμ
1603 1821 1708 1854 καὶτῆς
1722 1819 1804 1853 Εῦας)
1816 1818 1862 1844 ἅλ-

1082 1867 1169 1902 λήλων
1184 1868 1254 1894 κατὰ
1267 1867 1315 1903 τὴν
1332 1868 1411 1902 φύσιν
1426 1867 1659 1904 ἁλλοτριὼσουσιν.
1675 1864 1722 1898 Εἷς
1738 1863 1784 1892 οὖν
1799 1864 1864 1896 Θεὸς

1083 1913 1111 1938 ὲν
1128 1914 1209 1948 τρισὶ,
1228 1913 1275 1939 καὶ
1289 1913 1323 1939 τὰ
1336 1912 1400 1948 τρία
1417 1911 1456 1945 ἓν,
1469 1913 1562 1948 ὥσπερ
1575 1912 1688 1946 ἔφαμεν.

249 1964 355 1992 quoque
370 1961 397 1983 et
411 1955 474 1982 Seth
492 1955 627 1990 (quoniam
643 1955 696 1988 ille,
717 1963 768 1981 non
782 1962 815 1982 ex
845 1962 937 1987 carne,
967 1959 1057 1989 ttlpote
1076 1963 1091 1982 ιι
1123 1956 1177 1984 Deo
1198 1957 1310 1990 eilictus,
1336 1958 1379 1986 ltic
1400 1963 1488 1985 autem
1513 1958 1546 1985 ab
1560 1958 1662 1984 Adamo
1676 1961 1703 1983 et
1723 1956 1777 1982 Eva
1802 1962 1865 1990 pro-

250 2009 357 2032 creatus
376 2003 438 2038 est).
459 2002 563 2029 diversa
593 2006 689 2029 natura
723 2002 849 2037 praeditos
885 2009 944 2029 esse
980 2004 1153 2031 contendent.
1173 2005 1247 2033 Unus
1274 2005 1355 2040 igitur
1385 2005 1455 2032 Deus
1477 2005 1503 2032 in
1537 2004 1633 2037 tribus,
1659 2007 1686 2030 et
1705 2003 1756 2029 tria
1783 2009 1863 2029 unutn

249 2056 320 2083 sunt,
335 2055 364 2077 ut
383 2050 506 2077 diximus.

285 2099 352 2127 Xlll.
369 2099 432 2132 Quce
449 2109 509 2127 eum
533 2100 568 2127 ita
590 2107 619 2127 se
634 2099 760 2131 habeant,
777 2099 831 2132 into
851 2105 911 2125 cum
927 2097 977 2124 hoc
992 2097 1028 2124 ita
1045 2100 1067 2127 ι)

249 2153 279 2173 se
292 2146 398 2177 habeat,
419 2150 498 2180 atque
512 2145 695 2172 adorationem
720 2150 888 2178 nequaquam
907 2141 1031 2176 supernis

252 2195 354 2217 tantum
375 2190 521 2222 Spiritibus
531 2189 670 2216 delinitant
683 2192 709 2215 et
727 2187 957 2221 circumscriptam
968 2192 1029 2213 esse

249 2236 415 2268 Conveniret,
433 2235 479 2262 sed
494 2239 521 2261 et
534 2233 635 2261 inferos
650 2233 780 2267 quosdam
801 2233 957 2258 adoratores
971 2238 1031 2258 esse

250 2283 366 2312 deceret.
397 2286 425 2308 ut
446 2281 536 2308 omnia
552 2280 596 2307 Dei
616 2279 700 2312 gloria
727 2277 955 2313 (quandoquidem
984 2277 1031 2303 Dei

248 2327 337 2354 omnia
354 2328 426 2360 sunt)
453 2326 643 2360 implereutur;
668 2333 727 2352 eant
758 2325 792 2351 ob
822 2331 928 2350 causam
953 2323 1032 2350 homo

249 2378 365 2403 creatur,
392 2373 481 2399 divina
507 2379 587 2398 manu
615 2376 642 2398 ct
663 2370 779 2405 imagine
806 2373 927 2397 ornatus.
954 2368 1030 2396 Hunc

249 2424 339 2446 autem
361 2418 460 2445 invidia
476 2417 584 2449 diaboli,
603 2421 683 2451 atque
707 2417 803 2443 acerbo
815 2415 915 2450 peccati
937 2419 1028 2450 gustu,

248 2474 262 2493 a
286 2465 340 2492 Deo
367 2465 507 2492 conditore
536 2465 634 2490 misere
661 2451 812 2497 separatum
840 2461 989 2495 despicere,
1014 2467 1029 2486 a

250 2510 304 2536 Deo
330 2509 445 2536 alienum
470 2513 538 2536 erat.
555 2508 624 2541 Quid
643 2508 723 2542 igitur
749 2507 798 2533 iit?
819 2505 957 2539 Quamque
973 2512 1030 2530 ma-

247 2561 328 2588 guum
347 2555 418 2581 circa
435 2561 483 2581 ttos
497 2555 655 2589 mysterium
675 2551 849 2586 designatur?
869 2550 1030 2576 lunovautur

289 2623 309 2638 "
332 2622 342 2648 l
359 2622 422 2649 Cor.
440 2630 500 2654 vm,
517 2621 543 2649 6.
583 2622 605 2637 ¹⁸
619 2622 695 2648 ηοω.
707 2629 751 2653 ιι,
767 2620 811 2647 56.

285 2691 340 2727 (45)
361 2691 574 2727 Ἐλλείψωμεν.
600 2690 645 2718 Sic
658 2691 723 2726 Reg.
741 2692 795 2724 bm,
813 2695 867 2717 trcs
877 2689 964 2722 Colb.,
978 2693 1029 2716 etc.

250 2725 279 2754 In
290 2725 348 2755 tu.
359 2726 523 2760 ἐλλείψομεν.

288 2761 342 2795 (46)
357 2759 498 2794 Οῦτετὴν
509 2761 627 2792 ἕνωσιν,
643 2766 694 2788 etc.
712 2770 720 2786 ι
734 2761 788 2788 Nec
800 2760 868 2794 quod
880 2759 957 2786 ttnitts
969 2766 1034 2795 con-

252 2793 404 2827 fundentes,
418 2805 426 2821 »
443 2797 579 2827 nimirum,
595 2805 603 2821 ι
616 2803 758 2830 personas;
773 2793 832 2827 nec.
844 2793 1033 2828 distinguendo

252 2830 324 2860 inter
339 2838 368 2858 se
381 2837 518 2863 personas.
533 2831 633 2857 alienas
649 2831 805 2858 inducamus
821 2835 940 2857 naturas.
954 2838 962 2855 ι

288 2865 345 2900 (47)
363 2865 616 2900 Ἀνατινώσκεται.
641 2865 704 2900 Reg.
716 2866 763 2901 ph,
779 2871 805 2893 et
820 2864 865 2892 0r.
883 2865 908 2898 1,
938 2865 1031 2893 ἀναγι-

1117 2097 1166 2123 1Γ¹.
1189 2097 1264 2123 Ἐπεὶ
1276 2096 1303 2122 δὲ
1320 2096 1390 2122 οὕτω
1405 2097 1500 2127 ταῦτα,
1514 2095 1530 2130 ἦ
1544 2094 1632 2125 τοῦτο,
1648 2093 1701 2119 ἔδει
1718 2092 1746 2119 δὲ
1758 2091 1796 2127 μὴ
1808 2092 1865 2122 τοῖς

1080 2143 1136 2169 ἄνω
1155 2142 1233 2177 μόνον
1249 2141 1297 2177 τὴν
1317 2142 1500 2177 προσκύνησιν
1513 2138 1739 2176 περιγράφεσθαι,
1753 2137 1810 2164 ἀλλ’
1824 2133 1865 2163 εἷ-

1079 2187 1123 2213 ναί
1147 2195 1221 2218 τινας
1237 2187 1284 2213 καὶ
1299 2187 1373 2213 κάτω
1389 2185 1589 2222 προσκυνητὰς,
1607 2185 1651 2211 ἵνα
1673 2182 1803 2219 πληρωθῇ
1829 2183 1865 2209 τὰ

1081 2233 1169 2259 πάντα
1198 2232 1276 2268 δόξης
1299 2232 1377 2264 Θεοῦ,
1397 2232 1458 2258 ἐπεὶ
1475 2232 1522 2258 καὶ
1543 2230 1628 2257 Θεοῦ·
1653 2230 1699 2257 καὶ
1722 2228 1766 2256 διὰ
1786 2227 1865 2254 τοῦτο

1080 2278 1200 2309 κτίζεται
1214 2277 1365 2313 ἄνθρωπος,
1384 2277 1454 2312 χειρὶ
1480 2276 1546 2303 Θεοῦ
1562 2274 1688 2311 τιμηθεὶς
1707 2275 1754 2300 καὶ
1770 2273 1864 2300 εἰκόνι.

1081 2324 1181 2351 Τοῦτον
1205 2324 1233 2350 δὲ
1261 2324 1350 2359 φθόνῳ
1373 2323 1506 2355 διαϐόλου,
1531 2322 1578 2349 καὶ
1594 2322 1680 2357 πικρᾷ
1697 2320 1791 2355 γεύσει
1816 2320 1866 2354 τῆς

1076 2363 1229 2405 ἁμαρτιας,
1245 2368 1312 2395 Θεοῦ
1334 2368 1381 2395 τοῦ
1402 2368 1581 2403 πεποιηκότος
1602 2366 1725 2397 ἐλεεινῶς
1739 2365 1794 2401 (50)
1811 2375 1866 2400 χω-

1085 2415 1224 2450 ριζόμενον
1240 2415 1372 2450 παριδεῖν,
1393 2415 1422 2441 οὐ
1443 2414 1521 2440 Θεοῦ.
1540 2414 1572 2440 Τί
1591 2413 1711 2447 γίνεται,
1727 2412 1775 2438 καὶ
1790 2411 1817 2437 τί
1834 2410 1866 2437 τὺ

1084 2461 1154 2496 μέγα
1170 2462 1234 2496 περὶ
1245 2462 1317 2496 ἡμᾶς
1335 2461 1498 2496 μυστήριον;
1513 2459 1742 2494 Καινοτομοῦνται
1757 2457 1863 2492 φύσεις,

1082 2507 1129 2533 κα).
1147 2507 1213 2537 Θεὸς
1227 2506 1369 2542 ἅνθρωπος
1391 2506 1513 2540 γίνεται·
1527 2506 1574 2532 καὶ
1596 2506 1610 2531 ὸ
1632 2503 1805 2537 ἐπιϐεϐηκὼς
1819 2502 1869 2531 ἐπὶ

1082 2549 1127 2575 τὸν
1144 2549 1257 2585 οὐρανὸν
1273 2550 1319 2576 τοῦ
1345 2550 1460 2586 οὐρανοῦ
1480 2549 1551 2577 κατὰ
1573 2548 1705 2580 ἀνατολὰς
1726 2548 1776 2583 τῆς
1797 2547 1865 2578 ἰδίας

1084 2695 1232 2720 νωσκηται.

1122 2719 1176 2755 (48)
1193 2721 1311 2754 Χρόνον,
1328 2719 1393 2753 Reg.
1406 2720 1452 2754 ph.
1466 2719 1577 2755 χρόνωνε

1123 2749 1178 2793 {tu}
1192 2749 1255 2793 "by
1266 2757 1282 2782 ὁ
1295 2749 1424 2793 per-isis
1440 2749 1659 2793 quamorﬁegg"
1673 2757 1767 2778 novem
1775 2749 1863 2780 Colb.,

1087 2787 1175 2821 Coisl:
1188 2793 1213 2822 1,
1227 2792 1273 2817 0r.
1292 2787 1316 2821 1,
1335 2796 1386 2817 etc.
1406 2787 1488 2816 Deest
1502 2789 1542 2814 ὃτι
1558 2787 1583 2814 iu
1599 2789 1642 2814 ed.

1121 2827 1176 2863 (.50)
1193 2819 1361 2863 ‘Eleslgdic.
1372 2825 1416 2863 sic
1431 2829 1542 2863 quatupr
1555 2823 1649 2863 Regg.,
1666 2828 1761 2849 novem
1777 2819 1873 2850 Coll).k

1085 2857 1137 2892 duo
1153 2861 1235 2889 Coisl.
1248 2868 1273 2889 et
1290 2857 1339 2889 0r.
1354 2861 1376 2887 1.
1391 2860 1417 2887 In
1431 2857 1485 2891 ea,
1497 2857 1618 2885 ἐλεεινόν.

1902 1915 1907 1927 1
