2029 3127
148 187 200 217 ὃξθ

609 194 739 224 ORATIO
759 197 882 226 XXXIX.
904 215 938 221 —
959 201 992 229 IN
1014 203 1150 233 SANCTA
1171 205 1313 235 LUMINA.

1727 213 1776 238 550

147 248 271 304 δξξηςῑτε
291 248 338 304 καὶ
363 249 567 288 λαμπρότητος,
593 254 640 280 ἐπὶ
667 255 776 289 δυσμῶν
799 258 931 291 δοξάζετα

997 267 1107 297 natura},
1124 273 1155 292 ac
1176 266 1245 293 Deus
1265 266 1344 293 homo
1362 266 1494 295 edicitur:
1516 271 1543 295 et
1562 267 1606 302 qui
1621 275 1702 304 super
1721 277 1764 297 eae

146 294 197 328 τῆς
219 295 361 330 ἡμετέρας
388 297 526 330 εὐτελείας
553 299 600 326 καὶ
625 302 832 338 ταπεινότητος,
864 306 910 332 καὶ
925 307 939 332 ὁ

147 340 212 371 Υἱὸς
229 340 274 366 τοῦ
297 340 365 367 Θεοῦ
379 341 485 377 δέχεται
504 343 550 370 καὶ
571 345 627 376 υίὸς
645 346 788 382 ἀνθρώπου
813 349 939 383 γενέσθαι

146 393 175 410 τε
195 386 242 411 καὶ
254 386 387 422 κληθῆναι
397 395 403 402 ⁸
412 388 466 433 -οὺχ
479 389 493 415 ὃ
507 387 540 425 ἦν
554 391 714 425 μεταϐαλὼν
730 393 873 430 (ἄτρεπτον
882 396 938 433 (51)

147 431 224 478 Ϊὰρ),
242 432 300 478 ἀλλξ
318 432 332 458 ὃ
345 434 395 459 οὑκ
410 431 443 469 ἦν
463 435 624 470 προσλαϐὼν
642 437 844 475 (φιλάνθρωπος
860 431 938 478 γὰρ),

132 506 133 512 η
149 476 191 502 ἵνα
207 477 320 513 χωρηθῇ
337 478 351 504 ὁ
367 479 518 515 ἀχωρητος,
542 481 585 508 διὰ
606 483 692 519 μέσης
713 485 823 520 σαρκὸς,
844 476 939 523 ὁμιλη-

148 530 198 553 σιις
214 524 291 558 ἡμῖν,
306 524 344 555 ὡς
369 524 424 560 (5‘2)
443 528 712 563 παραπετάσματος·
737 531 831 568 ἐπειδὴ
856 533 939 560 καθα-

148 568 199 603 ρὰν
223 569 308 595 αὑτοῦ
327 571 377 604 τὴν
405 571 518 607 θεότητα
536 574 638 610 φέρειν,
662 575 692 601 οὐ
707 577 757 612 τῆς
779 579 808 604 ἐν
833 579 938 612 γενέσει

148 615 194 640 καὶ
214 614 302 650 φθορᾷ
317 616 434 650 φύσεως.
453 618 502 644 Διὰ
516 619 595 646 τοῦτο
611 620 644 647 τὰ
665 621 768 656 ἄμικτα
784 623 911 658 μίγνυται
929 633 935 641 ·

192 661 298 707 γενέσει
322 662 402 696 μόνον
415 663 491 696 Θεὸς,
507 664 567 691 οὐδὲ
586 667 668 702 σαρκὶ
682 667 754 700 νοῦς,
772 669 833 696 οὐδὲ
849 671 938 707 χρόνῳ

146 705 176 731 τὸ
186 705 310 741 ἄχρονον,
329 708 389 734 οὐδὲ
410 709 502 746 μέτρῳ
518 711 548 737 τὸ
565 712 770 747 ἀπερίγραπτον
782 723 789 730 ·
805 705 874 743 ἀλλᾶ
891 705 938 745 καὶ

145 750 282 787 παρθενίᾳ
292 752 429 788 γέννησις,
448 755 494 781 καὶ
506 756 603 792 ἀτιμίᾳ
617 758 656 793 τῷ
668 759 716 785 καὶ
728 761 810 796 τιμῆς
828 762 937 799 ἁπάσης

146 798 316 834 ὑψηλοτέρῳ.
330 800 376 826 καὶ
395 801 476 827 πάθει
490 802 520 827 τὸ
539 803 653 837 ἀπαθὲς,
667 805 714 831 καὶ
727 806 766 841 τῷ
780 807 891 844 φθαρτῷ
907 798 937 836 τὸ

146 844 290 872 ἀθάνατον.
306 846 415 882 Ἐπειδὴ
428 847 481 883 γὰρ
504 847 572 883 ῷετο
594 849 728 885 ἀήττητος
743 850 811 879 εἶναι
826 854 875 889 τῆς
888 864 937 882 κα-

147 890 207 922 κίας
231 892 246 917 ὀ
278 893 417 928 σοφιστὴς,
443 893 569 929 θεότητος
588 895 675 922 ἐλπίδι
705 897 834 931 δελεάσας
850 901 934 935 ἡμᾶς,

994 307 1048 335 lum
1075 310 1136 338 cmli
1161 312 1193 338 ad
1216 311 1308 347 gloriae
1335 320 1390 340 sute
1418 317 1444 340 el
1468 313 1621 348 splendoris
1643 315 1776 343 orientem

994 356 1115 383 ascendit
1132 357 1164 389 ",
1180 357 1207 384 in
1225 358 1335 385 vilitatis
1348 363 1375 385 et
1390 359 1549 386 humilitatis
1570 365 1667 388 nostrae
1679 369 1776 389 occasu

993 400 1154 434 celebratur,
1171 402 1272 437 Deique
1284 403 1378 437 Filius,
1391 404 1507 433 hominis
1528 413 1635 441 quoque
1665 406 1735 434 filius
1750 411 1775 434 el

994 451 1055 472 esse
1082 450 1108 472 et
1121 447 1210 473 vocari
1228 447 1357 480 sustinet;
1373 455 1437 480 non,
1454 448 1524 482 quod
1545 454 1613 482 erat,
1630 449 1776 477 immutans

993 488 1090 524 (neque
1118 490 1190 517 enim
1217 491 1331 518 mutatio
1357 491 1383 518 in
1408 499 1469 519 eum
1484 492 1584 529 .cadil),
1599 494 1645 521 sed
1665 501 1713 528 pro
1728 500 1776 521 suo

993 542 1057 569 erga
1074 535 1198 563 homines
1209 545 1312 570 amore,
1329 538 1365 570 id,
1379 538 1450 573 quod
1465 546 1516 565 non
1532 545 1602 572 erat,
1623 547 1775 573 assumens,

994 585 1024 607 ut
1042 582 1087 615 qui
1115 587 1208 609 natura
1235 590 1281 610 sua
1297 584 1486 618 comprehendi
1497 588 1557 619 ;non
1577 589 1674 619 potest,
1701 593 1776 613 com-

991 626 1192 660 prehendatur,
1236 627 1396 654 intermedia
1430 636 1526 662 carne,
1558 633 1683 664 tanquam
1717 630 1777 658 velo

993 671 1109 704 quodam
1127 670 1277 705 interiecto,
1292 671 1439 706 “nobiscum
1455 681 1582 701 versans:
1606 674 1775 709 quandoqui-

991 716 1051 743 dem
1068 723 1209 750 procreata
1236 723 1331 745 natura
1354 723 1381 746 et
1406 719 1526 746 inleritui
1549 720 1675 752 obnoxia,
1691 720 1775 747 imbe-

993 761 1081 788 cillior
1094 766 1144 794 est,
1167 770 1248 797 quam
1262 767 1289 789 ut
1303 771 1396 799 puram
1418 764 1501 799 ipsius
1518 765 1685 792 divinitatem
1706 765 1777 792 ferre

991 811 1082 841 queat.
1103 808 1204 835 Idcirco
1229 816 1273 840 ea,
1297 817 1356 843 quae
1374 817 1389 836 τι
1418 810 1546 838 mixtione
1573 810 1659 838 aliena
1683 815 1775 844 crant,

991 853 1156 888 miscentur;
1174 862 1205 881 ac
1226 862 1278 881 non
1299 856 1378 882 modo
1403 855 1472 883 Deus
1500 856 1685 888 nativitati,et
1701 864 1776 884 mens

990 898 1077 931 carni,
1099 904 1126 926 et
1152 900 1281 934 temporis
1301 908 1401 936 expers
1417 902 1541 937 tempori,
1554 906 1581 928 et
1595 902 1621 929 id
1638 902 1707 936 quod
1720 902 1776 928 cir-

147 937 440 982 capxbgrrzpoﬁlﬁpart
465 939 638 972 δελεάζεται·
658 941 703 974 ἵν’,
719 943 757 975 ὡς
785 945 823 980 τῷ
853 946 935 982 Ἀδὰμ

990 946 1134 973 cumseribi
1153 954 1206 973 non
1222 951 1320 981 potest,
1340 955 1475 975 mensurze
1485 947 1621 982 jungitur;
1637 947 1683 974 sed
1693 946 1776 982 virgi-

146 981 319 1016 προσϐαλὼν,
342 983 382 1017 τῷ
404 983 464 1019 Θεῷ
481 986 634 1022 περιπέσῃ,
661 988 708 1014 καὶ
730 988 816 1021 οὕτως
841 991 855 1017 ὁ
878 981 938 1024 νέος

153 1026 240 1062 Ἀδὰμ
264 1027 310 1053 τὸν
326 1028 441 1056 παλαιὸν
455 1029 640 1066 ἀνασὼσηται,
661 1033 708 1060 καὶ
722 1034 787 1070 λυθῇ
803 1035 834 1062 τὸ
850 1038 935 1065 κατά-

146 1080 233 1107 κριμα
248 1072 299 1108 τῆς
314 1074 425 1110 σαρκὸς,
446 1076 527 1113 σαρκὶ
549 1077 596 1103 τοῦ
624 1077 740 1106 θανάτου
767 1080 935 1111 θανατωθέν-

146 1125 201 1149 τος.

991 992 1070 1020 nilati
1091 1000 1199 1027 quoque
1223 994 1388 1028 procreatio;
1400 998 1427 1021 et
1448 994 1485 1027 ei,
1501 994 1571 1029 quod
1584 993 1656 1020 omni
1670 993 1774 1020 honore

989 1040 1163 1073 prmstanlius
1186 1044 1238 1072 est,
1259 1040 1424 1075 ignominia;
1440 1045 1466 1068 et
1481 1040 1630 1075 affectibus,
1653 1041 1689 1074 id,
1704 1041 1774 1076 quod

990 1084 1130 1112 affectibus
1142 1090 1237 1119 vacat;
1254 1089 1280 1112 et
1290 1086 1469 1120 corruptibili,
1483 1086 1520 1118 id,
1538 1086 1608 1121 quod
1623 1086 1775 1113 immortale

986 1134 1038 1158 est.
1063 1130 1194 1163 Quoniam
1227 1131 1299 1158 enim
1327 1131 1371 1158 ille
1395 1131 1452 1158 vitii
1479 1139 1576 1166 parens
1598 1136 1625 1158 et
1646 1131 1768 1165 effector,

145 1165 206 1192 ideo
231 1167 390 1214 seuinvicto
419 1168 534 1202 quodam
566 1170 662 1198 robore
694 1173 839 1206 Ipraaditum
869 1183 928 1204 esse
966 1177 1147 1210 existimabat,
1181 1179 1242 1212 quia
1275 1185 1333 1211 nos,
1360 1185 1407 1214 spe
1427 1178 1574 1206 divinitatis
1595 1179 1699 1214 objecta
1716 1184 1775 1206 tau-

145 1218 227 1245 quam
252 1211 377 1239 illecehra
408 1214 546 1248 quadam,
586 1215 612 1241 in
643 1215 761 1244 fraudem
789 1218 950 1255 induxerat;
973 1223 1032 1250 ideo
1055 1222 1111 1257 ipse
1141 1211 1247 1257 quoque
1278 1211 1525 1258 curitis-prmlextu
1556 1224 1701 1257 inescatur,
1726 1229 1765 1256 ut,

145 1258 208 1284 dum
231 1259 307 1292 quasi
331 1260 358 1286 in
380 1260 509 1288 Adamum
537 1261 663 1296 impetum
685 1262 758 1298 facit,
781 1265 808 1293 in
832 1267 914 1294 Deum
951 1270 1081 1302 incurrat,
1112 1273 1192 1304 atque
1223 1269 1259 1296 ita
1293 1277 1377 1297 novus
1410 1269 1528 1297 Adamus
1553 1270 1672 1305 pristina:
1694 1270 1773 1298 saluti

144 1311 172 1333 et
207 1305 385 1333 incolumitati
424 1312 540 1334 veterem
585 1315 711 1343 asserat,
748 1314 936 1350 sententiaque
974 1320 1103 1345 adversus
1138 1325 1248 1345 carnem
1276 1317 1448 1352 pronuntiata
1470 1318 1656 1350 rcscindatur,
1686 1323 1775 1346 morte

145 1351 274 1379 nimirum
290 1359 305 1378 a
318 1360 400 1379 carne
408 1360 535 1387 oppressa
550 1359 576 1382 et
590 1355 762 1391 interempta.

180 1399 229 1426 IA’.
247 1399 286 1434 Τῇ
302 1400 351 1434 μὲν
369 1397 415 1426 οὖν
430 1400 484 1435 (‘35)
503 1403 626 1437 γεννήσει
648 1404 682 1430 τὰ
705 1404 798 1432 εἰκότα.
821 1414 936 1442 προεωρ-

144 1444 269 1480 τάσαμεν
297 1445 365 1480 (54),
384 1445 438 1480 ἐγώ
462 1455 492 1473 τε
518 1448 532 1473 ὁ
547 1448 597 1484 τῆς
620 1450 717 1485 ἑορτῆς
747 1451 870 1487 ἔξαρχος,
889 1453 935 1480 καὶ

1029 1405 1100 1433 XIV.
1117 1406 1176 1433 Jam
1201 1406 1301 1434 Christi
1319 1413 1425 1441 qutuem
1446 1405 1578 1434 Nativitas
1601 1407 1684 1443 686
1708 1415 1777 1435 cen-

990 1460 1055 1487 grua
1084 1451 1254 1479 solemnitate
1284 1451 1368 1486 prius,
1391 1457 1446 1479 tum
1472 1459 1485 1478 a
1507 1459 1548 1479 me
1567 1452 1627 1480 festi
1654 1455 1721 1481 duce
1748 1459 1777 1481 et

146 1491 236 1526 ὑμεῖς,
258 1492 306 1518 καὶ
331 1493 385 1518 πᾶν
416 1493 478 1520 ὅσον
499 1494 644 1530 ὲγκόσμιόν
668 1505 697 1522 τε
730 1497 777 1523 καὶ
807 1498 933 1535 ὑπερκό-

989 1499 1106 1534 auspice,
1124 1503 1178 1525 tum
1197 1505 1212 1524 a
1233 1498 1322 1531 vobis,
1338 1503 1418 1534 atque
1434 1499 1500 1526 adeo
1517 1499 1550 1526 ab
1566 1500 1701 1532 omnibus,
1719 1505 1774 1527 tam

146 1545 238 1572 σμιον.
255 1538 333 1564 Μετὰ
361 1539 475 1575 ἀστέρος
496 1540 661 1576 ἐδράμομεν,
679 1543 725 1569 καὶ
745 1544 813 1579 μετὰ
834 1545 935 1579 Μάγων

145 1585 401 1619 προσεκυνήσαμεν,
430 1586 498 1620 μετὰ
527 1587 665 1623 ποιμένων
689 1590 744 1624 (53)
771 1591 935 1627 περιελλάμ-

145 1629 264 1664 φθημεν,
289 1630 335 1656 καὶ
358 1630 427 1665 μετὰ
453 1631 576 1666 ἀγγέλων
605 1633 781 1670 ὲδοξάσαμεν,
800 1637 869 1671 μετὰ
885 1638 936 1664 Συ-

147 1675 220 1711 μεὼν
237 1676 487 1712 ἐνηγκαλισάμεθα,
504 1679 551 1705 καὶ
574 1680 644 1714 μετὰ
661 1681 760 1716 Ἀννης
780 1683 935 1718 ἀνθωμολο-

145 1721 291 1756 γητάμεοα
310 1721 379 1757 (ὃϐ),
394 1723 445 1757 τῆς
460 1725 574 1758 γεραιᾶς
590 1725 638 1751 καὶ
653 1724 807 1761 σώφρονος·
822 1728 868 1754 καὶ
885 1728 935 1763 χά-

146 1775 188 1801 ρις
201 1766 240 1802 τῷ
255 1768 295 1799 εἰς
320 1768 354 1794 τὰ
376 1768 429 1795 ἴδια
446 1769 549 1796 ἐλθόντι
566 1770 722 1806 ἀλλοτρίως,
744 1773 784 1799 ὅτι
802 1773 846 1800 τὸν
861 1773 935 1806 ξένον

145 1813 281 1846 ἐδόξασεν.
299 1814 366 1840 Νυνὶ
390 1815 418 1841 δὲ
441 1816 541 1851 πρᾶξις
565 1817 633 1852 ἄλλη
657 1818 785 1853 Χριστοῦ.
804 1820 851 1846 καὶ
873 1820 936 1847 ἄλλο

147 1859 306 1894 μυστήριον.
332 1861 368 1886 Οὺ
385 1861 500 1896 δύναμαι
522 1863 646 1898 κατέχειν
674 1864 722 1899 τὴν
752 1865 848 1901 ἡδονὴν
864 1885 871 1898 ,
895 1866 937 1893 εν-

147 1905 206 1937 οεος
220 1905 276 1940 (57)
298 1906 419 1941 γίνομαι,
447 1908 545 1943 μικροῦ
562 1909 619 1943 καὶ,
634 1909 671 1942 ὡς
693 1910 828 1947 Ἰωάννης,
854 1913 936 1947 εὐαγ-

145 1951 299 1986 γελίζομαι,
317 1954 342 1979 εἰ
359 1953 406 1979 καὶ
423 1954 461 1989 μὴ
478 1955 631 1990 πρόδρομος
642 1975 649 1987 ,
666 1955 722 1982 ἀλλ’
736 1957 789 1984 ἀπὸ
800 1958 848 1992 τῆς
873 1959 937 1995 ἐρη-

147 1998 223 2032 μίας.
239 1998 356 2034 Χριστὸς
380 2000 544 2034 φωτίζεται,
570 2003 836 2039 συναναστράψωμεν
855 2005 910 2040 (58)
928 2014 934 2020 '

145 2045 264 2079 Χριστὸς
275 2046 446 2080 βαπτίζεται,
455 2048 695 2084 συγκατὲλθωμεν,
705 2050 748 2077 ἵνα
759 2051 806 2078 καὶ
815 2051 937 2078 συνανέλ-

145 2090 247 2125 emptam
267 2091 431 2124 Βαπτίζεται
466 2094 570 2130 Ἰησοῦς
587 2103 593 2110 ·
622 2095 700 2122 τοῦτο
723 2097 818 2131 μόνον;
847 2098 863 2133 ἧ
889 2099 936 2125 καὶ

143 2137 180 2163 τὰ
195 2137 262 2165 ἄλλα
277 2138 331 2171 (59)
355 2141 447 2175 τηρεῖν
470 2141 606 2175 ἐπιμελῶς
621 2142 786 2176 ὰναγκαῖον;
805 2144 852 2176 Τίς
876 2144 913 2170 ὢν
927 2154 934 2175 ;

144 2182 194 2208 καὶ
205 2182 282 2219 παρὰ
295 2183 383 2216 τίνος;
406 2185 452 2211 καὶ
466 2185 536 2212 κατὰ
557 2186 676 2222 πηνίκα;
701 2187 728 2214 '0
743 2188 873 2224 καθαρὸς,
888 2190 935 2216 καὶ

143 2228 221 2262 rapi
243 2229 377 2261 Ἰωάννου,
401 2231 447 2257 καὶ
466 2231 520 2257 τῶν
550 2232 671 2267 σημείων
691 2233 858 2268 ἀρχόμενος;
878 2235 935 2262 Ἵνα

143 2274 172 2300 τί
189 2275 331 2310 μάθωμεν,
350 2277 397 2302 καὶ
421 2277 447 2303 τί
463 2277 670 2313 παιδευθῶμεν;
688 2279 934 2316 Προκαθαίρεσθαι,

143 2320 194 2346 καὶ
207 2324 438 2358 ταπεινοφρονείν,
454 2324 501 2349 καὶ
515 2323 662 2359 κηρύσσειν
675 2325 703 2351 ὲν
717 2325 874 2362 τελειότητι,
887 2327 934 2353 καὶ

143 2366 195 2400 τῆς
222 2370 430 2403 πνευματικῆς,
459 2370 507 2395 καὶ
536 2369 586 2404 τῆς
621 2371 780 2406 σωματικῆς
813 2371 932 2407 ἡλικίας.

148 2411 255 2439 Ἐκεῖνο
270 2414 338 2448 πρὸς
350 2414 412 2446 τοὺς
425 2414 455 2440 τὸ
469 2414 611 2451 βάπτισμα
624 2415 823 2450 σχεδιάζοντας,
834 2418 880 2444 καὶ
897 2418 934 2453 μὴ

142 2459 453 2494 προευτρεπιζομένους,
471 2460 538 2495 μηδὲ
555 2461 585 2487 τὸ
600 2461 721 2495 ἀσφαλὲς
745 2463 778 2497 τῇ
803 2462 934 2498 λυτρώσει

182 2505 202 2519 ⁸⁵
215 2504 260 2531 Ps.
275 2512 359 2536 um,
374 2505 416 2532 ΞΛ.
455 2506 477 2521 ¹⁰
492 2506 586 2534 Matth.
606 2514 637 2539 ιι,
657 2507 669 2534 1
688 2515 749 2542 sqq.

143 2599 160 2625 ἆ
180 2562 237 2595 (ﬁt)
258 2563 418 2596 Ἀτρεπτον
459 2562 525 2590 Tres
557 2563 652 2599 τίθει,
680 2565 762 2592 Coisl.
780 2566 789 2592 Ι
813 2566 896 2594 etOr.
910 2567 936 2600 I,

161 2605 292 2625 τοεπτος.

161 2605 209 2631 τρε
215 2605 292 2627 πτος.

144 2668 150 2675 '
180 2631 238 2667 (52)
260 2633 318 2665 Ὧς.
347 2632 413 2667 Reg.
429 2633 474 2668 ph,
497 2641 545 2662 sex
569 2635 647 2663 Colb.
672 2639 699 2662 ct
720 2635 793 2663 0r.I
823 2636 935 2668 addunt,

142 2677 185 2694 εκ.

181 2702 240 2735 (55)
257 2701 297 2740 Τῇ
308 2702 366 2740 μέγ
376 2701 443 2736 οὖν,
457 2711 509 2732 etc.
530 2705 624 2733 Billius
650 2705 676 2732 in
697 2707 782 2740 prima
807 2706 935 2738 editione,

144 2738 184 2776 sic
204 2739 290 2776 magis
304 2739 337 2776 ad
352 2738 469 2767 litteram
486 2740 641 2776 reddiderat
663 2750 670 2768 :
689 2738 746 2768 (At
760 2741 860 2769 Christi
877 2742 936 2776 qui-

145 2774 206 2798 dem
222 2771 400 2800 Nativitatem
419 2775 577 2808 congruenti
603 2775 774 2803 solemnitate
801 2771 935 2810 prosecuti

146 2814 251 2840 sumus,
284 2812 340 2834 tum
368 2815 418 2841 ego
445 2809 506 2838 festi
528 2811 581 2838 dux
607 2816 635 2838 et
654 2818 764 2845 auspex,
781 2817 836 2838 tum
853 2819 910 2844 vos,
924 2821 933 2838 ι

145 2846 199 2871 εις.

257 2878 511 2917 ζζρορξορτάσιιμεν.
528 2880 574 2917 Or.
594 2883 619 2914 I,
640 2881 882 2917 προεωμτόισαμεν.

182 2912 239 2940 (553
259 2914 342 2941 Μετὰ
352 2912 511 2944 ποιιιέὶεων.
525 2916 598 2944 ιἸιινν
614 2912 618 2914 ’
630 2912 719 2946 codd.
732 2912 861 2944 καὶμέτὰ
875 2925 935 2944 ποι-

787 2508 809 2523 ¹¹
828 2508 894 2535 Luc.
910 2516 940 2540 ιι,
956 2507 972 2536 9
987 2516 1048 2542 sqq.

988 1545 1034 1579 qui
1060 1543 1086 1571 in
1115 1544 1215 1571 mundo
1241 1536 1393 1577 versantur,
1418 1552 1496 1578 quam
1518 1545 1563 1579 qui
1579 1545 1678 1572 mundo
1695 1545 1776 1573 subli-

987 1591 1087 1618 miores
1124 1595 1197 1623 sunt,
1232 1590 1366 1618 celebrata
1397 1596 1448 1618 est.
1471 1590 1536 1619 Cum
1572 1592 1648 1619 stella
1678 1600 1776 1620 cucur-

987 1638 1080 1669 rimus,
1109 1644 1169 1664 cum
1190 1637 1275 1668 Magis
1304 1638 1597 1669 adoravimus’°,cum
1626 1639 1777 1673 pastoribus

987 1684 1046 1711 luce
1062 1684 1216 1712 circumfusi
1233 1692 1338 1715 sumus,
1355 1692 1415 1711 cum
1446 1685 1550 1719 angelis
1569 1685 1686 1712 divinam
1716 1685 1777 1720 glo-

988 1732 1054 1759 riam
1072 1731 1291 1766 praedicavimus,
1316 1739 1377 1759 cum
1405 1732 1530 1759 Simeone
1544 1732 1569 1759 in
1585 1731 1647 1759 ulna
1670 1732 1776 1766 accepi-

988 1783 1057 1809 mus,
1089 1783 1150 1803 cmn
1179 1777 1266 1808 Anna,
1294 1776 1356 1808 illa,
1376 1775 1503 1810 inquam,
1525 1777 1615 1803 vetula
1643 1781 1670 1803 et
1700 1781 1776 1803 casta

987 1821 1098 1855 femina,
1109 1821 1226 1849 confessi
1245 1822 1384 1855 sumus“;
1399 1821 1423 1847 ei
1436 1829 1554 1856 quoque,
1573 1821 1617 1855 qui
1632 1825 1660 1848 ut
1673 1821 1777 1849 alienus

987 1869 1013 1896 in
1027 1869 1135 1904 propria
1153 1868 1225 1896 venit
1239 1869 1272 1900 ²¹,
1287 1869 1373 1903 gratia
1394 1868 1536 1899 habeatur,
1559 1867 1629 1902 quod
1650 1873 1775 1894 exterum

987 1915 1123 1942 hominem
1147 1919 1174 1942 et
1194 1915 1364 1950 peregrinum
1384 1914 1467 1957 gloria
1493 1913 1591 1940 affecit.
1619 1913 1695 1941 Nunc
1710 1921 1775 1940 vero

987 1961 1039 1988 alia
1065 1961 1166 1989 Christi
1190 1962 1279 1995 actio,
1305 1961 1431 1995 aliudque
1456 1960 1614 1996 mysterium
1641 1961 1774 1995 sequitur.

987 2006 1077 2033 Animi
1099 2007 1264 2041 voluptatem
1290 2010 1381 2034 tenere
1404 2013 1530 2040 nequeo,
1561 2005 1653 2034 divino
1682 2005 1775 2033 furore

987 2052 1139 2086 corripior;
1171 2052 1364 2087 propemodum
1401 2052 1501 2084 etiam,
1528 2051 1638 2079 Joannis
1669 2052 1774 2085 instar,

989 2097 1108 2124 faustum
1133 2097 1260 2124 nuncium
1283 2096 1401 2132 profero,
1418 2104 1470 2124 non
1489 2105 1640 2132 praecursor
1653 2098 1773 2132 quidem,

988 2151 1017 2171 ut
1043 2144 1107 2178 ille,
1127 2149 1253 2172 caeterum
1278 2151 1292 2171 a
1321 2144 1466 2172 solitudine
1494 2145 1616 2171 veniens.
1651 2144 1774 2172 Christus

988 2191 1167 2223 illuminatur,
1187 2190 1266 2217 simul
1284 2190 1469 2224 illustremur;
1496 2190 1619 2218 Christus
1653 2190 1775 2225 baptiza-

989 2232 1075 2266 tur“,
1097 2232 1176 2260 simul
1192 2232 1396 2266 descendamus,
1424 2238 1452 2258 ut
1474 2232 1555 2259 simul
1580 2233 1661 2260 etiam
1678 2240 1773 2260 ascen-

993 2279 1098 2306 damus.
1117 2277 1195 2304 Jesus
1219 2278 1382 2312 baptizalur.
1405 2277 1472 2304 Num
1498 2278 1523 2305 id
1552 2278 1637 2305 solum
1650 2283 1773 2313 spectan-

987 2325 1049 2352 dum
1063 2324 1127 2352 est?
1157 2323 1253 2352 Nonne
1268 2329 1295 2351 et
1319 2323 1370 2351 alia
1399 2324 1480 2351 etiam
1511 2324 1603 2351 sedulo
1631 2324 1775 2351 observare

985 2371 1221 2406 juvat?Nimirum
1241 2372 1312 2406 quis,
1325 2376 1352 2398 et
1375 2379 1389 2397 a
1405 2378 1468 2406 quo,
1489 2375 1517 2398 et
1542 2371 1667 2406 quando?
1687 2371 1774 2398 Purus

988 2417 1134 2449 videlicet,
1164 2421 1191 2443 et
1219 2424 1233 2443 ιι
1260 2415 1374 2447 Joanne,
1404 2421 1430 2442 et
1445 2419 1511 2448 tum,
1544 2423 1605 2442 cum
1636 2416 1772 2450 signoruni

988 2463 1154 2490 edendorum
1169 2463 1272 2490 initium
1293 2463 1415 2489 faceret?
1429 2462 1497 2495 Quid
1511 2466 1540 2489 ut
1560 2462 1621 2490 inde
1635 2462 1772 2490 discamus

1089 2509 1112 2523 "
1133 2508 1209 2535 Joau.
1225 2516 1244 2540 ι,
1268 2508 1311 2534 ll.
1350 2508 1372 2523 ²³
1387 2507 1472 2535 Marc.
1489 2515 1507 2540 I,
1524 2508 1539 2535 8
1554 2515 1613 2542 sqq.

1013 2566 1090 2594 ένων.

992 2576 1090 2636 iurgii).
1107 2601 1433 2636 Ὰνθωμολογησάμεθα,
1453 2605 1505 2628 etc.
1539 2610 1547 2626 ι
1562 2601 1626 2628 Cum
1639 2601 1716 2628 Anna
1733 2601 1773 2628 vi-

991 2637 1082 2664 cissim
1104 2642 1132 2663 et
1155 2637 1235 2664 veluti
1264 2638 1427 2664 succinendo
1448 2636 1566 2663 Simeoni
1594 2637 1710 2663 confessi
1728 2645 1772 2664 su-

990 2680 1059 2700 mus.
1076 2681 1086 2697 ι
1109 2670 1157 2698 Vel
1181 2673 1273 2704 etiam,
1289 2677 1317 2698 ut
1337 2671 1446 2705 exponit
1469 2670 1586 2702 Nicetas,
1605 2679 1615 2696 ι
1629 2679 1677 2706 pro
1696 2679 1775 2699 acce-

991 2707 1044 2742 ptis
1060 2706 1198 2734 heuellciis
1209 2708 1309 2742 gratias
1319 2706 1432 2742 egimus.
1447 2715 1456 2731 ι

1025 2741 1080 2777 (57)
1096 2740 1230 2774 Ἕνθεοέ.
1254 2741 1377 2775 Quinque
1391 2740 1474 2775 Regg.
1502 2746 1529 2768 et
1549 2745 1603 2768 tres
1619 2741 1708 2774 Colb.,
1731 2741 1774 2768 ἐν·

986 2777 1056 2804 θους.

1106 2810 1418 2847 Συναναστράψῳμεν.
1448 2811 1540 2839 Plures
1563 2812 1671 2847 optimae
1704 2817 1773 2840 noue

985 2849 1062 2874 codd.
1078 2852 1104 2873 et
1115 2847 1188 2877 Bas.,
1202 2846 1443 2882 συναστράψωμεν.

1020 2882 1075 2918 (59)
1091 2883 1127 2909 Ἣ
1140 2882 1188 2909 καὶ
1203 2882 1239 2909 τὰ
1259 2881 1348 2909 ἄλλα.
1374 2882 1418 2910 Sic
1436 2889 1483 2910 sex
1502 2881 1584 2917 Begg.
1601 2882 1679 2910 Deest
1694 2882 1728 2909 τά
1746 2881 1770 2909 is

985 2919 1028 2946 ed.
