2029 3127
265 151 318 179 555

881 144 910 172 S.
931 143 1095 172 GREGORII
1114 142 1287 171 TIIEOLOGI

1841 137 1896 165 356

267 205 441 239 numerisque
458 203 584 230 omniuus
607 200 761 228 absolutum
775 200 939 235 baptismum
953 200 1051 227 reddit.

1114 200 1165 235 γίνῃ
1180 199 1261 232 Θεόςς
1277 196 1341 225 Οἶδα
1356 198 1404 224 καὶ
1417 197 1548 232 τέταρτον
1562 195 1714 230 βάπτισμα,
1725 193 1756 220 τὸ
1764 193 1808 220 διὰ
1823 203 1896 230 μαρ-

267 253 336 286 Quid
349 255 448 282 autent,
462 254 492 276 ut
506 248 585 283 paulo
600 247 726 274 ﬁdentius
741 247 829 274 obiter
839 246 941 282 aliquid
955 246 1053 277 dicam,

269 297 358 325 alI'erri
378 300 478 331 potest,
498 295 562 329 quin
580 293 624 321 ille
641 294 713 320 Deus
730 301 781 320 non
805 293 850 325 sit,
870 300 919 328 per
934 299 1014 327 quem
1027 296 1054 318 tu

270 345 340 371 Deus
359 342 473 370 eliiceris
487 342 498 367 ζ’
510 341 639 373 Quartum
649 339 729 366 etiam
745 339 870 374 baptismi
885 346 970 374 genus
981 338 1054 369 novi,

269 397 365 423 nempe
377 388 448 422 quod
462 387 591 422 martyrio
608 390 635 413 et
653 385 784 420 sanguine
803 389 986 420 comparatur,
998 391 1052 419 quo

269 436 326 470 ipse
339 441 445 469 quoque
468 433 591 460 Christus
612 432 766 466 baptizatus
793 436 846 464 est,
860 436 887 458 et
900 430 1007 465 quidem
1023 437 1056 458 eo

271 481 377 508 exteris
394 480 547 514 augustius,
561 479 632 513 quod
647 478 728 505 nullis
744 482 836 511 postea
855 477 979 504 sordibus
991 483 1056 503 con-

271 527 427 553 taminatur.
447 525 575 558 Quintum
599 525 686 551 lorum
707 524 886 558 Iacryutarum
905 523 1056 557 baptismus

272 576 359 600 tenet:
375 579 468 598 verum
486 570 616 605 martyrio
637 570 757 604 asperior
781 575 808 596 et
831 569 991 596 laboriosior
1003 574 1054 600 est,

270 621 362 651 utpote
375 616 458 651 689
474 616 519 650 qui
535 622 581 649 per
595 614 714 649 singulas
739 620 832 641 noctes
852 614 950 640 lectum
966 621 1044 640 suum

271 670 303 689 ac
319 667 431 689 stratum
447 660 573 696 lacrymis
591 660 706 691 lavat",
719 659 763 686 cui
783 660 847 693 ipsze
870 666 976 693 qttoque
993 658 1052 685 \‘itii

273 709 413 735 cicatrices
440 707 523 734 fcteut
541 707 563 721 ⁵⁸
576 715 583 738 ;
597 706 642 740 qui
658 705 751 740 lugens
773 710 801 732 et
815 705 990 732 contristatus
1007 705 1050 731 in-

271 753 392 787 greditur
403 753 436 786 ",
449 757 477 780 et
502 752 546 787 qui
572 751 706 778 Manassis
729 751 944 785 resipiscentiatn
960 751 983 766 ⁸⁰
994 770 1001 783 ,
1019 758 1051 778 ac

272 798 450 825 Ninivitarum
471 797 648 824 humilitatem
671 797 706 829 “,
722 797 765 823 cui
796 796 982 824 misericordia
1008 797 1059 823 im-

273 844 371 879 pertita
385 848 435 875 est,
448 844 585 876 imitatur;
602 843 648 877 qui
670 842 808 870 Publiceni
824 842 915 869 vet-his
939 842 966 869 in
989 847 1059 870 tem-

272 891 316 925 plo
346 891 474 923 utitur“,
500 898 532 917 ac
555 897 635 923 supra
662 888 823 915 insolentem
854 892 881 914 et
908 889 1053 922 superbum
1091 889 1256 916 Pharia-acum
1275 887 1457 923 jttstilicatur;

1108 246 1201 281 τυρίου
1218 245 1266 272 καὶ
1291 245 1418 279 αἵματος,
1438 243 1453 269 ὃ
1471 243 1518 269 καὶ
1545 241 1626 272 αὐτὸς
1649 240 1767 275 Χριστὸς
1784 240 1897 266 ἐϐαπτί-

1110 301 1183 324 σατο,
1200 292 1247 318 καὶ
1263 290 1329 318 πολύ
1346 299 1378 325 γε
1400 289 1455 316 τῶν
1481 289 1569 316 ἄλλων
1594 286 1816 322 αἱδεσιμώτερον,
1842 287 1897 321 ὅσῳ

1108 338 1243 374 δευτέροις
1257 337 1351 372 ρύποις
1377 337 1407 362 οὐ
1433 334 1585 370 μολύνεται.
1604 331 1669 359 Οἶδα
1693 331 1739 358 καὶ
1770 331 1895 366 πέμπτον

1109 384 1160 415 ἑτι,
1178 383 1208 410 τὸ
1220 383 1274 409 τῶν
1293 382 1349 417 (69)
1365 381 1502 416 δακρύων·
1529 378 1584 405 ἀλλ’
1602 376 1813 411 ἐπιπονώτερον,
1828 375 1866 406 ὡς
1883 376 1897 402 ὁ

1109 430 1194 456 λούων
1210 428 1272 455 καθ’
1286 427 1404 462 ἑκάστην
1417 425 1501 452 νύκτα.
1515 425 1564 459 τὴν
1587 423 1680 457 κλίνην
1690 420 1771 448 αὑτοῦ
1786 421 1834 446 καὶ
1847 419 1896 455 τὴν

1110 474 1254 510 στρωμνὴν
1282 474 1338 504 τοῖς
1365 472 1507 506 δάκρυσιν,
1529 466 1551 503 ᾧ
1573 468 1623 503 τῆς
1640 466 1740 497 κακίας
1756 464 1895 501 προσῶζε-

1111 530 1158 548 σαν
1180 519 1234 556 (70)
1252 520 1298 546 καὶ
1313 520 1337 545 οί
1354 518 1504 554 μώλωπες”
1522 515 1551 547 ὃς
1572 513 1677 541 πενθῶν
1705 512 1752 539 καὶ
1773 511 1896 546 σκυθρω-

1111 567 1203 599 πάζων
1225 565 1379 601 πορεύεται,
1396 564 1444 590 καὶ
1456 563 1485 594 δς
1495 562 1551 598 (71)
1568 562 1691 596 μιμεῖται
1707 559 1755 594 τὴν
1770 559 1896 592 ἐπιστρο-

1111 614 1163 648 φὴν
1180 611 1324 646 Μανασσῆ,
1342 611 1389 637 καὶ
1404 609 1453 644 τὴν
1476 608 1530 635 τῶν
1560 606 1616 642 (72)
1642 605 1791 632 Νινευῐτῶν
1814 603 1896 638 ἠλεη-

1112 659 1196 694 μὲνην
1212 657 1267 694 (75)
1285 656 1447 684 ταπείνωσιν
1458 663 1464 669 ·
1488 654 1516 686 ὃς
1532 653 1678 688 φθέγγεται
1690 651 1739 682 τὰς
1753 650 1802 677 τοῦ
1815 649 1898 676 τελώ-

1111 715 1156 733 νου
1169 705 1260 740 φωνὰς
1272 705 1301 731 ὲν
1315 703 1354 738 τῷ
1370 702 1445 738 ἱερῷ,
1462 701 1508 728 καὶ
1523 699 1673 726 δικαιοῦται
1693 697 1769 734 παρὰ
1785 697 1832 723 τὸν
1848 704 1896 731 με-

1111 753 1246 787 γάλαυχον
1259 751 1404 786 Φαρισαῖον
1415 757 1421 763 ·
1438 749 1467 780 ὃς
1482 746 1632 781 συγκύπτει
1653 745 1724 772 κατὰ
1741 744 1790 778 τὴν
1806 743 1896 769 Χανα-

1112 799 1200 831 ναίαν,
1230 797 1277 824 καὶ
1295 795 1371 831 ζητεῖ
1399 792 1618 829 φιλανθρωπίαν,
1637 792 1684 818 καὶ
1705 790 1798 825 ψίχας,
1819 788 1896 819 κυνὸς

1112 844 1214 879 τροφὴν
1225 843 1294 877 ἄγαν
1309 841 1489 877 λιμώττοντος

1497 885 1543 920 qui
1584 884 1712 918 denique.
1739 881 1898 909 Chaunum

273 937 400 968 iHSlar".
419 935 594 971 ἀερΐῖηιῖῑιπν
613 939 641 961 ει
656 933 866 961 Inisel‘icordiam
894 933 1030 969 implorat,
1045 943 1076 963 ac
1096 937 1189 966 micas,
1202 935 1252 962 hoc
1268 935 1343 962 canis
1356 932 1506 960 vehementi
1523 931 1594 958 fame
1610 929 1727 963 correpti
1748 927 1874 963 pabulum
1888 947 1896 958 ,

272 982 405 1017 exposcit.

311 1028 402 1056 XVIII.
414 1027 472 1062 Ipse
482 1027 589 1062 quidem
602 1026 673 1062 (uani
690 1026 825 1053 hominem
843 1033 885 1053 me
897 1034 956 1054 esse
966 1027 1061 1058 fateor,
1078 1036 1100 1065 Β

274 1074 375 1103 animal
393 1074 532 1106 mutabile,
542 1072 672 1107 Ilum'que
685 1078 712 1099 et
729 1072 833 1106 fragilis
848 1072 973 1105 natura),
989 1073 1060 1100 ltunc

273 1127 381 1155 quoque
410 1119 574 1153 baptismum
603 1117 718 1144 libenter
749 1117 914 1151 amplector,
949 1117 1062 1151 ejusque

274 1169 397 1193 datorem
424 1166 518 1197 adoro,
534 1165 648 1198 aliisque
672 1164 771 1195 tribuo,
795 1171 827 1189 ac
848 1163 1061 1190 tnisericordiam

278 1220 370 1247 erogo,
390 1216 419 1238 ut
435 1210 648 1238 miserie0rdiaut
667 1216 829 1243 consequar.
846 1208 913 1235 Nam
935 1216 976 1236 me
995 1216 1061 1242 qun-

273 1267 327 1292 que
353 1258 515 1288 inﬁrmitate
539 1256 737 1284 circumdatum
768 1263 828 1282 esse
850 1256 922 1287 scio,
946 1255 1063 1290 illudque

275 1305 342 1337 fore,
359 1310 386 1332 ut
404 1313 456 1339 qua
475 1312 600 1331 mensura
625 1311 733 1330 mensus
755 1302 873 1335 fuero",
893 1303 986 1330 eadem
1001 1311 1063 1338 quo-

274 1359 326 1386 que
343 1351 407 1378 mihi
429 1351 546 1378 vicissim
570 1350 640 1376 Deus
667 1348 835 1376 remetiatur.
856 1348 895 1375 Tu
916 1356 978 1375 vero
999 1349 1061 1383 quid

275 1397 336 1424 ais?
351 1397 435 1430 Quam
452 1396 536 1429 legem
551 1395 684 1428 statuis,o
695 1402 763 1421 nove
777 1393 923 1426 Pharisaae,
937 1402 968 1421 ac
979 1395 1063 1421 nomi-

275 1452 321 1477 ne,
337 1451 389 1471 non
415 1447 505 1470 autem
532 1441 614 1468 animi
647 1440 797 1475 proposito,
821 1448 898 1474 pure,
919 1448 950 1466 ac
969 1439 1063 1467 Novati

275 1489 401 1523 dogmata
412 1495 472 1515 cutn
484 1487 577 1514 eadem
590 1485 747 1513 inﬁrmitate
758 1486 835 1512 nobis
845 1484 939 1512 eIIlans
952 1485 963 1511 ’ί
976 1485 1064 1512 Poeni—

280 1536 392 1563 tentiam
429 1541 481 1561 non
514 1532 652 1560 admittis?
683 1532 813 1559 Luctibus
835 1532 924 1558 locum
955 1532 1060 1565 negas?

278 1581 426 1616 Lacrymas
438 1579 564 1615 lacrymis
581 1586 633 1606 noa
648 1578 820 1613 prosequeris
838 1578 849 1604 ?
863 1577 971 1604 Utinam
985 1577 1064 1604 talem

277 1626 452 1661 tibijudicetn
470 1625 588 1660 experiri
606 1632 659 1652 non
684 1624 835 1659 contingat.
853 1623 917 1651 Jesu
942 1623 1065 1658 benigni-

277 1679 332 1701 tate
345 1680 398 1700 non
414 1671 542 1703 moveris,
557 1671 603 1705 qui
619 1671 792 1698 inﬁrmitates
806 1674 914 1697 nostras
933 1670 1063 1705 suscepit,

1149 1028 1202 1054 Iﬂ'.
1226 1025 1295 1060 Ἐγὼ
1315 1025 1364 1060 μὲν
1380 1021 1425 1051 οὖν
1443 1023 1596 1058 (ἄνθρωπος
1612 1019 1681 1048 εἶναι
1696 1019 1751 1055 γὰρ
1765 1018 1821 1053 (71)
1836 1018 1898 1052 ὁμο-

1111 1073 1192 1107 λογῶ,
1207 1072 1274 1104 ζῶον
1287 1070 1402 1106 τρεπτὸν
1417 1070 1464 1097 καὶ
1476 1069 1590 1104 ῥευστῆς
1615 1066 1744 1101 φύσεως),
1760 1065 1808 1091 καὶ
1827 1064 1898 1098 δέχο-

1114 1127 1163 1154 μαι
1176 1117 1254 1144 τοῦτο
1273 1115 1431 1151 προθύμως,
1453 1115 1500 1141 καὶ
1518 1112 1664 1150 προσκυνῶ
1678 1112 1723 1138 τὸν
1752 1110 1895 1140 δεδωκότα.

1112 1165 1230 1195 καὶτοῖς
1256 1162 1345 1194 ἄλλοις
1378 1161 1554 1197 μεταδίδωμι,
1579 1160 1626 1186 καὶ
1655 1157 1830 1194 προεισφὲρω
1851 1155 1897 1182 τοῦ

1112 1209 1187 1236 ἐλέου
1201 1209 1246 1235 τὸν
1261 1208 1345 1235 ἔλεον.
1363 1205 1429 1234 Οἶδα
1443 1207 1498 1242 γὰρ
1523 1206 1570 1233 καὶ
1591 1204 1672 1236 αὐτὸς
1689 1203 1833 1230 ἀσθένειαν
1852 1210 1899 1239 πε-

1115 1255 1276 1291 ρικείμεννς,
1294 1255 1342 1281 καὶ
1365 1253 1403 1285 ὡς
1428 1252 1460 1279 ἂν
1487 1252 1624 1288 μετρήσω,
1651 1248 1897 1285 μετρηθησόμενος.

1113 1302 1149 1328 Σὺ
1162 1301 1189 1327 δὲ
1201 1310 1226 1327 τι
1239 1299 1344 1334 Αέγεις,
1361 1298 1387 1324 τί
1407 1297 1573 1333 νομοθετεῖς,
1596 1293 1618 1322 ὧ
1635 1296 1677 1322 vis
1698 1296 1839 1330 Φαρισαῖε,
1855 1294 1900 1321 καὶ

1114 1346 1216 1382 καθαρὲ
1229 1346 1279 1381 τὴν
1295 1344 1490 1381 προσηγορίαν,
1503 1343 1533 1369 οὐ
1550 1342 1598 1377 τὴν
1611 1341 1780 1377 προαίρεσιν,
1795 1340 1842 1366 καὶ
1854 1348 1900 1374 cpu-

1114 1393 1167 1419 σῶν
1183 1393 1248 1428 ἡμῖν
1263 1391 1297 1418 τὰ
1318 1391 1443 1417 Ναυάτου
1463 1388 1532 1424 μετὰ
1556 1388 1605 1423 τῆς
1629 1387 1715 1422 αὐτῆς
1736 1385 1898 1418 ἁσθενείας;

1114 1440 1151 1466 Οὐ
1163 1439 1228 1474 δέχῃ
1253 1438 1415 1474 μετάνοιαν;
1435 1437 1465 1463 οὺ
1485 1436 1562 1467 δίδως
1589 1435 1715 1470 ὀδυρμοῖς
1739 1433 1832 1468 χώραν
1847 1443 1854 1466 ;
1869 1433 1898 1459 οὐ

1113 1484 1242 1520 δακρύεις
1258 1484 1313 1519 (75)
1341 1483 1476 1518 δάκρυον;
1496 1480 1537 1515 Μὴ
1556 1479 1586 1506 σύ
1607 1487 1638 1513 γε
1657 1478 1780 1505 τοιούτου
1805 1477 1897 1513 κριτοῦ

1115 1530 1217 1565 τύχοις.
1232 1530 1288 1556 Οὐκ
1314 1529 1374 1564 αἰδῇ
1399 1527 1429 1554 τὺ
1457 1526 1544 1561 Ἰησοῦ
1563 1524 1764 1560 φιλάνθρωπον,
1788 1523 1836 1550 τοῦ
1855 1522 1901 1554 τὰς

1115 1575 1258 1607 ἀσθενείας
1283 1574 1362 1610 ἡμῶν
1381 1572 1508 1603 λαϐόντος
1525 1570 1592 1607 (76),
1611 1570 1659 1597 καὶ
1682 1569 1730 1601 τὰς
1747 1569 1842 1600 νόσους
1857 1569 1902 1604 βα-

1116 1621 1272 1653 στάσαντος,
1292 1619 1339 1647 τοῦ
1362 1619 1399 1655 μὴ
1415 1618 1529 1649 δικαίοις
1547 1616 1684 1648 ἐλθόντος,
1703 1615 1759 1642 ἀλλ’
1777 1616 1902 1650 ἀμαρτω-

1115 1667 1170 1699 λοῖς
1181 1668 1220 1698 είς
1239 1666 1393 1702 μετάνοιαν,
1416 1665 1470 1692 τοῦ
1488 1665 1577 1691 ἔλεον
1596 1663 1738 1696 θέλοντος
1750 1662 1873 1697 μᾶλλον
1884 1662 1901 1695 ἢ

277 1723 304 1746 et
320 1719 428 1746 morbos
451 1723 557 1745 nostros
571 1717 731 1752 portavit",
748 1717 793 1752 qui
810 1725 862 1744 tton
878 1717 953 1743 venit
968 1724 1061 1744 vocare

1118 1713 1238 1744 θυσίαν,
1263 1711 1310 1739 τοῦ
1327 1710 1557 1747 ἐὸδομηκοντάκις
1572 1709 1640 1736 ἑπτὰ
1653 1709 1859 1744 συγχωροῦντος
1872 1709 1903 1734 τὰ

277 1766 373 1801 iustos,
390 1764 438 1792 sed
452 1768 607 1799 peccatores
621 1764 654 1791 ad
673 1763 860 1798 paenitentiam
872 1763 907 1796 ³⁸,
921 1763 966 1798 qui
986 1763 1065 1790 mue-

277 1810 421 1838 ricordt'am
431 1810 540 1842 mavult,
562 1818 642 1844 quam
659 1809 820 1843 sacri/icium
833 1809 871 1842 ⁵⁷,
887 1811 935 1844 qui
953 1814 1065 1845 septua-

277 1857 334 1892 gies
350 1856 450 1890 septies
464 1860 574 1891 peccata
597 1855 762 1883 condonat“
773 1855 785 1881 ?
797 1855 884 1888 Quam
896 1854 977 1882 beata
995 1859 1066 1882 esset

278 1901 429 1929 sublimitas
442 1902 528 1934 tua,si
543 1902 645 1935 paritas
663 1908 694 1928 ea
708 1905 790 1933 esset,
799 1908 851 1928 nou
864 1906 952 1928 autem
969 1900 1065 1934 fastus,

277 1947 351 1982 Ieges
362 1955 442 1982 supra
464 1947 580 1974 hominis
600 1952 708 1981 captum
731 1946 886 1979 instituens,
909 1953 941 1973 ac
957 1954 1063 1973 tuorum

277 1993 472 2020 correctionem
489 1999 536 2026 per
563 1992 778 2026 desperationem
798 1991 905 2019 tollens.
924 1991 953 2019 In
970 1993 1065 2019 eodem

278 2038 349 2065 enim
361 2037 426 2064 vitio
438 2042 510 2070 sunt,
526 2037 694 2072 indulgentia
711 2044 763 2064 nou
781 2037 931 2071 corrigens,
946 2041 973 2064 et
987 2045 1064 2064 seve-

279 2083 346 2111 ritas
371 2091 424 2110 non
439 2082 622 2114 {condonans:
647 2082 691 2109 illa
720 2089 815 2109 omnes
840 2082 961 2109 habenas
983 2082 1065 2114 laxat,

281 2129 339 2156 haec
361 2129 395 2156 ob
417 2128 616 2156 vehementiam
639 2127 800 2163 strangulat.
828 2126 959 2154 Puritatis
979 2128 1067 2161 speci-

280 2183 343 2202 men
354 2174 413 2207 ede,
429 2179 457 2202 et
469 2180 524 2202 tum
545 2174 688 2202 audaciam
703 2178 777 2200 tuam
801 2173 932 2208 probabo.
947 2172 982 2200 At
996 2181 1067 2201 nunc

280 2228 387 2254 vereor,
399 2228 433 2248 ne
445 2221 502 2255 ipse
514 2220 650 2248 ulceribus
669 2224 785 2251 scatens,
799 2218 922 2246 medendi
938 2219 1065 2254 impossi-

280 2266 412 2294 bilitatem
437 2266 561 2293 inducas.
590 2265 680 2298 Quid?
700 2263 738 2291 Ne
760 2263 937 2298 pmnitentem
961 2264 1067 2298 quidem

281 2311 409 2340 Davidem
424 2311 555 2344 admittis,
566 2311 609 2338 cui
629 2310 815 2345 propheticam
827 2315 936 2344 quoque
951 2310 1067 2344 gratiam

280 2359 438 2394 paenitentia
456 2357 626 2386 conservavit
636 2356 680 2383 “‘9
702 2355 758 2383 Nec
773 2362 898 2389 magnum
925 2355 999 2382 illum
1019 2354 1069 2382 Pe-

1117 1758 1318 1794 ἁμαρτήματα;
1338 1757 1383 1788 Ὠς
1400 1756 1538 1792 μακάριόν
1551 1764 1596 1782 σου
1608 1755 1638 1782 τὸ
1656 1754 1767 1790 ὑψηλὸν,
1785 1755 1809 1780 εί
1825 1754 1905 1781 καοα-

1118 1805 1199 1840 ρότης
1213 1802 1258 1839 ἦν,
1273 1803 1341 1830 ἀλλὰ
1362 1803 1398 1839 μὴ
1414 1802 1516 1836 τῦφος,
1540 1800 1692 1836 νομοθετῶν
1713 1800 1782 1834 ὑπὲρ
1800 1799 1904 1834 ἂνθρω-

1117 1859 1177 1882 πον,
1191 1850 1238 1876 καὶ
1249 1849 1320 1876 λύων
1333 1850 1366 1885 τῇ
1378 1847 1531 1883 ἀπογνώσει
1548 1846 1596 1882 τὴν
1607 1845 1802 1881 ἐπανόρθωσιν.
1817 1844 1905 1880 Ὁμοί-

1117 1905 1155 1928 ως
1183 1897 1237 1932 γάρ
1260 1897 1319 1922 ἐστι
1342 1895 1436 1927 κακὸν,
1458 1894 1505 1920 καὶ
1519 1893 1611 1924 ἄνεσις
1634 1891 1847 1926 ὰσωφρόνιστος,
1861 1889 1906 1916 καὶ

1117 1943 1289 1978 κατάγνωσις
1305 1941 1500 1977 ἁσυγχώρητος
1511 1948 1519 1956 ·
1537 1940 1553 1975 ὴ
1572 1940 1622 1975 μὲν
1641 1937 1705 1973 ὅλην
1728 1938 1838 1972 ὲφιεῖσα
1858 1936 1905 1972 τὴν

1117 1991 1205 2026 ἡνίαν,
1219 1990 1236 2025 ἡ
1248 1989 1277 2015 δὲ
1288 1988 1327 2024 τῷ
1345 1986 1453 2023 σφοδρῷ
1472 1987 1656 2021 κατάγχουσα.
1677 1983 1767 2017 Δεῐξόν
1789 1991 1835 2018 μοι
1858 1982 1905 2017 τὴν

1117 2035 1301 2072 καθαρότητα,
1328 2034 1376 2061 καὶ
1400 2032 1512 2068 δέχομαί
1538 2040 1584 2058 σου
1600 2031 1649 2066 τὴν
1664 2029 1832 2065 θρασύτητα.
1850 2027 1906 2054 Νῦν

1117 2083 1145 2110 δὲ
1159 2082 1274 2115 δέδοικα,
1292 2081 1329 2116 μὴ
1350 2079 1440 2116 βρύων
1454 2079 1571 2110 ἕλκεσιν,
1594 2077 1707 2112 εἰσάγῃς
1721 2075 1752 2101 τὺ
1765 2074 1907 2108 ἀνιάτρευσ

1117 2137 1163 2155 τον
1177 2128 1244 2164 (77).
1265 2127 1332 2154 Οὐδὲ
1346 2127 1392 2153 τὸν
1408 2124 1490 2152 Δαϐὶδ
1503 2123 1567 2159 δέχῃ
1584 2120 1775 2158 μετανοοῦντα,
1786 2116 1809 2153 ᾧ
1820 2120 1866 2146 καὶ
1878 2118 1907 2144 τὸ

1118 2173 1286 2211 προφητικὸν
1299 2172 1421 2208 χάρισμα
1442 2171 1459 2206 ἡ
1479 2168 1606 2205 μετάνοια
1626 2166 1825 2201 συνετήρησεν;

1118 2208 1220 2256 Πέτρον
1235 2221 1280 2247 τὸν
1307 2219 1392 2254 μέγαν
1420 2216 1540 2244 παθόντα
1562 2223 1589 2240 τι
1614 2211 1784 2248 ἀνθρώπινον
1799 2209 1864 2245 περὶ
1878 2208 1906 2256 τρ

1119 2253 1250 2302 σωτηριον
1262 2253 1364 2297 πάδοςς
1379 2262 1482 2298 Ἰησοῦς
1498 2261 1526 2287 δὲ
1543 2258 1661 2291 ἐδέξατο,
1683 2257 1729 2284 καὶ
1748 2255 1789 2291 τῷ
1804 2253 1907 2302 τρισσῷ

1118 2311 1167 2346 τῆς
1180 2300 1339 2346 ἐρωτήσεως
1358 2308 1404 2335 καὶ
1426 2307 1477 2342 τῆς
1492 2304 1646 2341 ὁμολογίας,
1675 2302 1706 2328 τὸ
1727 2300 1907 2346 τρισοὸνγτῆς

1120 2345 1260 2391 ἀρνήσεως
1276 2354 1468 2389 ἐθεράπευσεν.
1495 2351 1532 2377 Ἦ
1557 2350 1618 2376 οὐδὲ
1643 2346 1820 2374 τελειωθέντα
1843 2345 1906 2380 δέχῃ

282 2412 363 2438 trum,
382 2405 427 2440 qui
452 2405 523 2432 circa
539 2403 691 2430 Saivatoris
717 2401 870 2437 passionem
883 2401 992 2428 humani
1017 2401 1061 2429 ali-

1116 2402 1149 2428 δι’
1168 2402 1299 2437 αἵματος
1315 2400 1393 2426 Ἔστι
1413 2398 1466 2434 γὰρ
1483 2397 1531 2424 καὶ
1547 2395 1626 2422 τοῦτο
1638 2395 1687 2430 τῆς
1703 2392 1758 2428 (78)
1776 2392 1826 2427 σῆς
1843 2391 1908 2418 ἀπο-

314 2489 335 2503 ⁸⁷
349 2487 421 2515 Psal.
437 2495 474 2519 vt,
495 2487 520 2514 7.
571 2486 594 2501 ⁸⁸
614 2485 660 2512 Ps.
681 2492 787 2516 xxxvii,
808 2485 834 2512 '5.
887 2484 909 2500 ⁸⁸
929 2483 993 2510 ibid.
1020 2483 1045 2509 7.

281 2524 413 2555 xvnt,13.
468 2523 492 2538 ⁸³
507 2521 601 2549 Matth.
633 2528 676 2553 xv,
707 2521 743 2547 22
767 2528 827 2555 sqq.

282 2558 305 2575 ⁵⁸
318 2559 411 2585 Matth.
433 2566 509 2589 xvnt,
529 2557 575 2584 22.
625 2557 648 2572 δν
679 2556 700 2583 11
724 2556 788 2591 Reg.
805 2563 853 2588 xu,
877 2555 919 2581 15.

318 2604 372 2639 (69)
392 2605 465 2635 Ἔτι,
479 2603 512 2630 τὸ
525 2602 594 2639 τῶν,
610 2601 654 2629 Sic
666 2602 783 2636 quinque
797 2599 894 2635 Regg.,
908 2599 975 2626 Tres
988 2597 1063 2626 Colb.

282 2645 307 2668 et
323 2638 371 2666 0r.
386 2640 411 2666 1.
429 2641 505 2666 Deest
516 2638 546 2664 τό
563 2639 588 2664 itt
602 2638 645 2665 ed.

318 2673 596 2709 (711)]1ροσώζεσαν.
622 2673 744 2707 Quinque
770 2670 866 2706 “033.,
897 2669 949 2697 duo
972 2667 1065 2700 Coisl.,

283 2715 346 2738 etc..
365 2709 534 2745 προσόξουσι.

319 2745 374 2780 (71)
387 2738 508 2776 ’Καϊὸςκ
524 2744 568 2780 Sic
591 2742 673 2780 Regg.
689 2742 743 2774 bm,
762 2742 808 2776 ph,
827 2741 874 2769 Or.
890 2740 916 2772 I,
933 2738 1022 2767 Nicet.
1039 2742 1066 2766 et

283 2778 376 2808 Con-Ii.
392 2780 471 2806 Deest
483 2779 528 2806 καί
545 2779 571 2804 Ill
588 2778 630 2804 ed.

319 2815 373 2848 (72)
395 2814 467 2841 Τῶν.
482 2814 561 2841 Deest
571 2813 597 2840 iu
610 2813 726 2846 quinque
740 2813 820 2848 Regg.
836 2815 862 2838 et
875 2810 921 2838 0r.
944 2810 967 2837 l.

399 2849 590 2886 H.15njtémtf.
607 2848 652 2875 0r.
672 2848 697 2879 1,
713 2847 879 2886 ἠλεημὲνων.

320 2882 375 2918 (⁷74)
393 2884 464 2918 I‘a’p.
484 2882 560 2911 Deest
577 2884 602 2910 in
621 2887 734 2918 quatuor
749 2882 831 2917 chg.

571 2486 594 2501 ⁸⁸
614 2485 660 2512 Ps.
681 2492 787 2516 xxxvii,
808 2485 834 2512 '5.

1096 2484 1119 2500 ⁵⁸
1139 2483 1171 2510 II.
1198 2482 1286 2510 Paral.
1317 2488 1413 2512 χχχιιι,
1428 2480 1472 2506 15.

877 2519 1006 2546 "Matth.
1017 2519 1102 2552 vn,2.

1524 2478 1546 2494 “
1566 2477 1627 2504 Jou.

1418 2515 1442 2531 ⁵⁸
1457 2513 1522 2541 Luc.
1540 2521 1568 2544 v,
1581 2511 1625 2538 52.

1648 2483 1689 2508 ιιι,
1709 2474 1736 2501 5.
1797 2471 1820 2487 "
1842 2470 1905 2508 Lm}.

1154 2506 1177 2535 ᾖ
1191 2506 1442 2549 ιὲεῖξῖίιι,”ῖῖ”ἠ
1457 2513 1522 2541 Luc.
1540 2521 1568 2544 v,
1581 2511 1625 2538 5'3.
1682 2506 1714 2525 V"
1728 2508 1792 2536 Ose.
1813 2514 1854 2539 Vt,
1880 2506 1905 2533 6.

1154 2597 1210 2631 (75)
1232 2596 1272 2622 Οὺ
1288 2594 1436 2631 δακρύεις,
1461 2596 1523 2631 etc._
1538 2589 1624 2616 Nicet.
1641 2596 1648 2629 ε
1667 2598 1676 2613 ‹
1697 2586 1908 2631 Νοιιμοιγηξοι

1119 2623 1245 2667 1ιιὲιγιιιίε
1275 2623 1465 2666 paenitentiam
1490 2625 1599 2656 misces,
1624 2623 1710 2650 vicem
1736 2629 1831 2650 eorum
1863 2623 1908 2648 do-

1119 2667 1194 2695 lens?
1210 2675 1220 2692 ι

1155 2701 1210 2734 (76)
1230 2701 1391 2732 Λαϐόντος.
1405 2693 1722 2734 Βοςζολάναλαίᾷόντοςε,
1738 2727 1744 2733 _
1777 2725 1784 2734 Ι
1801 2733 1805 2734 ν

1156 2725 1212 2771 (ἢ)
1230 2725 1528 2771 Ῐᾎῖιᾶτρέίμτονῗβίιι.
1545 2739 1554 2771 ε
1577 2739 1585 2755 ι
1602 2725 1906 2771 Μιεᾳεῃάιῑωδξςίιιιιη-

1123 2760 1213 2798 ιθιῖιξί
1231 2760 1356 2797 venerat
1373 2774 1460 2794 tamen
1472 2767 1499 2794 in
1517 2767 1602 2801 prima
1613 2762 1752 2801 editione:
1772 2770 1782 2786 ι
1801 2760 1842 2788 Ne
1858 2761 1907 2787 im-

1122 2806 1289 2834 medicabilis
1303 2803 1404 2839 peccati
1420 2799 1567 2839 doctrinam
1583 2799 1737 2839 inducas“:

1158 2829 1290 2877 ﬁatﬁat
1303 2829 1394 2877 223624
1412 2836 1477 2877 τῆς.
1502 2836 1546 2864 Sic
1568 2834 1686 2869 quinque
1703 2829 1798 2867 “£953.,
1817 2829 1865 2857 0r.
1884 2829 1907 2863 l,

1124 2873 1176 2905 etc.
1193 2876 1271 2904 Deest
1286 2873 1365 2901 τοῦτο
1381 2874 1407 2901 in
1424 2874 1468 2901 ed.
1700 2890 1705 2894 .
