2029 3127
153 156 204 183 557

633 154 761 183 ORAT-IO
782 154 903 183 XXXIX.
924 171 958 177 -—
976 155 1010 184 IN
1030 156 1166 184 SANCTA
1186 157 1327 185 LUMINA.
1736 162 1789 189 553

151 215 236 246 νοίας.
259 214 327 242 Οὐδὲ
347 214 392 242 τὸν
414 215 443 242 ὲν
464 215 589 252 Κορίνθῳ
612 215 846 250 παρανομήσαντα
867 215 943 250 (79);

998 217 1061 252 quid
1073 224 1217 252 perpessus
1238 223 1280 245 est
1296 217 1340 243 ⁵⁸⁸3
1360 217 1395 244 At
1417 216 1495 245 Jesus
1516 225 1576 245 eum
1602 219 1738 254 suscepit.
1758 228 1791 247 ac

152 260 260 292 Παῦλος
278 261 306 287 δὲ
322 262 369 288 καὶ
388 261 498 297 ἀγάπην
524 262 672 297 ἐκύρωσεν,
693 260 787 296 ἐπειδὴ
807 260 856 296 τὴν
872 260 946 297 διόρ-

152 297 236 334 emet);
250 305 306 334 εἶδε
315 316 322 323 ·
343 307 391 334 καὶ
404 308 434 334 τὸ
451 308 550 335 αἴτιον·
570 309 632 335 Ἵνα
643 307 686 342 μὴ
696 307 734 342 τῇ
746 307 947 341 περισσοτέρᾳ

151 353 235 386 λύπῃ
254 352 310 388 (80)
327 353 482 388 καταποθῇ
498 355 514 380 ό
530 353 665 386 τοιοῦτος
681 353 748 387 (81),
772 352 901 388 βαρηθεὶς
915 353 948 388 τῇ

151 398 274 433 ἀμετρίᾳ
297 398 348 435 τῆς
372 399 552 435 επιπλήξεως.
574 400 641 426 Οὐδὲ
656 399 706 431 τὰς
732 400 795 431 νέας
819 399 946 435 γαμίζεις

151 445 185 479 χρή
190 453 252 479 ρας,
270 444 314 471 διὰ
322 445 353 472 τὺ
363 445 414 480 τῆς
424 445 533 481 ἡλικίας
546 446 681 473 εὐάλωτον
692 455 700 479 ;
710 446 816 478 Παῦλος
828 446 856 473 δὲ
869 446 947 473 τοῦτο

152 490 315 526 ἐτόλμησεν,
331 487 363 517 οὗ
377 492 408 518 σὺ
424 491 524 527 δηλαδὴ
543 492 712 525 διδάσκαλος,
727 492 764 524 ὡς
781 492 828 518 ἐπὶ
848 492 947 528 τέταρ-

151 543 197 562 τον
224 537 340 573 οὐρανὸν
367 538 483 573 φθάσας,
506 538 554 565 καὶ
579 539 658 565 ἄλλον
686 538 850 574 παράδεισον
869 560 875 571 ,
900 539 947 566 καὶ

152 581 384 620 ἀπορρητοτέρων
404 585 524 616 ἀκούσας
540 585 670 620 ῥημάτων
683 585 748 620 (82),
764 585 811 612 καὶ
836 584 948 620 μείζονα

152 627 254 655 κύκλον
275 629 313 664 τῷ
330 629 489 665 Εὑαγγελίῳ
505 630 669 665 περιλαϐών.

1001 270 1049 296 per
1077 263 1207 297 triplicem
1232 263 1472 298 interrogationem
1491 268 1517 290 et
1536 264 1730 292 confessionem
1751 266 1788 298 εί,

1002 308 1136 342 triplicem
1153 309 1350 342 abjurationem
1366 309 1482 336 sanavit.
1498 310 1586 342 Quid?
1601 309 1640 337 Ne
1658 313 1789 346 martyrio

1001 354 1109 388 quidem
1124 355 1296 389 perfunctqu
1315 355 1460 382 admittis?
1477 355 1556 389 (Nam
1573 356 1596 383 id
1617 364 1725 391 quoque
1738 362 1790 384 tua;

1002 401 1163 435 arrogantia:
1176 401 1241 431 est).
1257 401 1313 428 Nec
1325 408 1399 432 eum,
1410 401 1455 435 qui
1469 401 1572 428 scelere
1583 408 1643 429 sese
1655 402 1680 428 in
1690 401 1789 429 Corin-

1002 446 1048 473 tho
1062 447 1227 474 devinxit"?
1246 449 1281 474 At
1298 448 1394 476 Paulus
1428 450 1588 476 charitatem
1619 451 1701 477 etiam
1725 457 1788 484 erga

1001 499 1061 519 eum
1078 493 1209 526 ﬁrmavit.
1224 494 1306 529 690
1322 495 1400 521 simul
1422 501 1503 530 atque
1525 504 1584 523 eum
1600 497 1630 524 ad
1651 496 1788 524 meliorem

1000 540 1063 566 vitaz
1090 538 1193 574 frugem
1216 540 1328 567 rediisse
1346 541 1502 574 perspexit;
1522 541 1654 575 istamque
1679 549 1787 568 causam

999 584 1092 611 alTert:
1117 585 1159 611 Ne
1178 584 1364 612 abundantiori
1388 587 1499 613 tristitia
1523 587 1713 618 absorbeatur,
1740 587 1786 621 qui

999 630 1127 665 ejusmodi
1140 635 1177 657 est
1193 631 1228 662 ⁴⁵³,
1245 631 1389 658 immodica
1409 633 1597 667 objurgatione
1619 639 1747 668 gravatus
1760 637 1788 660 et

152 683 311 710 oppressus.
324 677 365 704 An
381 684 414 704 ne
443 677 588 712 juvenibus
612 678 720 713 quidem
740 679 840 711 viduis,
872 684 983 715 propter
1002 679 1090 706 aetatis
1122 677 1272 712 luhricutn,
1300 679 1412 706 ineundi
1433 680 1596 707 matrimonii
1626 685 1786 715 potestatem

153 721 243 748 facis?
256 723 291 749 At
304 722 401 750 Paulus
420 723 471 750 hoc
485 723 576 751 facere
589 724 700 750 minime
715 724 859 758 dubitavit,
884 725 959 759 cujus
978 730 1005 752 te
1041 724 1145 752 scilicet
1167 724 1325 759 magistrum
1351 725 1496 760 proﬁteris,
1518 726 1629 760 perinde
1650 730 1730 760 atque
1749 726 1784 753 ad

153 771 280 801 quartum
307 768 418 801 malum,
446 769 583 803 aliumque
604 770 757 804 paradisqu
778 772 946 805 perveneris,
967 779 999 799 ac
1030 771 1111 799 verba
1142 772 1229 806 magis
1250 778 1348 798 arcana
1370 771 1516 804 audiveris,
1535 772 1719 807 majoremque
1731 772 1786 799 cir-

152 813 243 840 culum
260 814 407 848 Evangelia
424 815 674 849 comprehenderis.

187 859 242 886 18'.
270 860 340 886 Ἀλλ’
357 860 388 886 οὐ
425 860 495 896 μετὰ
538 861 567 888 τὸ
589 861 729 897 βάπτισμα
766 861 852 889 ταῦτα
878 862 943 898 (85).

1034 861 1106 888 XIX.
1125 860 1233 894 Verum,
1260 860 1359 895 inquis,
1390 861 1447 888 hmc
1465 861 1576 888 minime
1599 865 1659 895 post
1698 861 1787 896 bapti-

153 904 232 940 Τίςὴ
249 903 406 938 ἀπόδειξιςς
430 905 446 940 ἦ
472 905 600 941 δεῖξον,ἦ
623 906 659 942 μὴ
686 907 845 942 κατάκρινε.
868 907 899 933 Et
916 908 944 934 δὲ

152 950 314 986 ἀμφίϐολον,
330 951 432 977 νικάτω
450 951 481 978 τὸ
498 952 698 988 φιλάνθρωπον.
717 953 796 979 Ἀλλὰ
809 953 944 986 Ναυάτος,

153 997 246 1032 φησὶν,
261 997 312 1023 οὐκ
328 997 436 1030 ἐδέξατο
454 998 516 1029 τοὺς
532 999 561 1025 ὲν
583 998 622 1034 τῷ
644 998 757 1035 διωγμῷ
775 1001 946 1034 παραπεσόν-

152 1051 212 1074 τας.
230 1042 263 1068 Τί
273 1042 353 1070 τοῦτο
365 1043 436 1079 (84);
451 1043 482 1070 Et
496 1044 546 1079 μὲν
560 1045 591 1070 οὺ
610 1045 805 1080 μεταγνόντας,
822 1045 943 1078 δικαίως·

151 1089 214 1116 οὐδὲ
230 1088 285 1123 ἐγὼ
309 1089 422 1125 δέχομαι
446 1090 517 1122 τοὺς,
536 1090 552 1125 ἦ
572 1090 609 1126 μὴ
631 1091 852 1126 καμπτομένους,
869 1092 885 1127 ἢ
907 1093 944 1127 μὴ

152 1134 247 1167 ἀξίως,
266 1135 333 1170 μηδὲ
350 1135 563 1171 ἀντισηκοῦντας
584 1136 621 1172 τῷ
639 1137 716 1172 κακῷ
727 1137 776 1172 τὴν
791 1137 943 1173 διόρθωσιν·

152 1180 200 1206 καὶ
212 1180 276 1207 ὅταν
293 1180 426 1216 δέξωμαι,
441 1181 489 1216 τὴν
504 1182 695 1217 προσήκουσαν
712 1182 802 1214 αὐτοῖς
817 1183 945 1219 ἀπονέμω

152 1225 255 1261 χώραν.
266 1227 297 1253 Εἰ
306 1227 335 1253 δὲ
348 1228 411 1259 τοὺς
422 1227 589 1260 ἐκτακέντας
601 1230 657 1260 τοῖς
669 1229 808 1264 δάκρυσιν,
817 1230 847 1256 οὺ
864 1231 945 1266 μιμή-

153 1281 246 1308 σομαι.
256 1273 312 1299 Καὶ
327 1273 370 1305 τίς
378 1282 424 1308 μοι
440 1274 522 1310 νόμος
536 1275 552 1308 ἡ
565 1274 690 1301 Ναυάτου
705 1275 906 1310 μισανθρωπία,
916 1276 945 1308 ὃς

151 1319 311 1352 πλεονεξίαν
327 1320 377 1354 μὲν
404 1320 454 1346 οὐκ
482 1320 612 1353 ἐκόλασε,
637 1321 686 1356 τὴν
712 1321 840 1356 δευτέραν
869 1321 945 1348 εἰδω-

151 1364 310 1401 λολατρείαν
328 1375 335 1380 ·
355 1366 484 1402 πορνείαν
501 1366 529 1392 δὲ
547 1366 617 1393 οὓτω
633 1368 738 1402 πικρῶς
757 1367 942 1400 κατεδίκασεν,

152 1411 190 1443 ὡς
208 1411 328 1448 ἄσαρκος
337 1412 383 1439 καὶ
393 1412 537 1447 ἀσώματος
549 1422 556 1445 ;
576 1413 608 1439 Τί
623 1422 692 1447 φατε
705 1422 711 1446 ;
724 1413 858 1449 Πείοομεν
871 1415 943 1449 ὑμᾶς

152 1458 208 1488 τοῖς
225 1457 315 1491 λόγοις
329 1457 452 1490 τούτοις;
470 1457 565 1493 Δεῦρο,
593 1458 673 1492 στῆτε
700 1459 760 1494 μεθ’
785 1458 864 1494 ἡμῶν
889 1459 943 1486 τῶν

151 1501 313 1536 ἀνθρώπων.
329 1502 530 1538 Μεγαλύνωμεν
542 1503 600 1538 ἃμα
614 1503 659 1529 τὸν
689 1503 802 1539 Κύριον.
829 1505 873 1540 Μή
899 1513 942 1536 τις

1000 915 1100 934 smum.
1122 907 1181 940 Quo
1192 912 1350 942 argumento
1376 907 1401 934 id
1420 907 1587 934 conﬁrmas?
1602 907 1655 934 Aut
1669 914 1723 934 rem
1749 907 1786 934 ita

997 959 1027 979 se
1040 952 1140 979 trahere
1158 952 1261 986 proba:
1277 956 1334 983 aut,
1347 951 1368 978 si
1388 951 1413 979 id
1434 953 1540 987 nequis,
1557 959 1590 979 ne
1608 953 1782 980 condemnes.

997 995 1072 1029 Quod
1086 996 1107 1022 si
1123 1003 1165 1023 res
1177 996 1258 1022 dubia
1274 997 1425 1029 est,vincat
1443 996 1596 1024 humanitas
1607 1000 1634 1023 et
1652 995 1781 1024 facilitas.

996 1041 1032 1068 At
1047 1041 1176 1072 Novatus.
1201 1042 1306 1076 inquis,
1327 1042 1525 1076 persecutionis
1549 1047 1670 1076 tempore
1694 1042 1784 1077 lapsos

996 1095 1050 1115 non
1068 1087 1178 1123 recepit.
1197 1087 1266 1121 Quid
1288 1088 1360 1114 hoc?
1383 1088 1411 1115 Si
1430 1088 1538 1123 quidem
1561 1089 1597 1116 illi
1624 1089 1783 1123 pteuitentia

996 1134 1108 1161 minime
1131 1135 1307 1166 ducebantur,
1334 1135 1513 1169 optimojure
1528 1142 1574 1162 eos
1600 1135 1696 1169 repulit
1709 1135 1784 1170 (nam

995 1187 1029 1206 ne
1045 1179 1101 1214 ipse
1126 1180 1234 1214 quidem
1259 1187 1306 1207 eos
1331 1179 1444 1214 recipio,
1469 1180 1514 1215 qui
1542 1180 1583 1207 vel
1600 1181 1671 1207 nullo
1687 1181 1778 1213 modo,

995 1224 1038 1251 vcl
1060 1232 1114 1251 non
1140 1225 1207 1251 satis
1233 1225 1440 1260 deprimuntur,
1471 1233 1522 1252 nec
1548 1231 1654 1260 patrato
1674 1226 1782 1253 crimini

995 1279 1086 1306 parem
1109 1271 1171 1298 vita:
1184 1272 1402 1299 emendationem
1419 1271 1556 1305 aﬂ'erttut;
1576 1280 1693 1306 cumque
1711 1273 1781 1299 reci-

994 1317 1049 1351 pio,
1065 1318 1269 1344 convenientem
1288 1318 1353 1352 ipsis
1376 1318 1463 1345 locum
1480 1318 1618 1354 assiguo);
1637 1320 1677 1346 sin
1694 1324 1783 1346 autent

995 1363 1125 1398 lacrymis
1147 1364 1296 1397 confectos,
1316 1365 1522 1400 haudquaquam
1549 1366 1620 1394 istud
1641 1366 1780 1394 imitabor.

994 1409 1062 1441 Quid
1081 1415 1170 1437 autem
1188 1409 1285 1437 Novati
1304 1411 1491 1438 crudelitatem
1513 1419 1560 1446 pro
1579 1410 1638 1445 lege
1651 1412 1776 1445 habeam,

994 1455 1038 1489 qui
1061 1456 1202 1483 avaritiam
1224 1455 1473 1490 quidem,alterum
1485 1457 1589 1483 scilicet
1615 1457 1776 1485 idololatria:

994 1507 1078 1536 genus
1094 1500 1129 1532 “,
1143 1500 1216 1527 nulla
1231 1507 1311 1535 pcena
1323 1500 1490 1533 vindicavit;
1509 1506 1631 1536 stuprum
1646 1506 1735 1529 autem
1746 1503 1782 1529 ita

151 1547 229 1582 ὑμῶν
240 1548 328 1575 εἰπεῖν
343 1548 478 1585 τολμήσῃ,
491 1549 557 1584 μηδὲ
571 1548 660 1575 εἰλίαν
677 1548 766 1584 ἑαυτῷ
778 1549 940 1586 τεοάρῤηκε·

996 1553 1067 1573 saeve
1087 1547 1236 1582 acerbeque
1262 1547 1463 1579 condemnavit,
1480 1548 1556 1582 quasi
1579 1548 1635 1582 ipse
1651 1548 1740 1575 carnis
1756 1553 1784 1575 et

151 1594 263 1626 Μὴμου
269 1592 508 1628 ᾶπτου,καθαρὸς
516 1593 571 1628 γάρ
577 1595 646 1628 εἰμι,
656 1594 702 1621 καὶ
708 1594 748 1625 τίς
756 1594 841 1626 οὕτως
848 1594 942 1630 ὥσπερ

152 1637 226 1671 ὲγώ;
247 1639 377 1674 μετάδοτε
393 1640 439 1666 καὶ
452 1640 517 1675 ἡμῖν
531 1639 581 1674 τῆς
597 1639 798 1675 λαμπρότητος.
819 1639 887 1666 Ἀλλ’
912 1641 942 1667 οὐ

151 1683 299 1718 πείθομεν;
327 1685 375 1711 καὶ
401 1685 472 1721 ὑπὲρ
494 1685 571 1720 ὑμῶν
589 1685 643 1720 (85)
664 1685 846 1721 δακρύσομεν.
862 1682 942 1712 Οὗτοι

154 1729 203 1764 μὲν
225 1728 282 1762 οὖν,
297 1731 321 1757 εἰ
352 1731 401 1766 μὲν
428 1731 564 1766 βούλοιντο
582 1730 649 1766 (86),
666 1731 715 1766 τὴν
732 1731 869 1767 ἡμετέραν
884 1731 942 1758 ὁδὸν

153 1775 199 1800 καὶ
212 1775 342 1811 Χριστοῦ,
370 1777 394 1802 εὶ
422 1776 450 1803 δὲ
475 1776 522 1812 μὴ,
536 1776 586 1812 τὴν
602 1775 706 1803 ἑαυτῶν
723 1776 942 1812 πορευέσθωσαν.

152 1820 239 1856 Τυχὺν
252 1822 310 1848 ἐκεῖ
332 1822 371 1857 τῷ
394 1823 462 1858 πυρὶ
489 1822 730 1858 βαπτισθήσονται,
745 1821 783 1858 τῷ
795 1822 942 1858 τελευταίῳ

152 1866 330 1903 βαπτίσματι,
347 1869 386 1904 τῷ
413 1869 606 1905 ἐπιπονωτέρῳ
623 1877 653 1895 τε
683 1868 737 1904 (87)
765 1869 813 1895 καὶ
838 1877 942 1905 μακρο-

151 1913 233 1949 τέρῳ,
245 1913 259 1939 ὂ
272 1915 356 1941 ἐσθίει
372 1915 410 1947 ὡς
424 1915 519 1951 χόρτον
535 1915 586 1951 τὴν
609 1914 674 1950 ὓλην
687 1914 754 1950 (88),
773 1915 821 1941 καὶ
835 1915 943 1951 δαπανᾷ

151 1959 243 1995 πάσης
258 1961 357 1993 κακίας
375 1961 540 1998 κουφότητα.

997 1593 1119 1628 corporis
1141 1600 1238 1627 expers
1261 1593 1351 1620 esset?
1365 1593 1434 1626 Quid
1462 1593 1574 1621 dicitis?
1596 1593 1637 1620 An
1663 1602 1711 1622 vos
1739 1594 1783 1621 his

997 1639 1085 1666 verbis
1104 1639 1317 1674 permovetnus?
1332 1639 1465 1674 Agedum,
1479 1647 1496 1666 a
1518 1639 1606 1672 nobis,
1621 1640 1671 1667 hoc
1682 1645 1733 1671 est,
1750 1640 1784 1667 ab

995 1684 1134 1711 hominum
1152 1684 1283 1720 partibus,
1299 1690 1379 1712 state.
1400 1685 1542 1712 Dominum
1563 1693 1614 1712 una
1629 1685 1784 1720 magniﬁce—

996 1738 1064 1758 mus.
1083 1729 1121 1758 Ne
1133 1731 1195 1765 quis
1207 1736 1338 1764 vestrum,
1352 1731 1501 1766 quamlibet
1511 1731 1610 1758 virtute
1623 1739 1670 1759 sua
1687 1731 1782 1764 fretus,

995 1783 1027 1804 eo
1046 1777 1165 1804 audaciae
1187 1782 1360 1812 prorumpat,
1383 1783 1411 1804 ut
1435 1778 1522 1805 dicat:
1537 1776 1600 1804 Noli
1614 1782 1779 1811 matangere.

993 1830 1076 1858 purus
1091 1823 1160 1850 enim
1173 1832 1232 1850 sum
1249 1823 1282 1857 ⁸⁵,
1295 1828 1323 1851 et
1334 1824 1394 1858 quis
1415 1823 1480 1850 mihi
1500 1823 1567 1858 par?
1585 1822 1676 1850 Facite
1689 1829 1718 1850 ut
1732 1831 1781 1850 ncs

993 1877 1100 1903 quoque
1122 1869 1150 1896 in
1172 1869 1323 1904 splendoris
1342 1869 1424 1897 vestri
1448 1873 1552 1904 partem
1579 1868 1729 1896 veniamus.
1747 1869 1782 1895 At

995 1921 1047 1941 non
1077 1914 1396 1951 ﬂectimus?Lacrymas
1437 1923 1485 1950 pro
1515 1915 1591 1943 vobis
1623 1914 1778 1942 fundentus.

994 1962 1082 1995 Atque
1104 1961 1131 1988 hi
1152 1962 1260 1996 quidem
1288 1966 1379 1989 nostra
1395 1982 1402 1994 ,
1422 1961 1445 1988 si
1473 1961 1575 1994 velint,
1598 1965 1678 1995 atque
1711 1962 1781 1988 adeo

151 2004 263 2039 Christi,
277 2007 330 2040 via,
343 2007 384 2034 sin
402 2007 502 2040 minus,
520 2013 568 2034 sua
603 2005 744 2034 insistant.
775 2005 804 2033 ln
817 2006 902 2034 altero
916 2014 974 2034 aevo
993 2006 1048 2041 igni
1074 2007 1195 2040 fortasse
1230 2006 1458 2042 baptizahuntur;
1483 2007 1529 2041 qui
1564 2013 1717 2042 postremus
1740 2013 1782 2035 est

151 2052 314 2087 baptismus,
338 2059 388 2079 nec
411 2051 498 2079 solum
529 2051 653 2079 acerbior
667 2051 713 2079 sed
746 2055 772 2079 et
810 2051 971 2085 diuturnior,
992 2053 1038 2087 qui
1058 2060 1177 2080 crassam
1203 2053 1345 2080 materiam
1372 2053 1458 2079 instar
1483 2052 1538 2080 feni
1560 2053 1723 2088 depascitur,
1750 2061 1781 2082 ac

150 2099 240 2126 omnis
255 2098 311 2125 vitii
329 2097 464 2125 levitatem
481 2096 608 2125 absumit.

185 2146 228 2171 ΙΨ.
249 2144 345 2178 Ἡμεῖς
371 2141 399 2168 δὲ
424 2142 584 2177 τιμήσωμεν
600 2141 631 2169 τὸ
652 2141 772 2178 Χριστοῦ
799 2141 940 2177 βάπτισμα

1027 2140 1087 2167 XX.
1102 2139 1157 2167 Nos
1169 2143 1259 2167 autem
1273 2139 1351 2167 hodie
1366 2139 1465 2167 Christi
1494 2139 1654 2175 baptismum
1676 2141 1781 2170 honore

151 2190 282 2225 σήμερον,
299 2188 346 2214 καὶ
360 2187 450 2218 καλῶς
473 2188 658 2223 ὲορτὰσωμεν,
688 2188 726 2224 μὴ
751 2187 850 2223 γαστρὶ
873 2195 938 2221 τρυ-

151 2236 267 2270 φῶντες,
283 2233 351 2261 ἀλλὰ
377 2233 570 2268 πνευματικῶς
586 2233 802 2269 εὐφραινόμενοι.
829 2233 940 2268 Τρυφή-

151 2289 242 2315 σωμεν
254 2278 310 2315 (89)
325 2278 354 2304 δὲ
377 2277 452 2311 πῶς;
468 2278 638 2310 Λούσιισθε,
663 2278 786 2313 καθαροὶ
807 2278 937 2312 γίνεσθε.

150 2326 182 2352 Et
197 2325 246 2360 μὲν
261 2324 406 2358 φοινικικοὶ
419 2323 467 2359 τὴν
489 2324 627 2360 ἁμαρτίαν
642 2323 715 2356 ἐστὲ,
731 2325 779 2351 καὶ
799 2322 880 2359 ἧττον
895 2325 938 2351 αἱ-

152 2370 298 2406 ματώδεις,
318 2369 483 2404 λευκάνθητε
504 2369 542 2400 ὡς
563 2369 646 2403 χιών
663 2370 687 2396 εί
710 2369 739 2396 δὲ
757 2370 878 2397 κόκκινοι
893 2370 939 2396 καὶ

150 2416 244 2451 ἄνδρες
260 2415 384 2451 αἱμάτων
411 2415 518 2447 τέλειοι,
549 2416 600 2442 κᾶν
624 2416 664 2447 είς
688 2416 761 2451 ἐρίου
789 2416 937 2451 λευκότητα

150 2461 283 2496 eodm-.5.
301 2461 412 2492 Πάντως
428 2460 456 2487 δὲ
473 2461 628 2497 καθάρθητε
644 2462 691 2488 καὶ
703 2461 876 2496 καθαίρεσθε.
895 2461 938 2493 Ὠς

185 2539 207 2554 ⁸ο
221 2538 317 2566 Matth.
341 2547 415 2569 xxvl,
440 2538 484 2565 70.
534 2537 647 2566 “Joau.
660 2547 718 2571 xxi,
736 2539 779 2566 15.

150 2573 172 2589 ⁵⁵
186 2574 238 2602 lsa.
253 2581 315 2606 va,
325 2574 351 2600 5.
390 2573 413 2589 "
426 2573 479 2600 lsa.
496 2582 514 2605 ι,
533 2574 575 2600 l6.
616 2574 637 2589 ⁸⁷
654 2575 733 2607 ibtd.,
747 2575 790 2601 18.

185 2641 242 2678 (78)
261 2640 530 2678 Παρανομήσαντα.
547 2641 595 2669 Or.
611 2642 638 2674 1,
651 2642 864 2678 πεπορνευκότα.

184 2677 241 2713 (80)
260 2678 358 2711 Λύπῃ.
377 2677 469 2704 Plures
486 2677 570 2712 chg.
586 2682 613 2704 et
625 2678 701 2705 Colb.
725 2677 837 2711 addunt,
850 2678 937 2714 βαρη-

147 2712 241 2784 θείἓς)
267 2747 300 2784 βο
314 2746 457 2784 τοιοῦτος.
474 2747 552 2784 Deest
571 2748 598 2784 in
614 2747 696 2784 [ιε-δε.
714 2748 768 2780 bm,
782 2748 828 2782 ph.

184 2782 240 2815 (‘82)
257 2782 414 2823 ,Ἀκούσας
421 2782 571 2817 ῥημάτων.
587 2783 632 2811 Sic
647 2782 713 2815 Reg.
726 2784 773 2817 ph.
791 2783 869 2810 Deest
885 2785 934 2819 ρη-

172 2819 244 2845 άτων
257 2817 284 2844 in
299 2817 344 2843 ed.
885 2817 890 2819 ’

184 2853 240 2889 (85)
265 2851 371 2889 Ταῦτα.
388 2851 452 2889 Reg.
466 2859 483 2879 c
495 2858 521 2880 et
535 2852 610 2889 0r._l
626 2853 827 2889 θόάυημνφησί
845 2862 896 2885 τις.

184 2886 240 2924 (84)
264 2887 294 2913 Τί
311 2886 409 2914 τοῦτο.
428 2886 494 2922 lieg.
511 2896 525 2915 c
541 2893 567 2916 et
580 2887 687 2922 Comb.,
703 2888 757 2916 Καὶ
767 2886 796 2915 τί
809 2889 896 2915 τοῦτο.

843 2540 865 2554 ¹¹
880 2539 888 2566 1
915 2540 978 2567 Cor.

993 2187 1215 2222 complectamur,
1237 2194 1268 2214 ac
1282 2187 1380 2214 festum
1401 2187 1512 2214 honeste
1532 2187 1710 2221 celebremus,
1726 2198 1778 2216 non

993 2234 1096 2262 ventris
1121 2234 1225 2261 deliciis
1252 2240 1362 2268 operam
1398 2234 1502 2266 dantes,
1524 2234 1571 2261 sed
1603 2235 1779 2268 spiritualitcr

994 2281 1117 2315 nosipsos
1138 2280 1316 2307 oblectantes.
1330 2279 1451 2312 Quonam
1472 2287 1561 2306 autent
1583 2280 1662 2307 modo
1675 2280 1778 2308 deliciis

993 2326 1212 2361 indulgebimus?
1232 2325 1382 2358 Lavamini,
1406 2326 1498 2353 mundi
1515 2326 1630 2353 estote“.
1651 2326 1678 2353 Si
1696 2327 1776 2362 691

993 2376 1103 2405 peccato
1117 2371 1190 2398 rubri
1204 2372 1280 2403 estis,
1295 2371 1436 2406 minusque
1447 2372 1604 2406 sanguinei,
1629 2373 1707 2407 quasi
1732 2374 1777 2399 nis

993 2417 1156 2444 dealbemini
1177 2417 1217 2444 "z
1234 2417 1256 2444 si
1279 2422 1368 2444 amem
1396 2417 1514 2445 coccinei
1538 2425 1570 2444 ac
1597 2418 1708 2453 perfecti
1727 2420 1776 2446 viri

992 2462 1167 2497 sanguinum,
1177 2463 1260 2490 etiam
1280 2470 1366 2497 usque
1384 2463 1417 2490 ad
1435 2463 1503 2490 lana:
1522 2464 1667 2491 candorem
1682 2473 1775 2500 perve-

1008 2549 1032 2574 v,
1050 2542 1062 2568 1
1087 2546 1114 2569 et
1134 2549 1193 2577 sqq.
1249 2541 1304 2568 "lt
1339 2540 1401 2569 Cor.
1417 2549 1448 2568 ιι.
1463 2541 1489 2568 7.
1545 2541 1567 2557 ⁸⁸
1592 2542 1690 2578 Ephcs.
1705 2552 1732 2576 v,
1748 2544 1776 2572 5.

1026 2642 1083 2680 (85)
1108 2642 1210 2680 Ύμῶν.
1231 2641 1326 2680 Plures
1343 2642 1430 2675 Colb.,
1453 2642 1541 2678 ἡμῶν.
1557 2642 1629 2676 Mox,
1643 2644 1776 2680 δακρύσα-

991 2686 1050 2713 μεν.
1061 2677 1122 2713 Ῠυυο
1137 2679 1230 2712 Regg.,
1241 2677 1431 2713 δακρύσωμεν.

1026 2712 1082 2748 (86)
1104 2711 1280 2739 Βούλοιντο.
1296 2711 1362 2747 Reg.
1373 2711 1430 2748 but,
1450 2711 1598 2748 βούλονται,

1024 2746 1096 2785 (87)*
1105 2748 1323 2785 Ἐπιποιςωτέρῳ
1339 2746 1380 2775 τε.
1394 2746 1439 2775 Sic
1450 2746 1569 2781 quatuor
1587 2747 1671 2785 Begg.
1684 2753 1711 2776 et
1724 2750 1777 2778 duo

989 2784 1063 2810 Colb.
1081 2782 1161 2809 Deest
1170 2791 1199 2808 τε
1217 2783 1243 2809 in
1260 2790 1302 2809 ert.

1026 2817 1081 2852 (88)
1101 2818 1214 2851 Χόρτον
1232 2817 1289 2852 τὴν
1301 2818 1389 2851 ὓλην.
1406 2817 1491 2847 Nicet.
1513 2829 1523 2845 ι
1543 2823 1665 2847 terrenos
1677 2825 1701 2847 et
1715 2827 1777 2847 car-

990 2853 1063 2880 nales
1081 2853 1194 2879 allectus
1211 2863 1221 2878 ›
1245 2853 1376 2886 intelligit.

1025 2887 1080 2924 (89)
1103 2889 1313 2922 Τρυρτῑσωμεν.
1331 2887 1397 2917 Tres
1415 2888 1510 2926 Regg.,
1524 2890 1709 2925 τρυφήσομεν.
