2029 3127
156 149 207 180 561

617 147 744 176 ORATIO
763 148 820 176 XL.
840 163 873 168 —
892 148 927 176 IN
948 148 1112 177 SANCTUM
1131 149 1316 178 BAPTISMA.

1735 155 1788 183 382

158 209 263 243 ἀγουσα
289 206 346 242 (2)·
375 206 392 241 ὴ
415 205 443 232 δὲ
470 204 646 240 φοϐερωτέρα
675 206 722 232 καὶ
744 205 948 241 συντομωτέρα,

1006 214 1093 239 omne,
1112 207 1183 241 quod
1210 215 1224 233 ιι
1249 207 1388 234 nativitate
1406 214 1576 236 contractum
1597 215 1649 242 est,
1666 210 1789 240 velamen

158 255 212 281 πεῖν
226 253 257 280 τὸ
270 253 384 287 πλάσμα
398 252 436 286 (5)
455 250 608 284 συνάγουσα
629 252 657 277 ἐν
681 251 777 286 βραχεῖ
841 251 948 287 πλάστῃ

157 300 411 337 παραστησόμενον,
425 298 473 324 καὶ
488 297 565 331 λόγον
580 297 677 331 ὑφέξον
696 298 746 332 τῆς
763 297 878 323 ἐνταῦθα
887 297 948 323 δου-

158 347 244 378 λείας,
266 346 314 372 καὶ
330 344 477 375 πολιτείας,
499 344 552 369 εἴτε
577 345 610 379 τῇ
641 344 723 379 σαρκὶ
745 343 824 378 μόνον
845 344 948 378 ἐπηκο-

157 391 299 426 λούθησεν,
320 390 375 416 εἴτε
394 389 434 424 τῷ
446 388 584 423 Πνεύματι
599 388 747 423 συνανῆλθε
763 388 812 423 (τι),
834 388 881 414 καὶ
897 388 948 423 τὴν

158 437 239 473 χάριν
257 435 357 471 ᾐδέσθη
369 435 419 470 τῆς
435 434 623 466 ἀναπλάσεως.
642 434 749 466 Ταύτας
771 434 803 470 δὴ
818 434 868 466 τὰς
892 443 950 468 γεν-

158 483 252 518 νήσεις
262 481 370 512 ἁπάσας
384 481 449 516 παρ’
465 480 560 507 ἑαυτοῦ
575 481 694 516 τιμήσας
711 481 725 506 ὁ
742 480 808 516 ἐμὸς
831 481 949 516 Χριστὸς

159 528 302 563 φαίνεται·
332 527 382 563 τὴν
398 527 458 562 μὲν,
483 527 523 561 τῷ
540 527 718 562 ὲμφυσὴματι
734 526 773 560 (5)
791 526 829 562 τῷ
845 525 948 562 πρώτῳ

160 575 207 601 καὶ
227 572 336 608 ζωτικῷ
348 582 354 588 ’
372 573 422 608 τὴν
437 573 476 604 δὲ,
509 573 541 608 τῇ
567 573 715 608 σαρκώσει,
732 573 779 599 καὶ
799 573 838 608 τῷ
856 572 952 607 βαπτί-

161 629 257 656 σματι,
274 620 343 655 ὅπερ
359 619 440 650 αὐτὸς
455 618 639 645 ὲὸαπτίσατο²
653 618 703 654 τὴν
727 619 767 650 δὲ,
784 620 815 654 τῇ
833 618 952 645 ἀναστά-

161 674 213 699 σει,
227 662 262 700 ἧς
285 665 366 696 αὐτὸς
383 664 525 699 ἀπήρξιτο
537 673 544 679 ν
562 665 600 696 ὡς
615 665 723 698 ἐγένετο
739 665 909 701 πρωτότοκος
924 666 953 691 ὲν

160 711 268 742 πολλοῖς
291 710 427 744 ἀδελφοῖς,
452 710 524 737 οὕτω
541 711 587 736 καὶ
603 712 776 746 πρωτότοκος
795 713 828 737 ὲκ
849 711 953 749 νεκρῶν

160 757 287 791 γενέσθαι
308 755 491 789 καταξιώσας.

1003 257 1156 286 amputans,
1179 258 1206 279 et
1230 254 1263 279 ad
1285 260 1430 286 supernam
1458 256 1538 281 vitam
1566 263 1614 282 nos
1639 263 1786 284 revocans:

1002 303 1177 330 postremum,
1201 297 1397 324 formidabilius
1416 306 1448 325 ac
1467 299 1588 332 brevius,
1605 307 1684 327 omne
1703 302 1790 329 homi-

1002 351 1064 369 1111111
1088 350 1172 377 genus
1201 344 1329 377 temporis
1357 348 1494 372 momento
1518 345 1544 372 111
1570 354 1650 372 111111111
1676 354 1786 381 cogens,

1002 393 1031 414 ut
1053 388 1174 415 Creatori
1203 388 1352 421 sistattlur,
1381 397 1490 424 sumque
1517 392 1665 424 servitutis,
1680 397 1707 418 et
1729 393 1790 418 vita:

1002 438 1069 460 actae
1091 434 1222 461 rationem
1246 434 1370 466 reddant,
1385 435 1442 462 sive
1462 442 1569 462 carnem
1589 435 1674 462 solum
1690 441 1791 463 secuta:

1002 479 1112 512 fuerint,
1127 479 1184 506 sive
1196 487 1255 506 sese
1277 488 1328 507 una
1342 487 1403 507 cum
1422 481 1523 515 Spiritu
1551 482 1575 508 in
1591 482 1674 508 alttttu
1689 490 1790 509 evexe—

1003 525 1066 559 rint,
1089 531 1169 561 atque
1196 526 1399 553 instauratiouis
1424 527 1538 561 gratiam
1564 527 1706 555 coluerint.
1736 527 1791 554 llas

1003 577 1084 606 porro
1112 576 1223 599 cunctas
1251 572 1405 599 nativitates
1434 573 1536 599 honore
1561 581 1575 599 a
1597 573 1705 600 Christo
1732 581 1791 599 meo

1007 617 1117 645 affectas
1144 618 1226 644 luisse
1254 623 1378 650 constat;
1404 618 1517 652 pritnant
1536 619 1655 652 quidem,
1671 626 1718 652 per
1738 619 1792 652 pri-

1008 671 1078 690 matu
1098 662 1168 690 illatn
1189 667 1215 690 ct
1238 663 1345 690 vitalem
1364 663 1626 696 insulﬂatiouettt";
1642 665 1790 691 secundam

1005 699 1092 741 vero,
1119 717 1165 743 per
1194 709 1438 736 incarnationem7o
1463 715 1490 736 et
1515 710 1721 744 baptismum“,
1738 718 1793 744 quo

1008 754 1065 788 ipse
1081 755 1232 788 baptizatus
1250 761 1309 788 est;
1326 755 1431 782 tertiam
1451 756 1575 789 denique,
1593 764 1641 790 per
1672 764 1793 782 resurre-

160 803 322 834 ctionem",
344 809 423 836 quam
438 802 496 837 ipse
516 803 672 837 auspicatus
685 807 747 835 est;
766 803 892 830 nimirum
922 802 992 830 sicut
1009 801 1204 836 primogenitus
1227 802 1254 828 itt
1273 801 1364 829 tnultis
1374 801 1503 830 fratribus
1515 803 1538 818 ⁷³
1551 803 1664 836 exstitit,
1685 803 1720 829 ita
1735 803 1791 836 pri-

162 848 314 882 mogenitus
335 855 441 882 quoque
456 855 490 874 ex
504 848 617 875 mortuis
634 847 657 863 ⁷³
676 848 733 874 lieri
749 856 800 876 tton
820 849 989 884 dedignatus.

201 894 238 920 1".
249 894 317 929 Περὶ
332 893 382 928 μὲν
396 893 428 929 δὴ
442 893 496 920 τῶν
506 893 551 920 δύο
566 895 730 929 γεννήσεων,
741 895 790 930 τῆς
806 894 917 930 πρώτης
925 895 954 921 τέ
970 899 990 926 Β

163 948 245 975 φημι,
255 940 302 966 καὶ
308 940 401 974 τῆς(6)
409 939 577 972 τελευταίας,
585 940 748 974 φιλοσοφεῖν,
760 941 790 967 οὐ
799 941 845 967 τοῦ
856 941 952 976 παρόν-

162 995 209 1018 τος
221 985 328 1023 καιροῦ·
338 987 402 1022 περὶ
415 986 443 1012 δὲ
450 986 501 1021 τῆς
513 985 609 1021 μέσης,
618 986 725 1021 καὶτῆς
738 986 785 1013 νῦν
798 988 864 1022 ἡμῖν
873 988 952 1020 ἀναγ-

163 1032 256 1064 καίας.
263 1030 297 1068 ἧς
308 1031 474 1067 ὲπώνυμοςή
483 1031 537 1058 τῶν
548 1031 644 1066 φώτων
653 1033 756 1067 ἡμέρα,
766 1032 953 1067 φιλοσοφήσω-

165 1077 282 1113 μεν(“1)·
301 1077 338 1104 Τὸ
352 1076 491 1112 φώτισμα,
511 1077 672 1113 λαμπρότης
689 1078 749 1103 ἐστὶ
772 1076 876 1112 ψυχῶν,
895 1076 953 1111 βίου

165 1123 321 1158 μετάθεσις,
333 1123 500 1159 ἐπερώτημα
513 1124 550 1159 (8)
562 1124 611 1159 τῆς
626 1125 665 1155 είς
680 1123 746 1150 Θεὸν
763 1123 953 1158 συνειδήσεως

164 1169 194 1195 τὸ
213 1167 352 1204 φώτισμα,
369 1168 478 1203 βοήθεια
496 1169 545 1203 τῆς
558 1167 699 1199 ἀσθενείας
721 1168 771 1202 τῆς
789 1167 927 1203 ἡμετέρας
944 1174 953 1183 ·

163 1214 195 1240 τὸ
208 1213 348 1249 φώτισμα,
363 1214 464 1249 σαρκὸς
474 1213 614 1246 ἀπόθεσις,
633 1214 789 1248 Πνεύματος
805 1212 954 1248 ἀκολούθη-

166 1269 219 1292 σις,
234 1260 321 1294 Λόγου
339 1260 478 1291 κοινωνία,
496 1259 654 1295 πλάσματος
679 1259 877 1295 ἐπανόρθωσις,
904 1267 954 1286 κα-

165 1305 320 1341 τακλυσμὸς
334 1306 480 1341 ἁμαρτίας,
498 1307 586 1341 φωτὸς
603 1306 743 1341 μετουσία,
773 1306 885 1337 σκότους
902 1314 954 1332 κα-

164 1350 276 1383 τάλυσις
287 1359 295 1366 ’
311 1351 343 1378 τὺ
357 1351 496 1386 φώτισμα,
524 1351 616 1387 ὅχημα
632 1351 700 1386 πρὸς
722 1351 799 1383 Θεὸν,
826 1351 956 1386 συνεκδη-

167 1397 218 1433 μία
241 1397 359 1433 Χριστοῦ
386 1397 434 1432 (9),
456 1397 572 1433 ἔρεισμα
595 1396 724 1429 πίστεως,
743 1397 789 1423 νοῦ
804 1396 957 1429 τελείωσις,-

165 1443 241 1474 κλεὶς
262 1442 384 1478 οὐρανῶν
405 1442 553 1478 βασιλείας,
584 1442 658 1477 ζωῆς
683 1441 805 1478 ἂμειψις,
835 1441 956 1474 δουλείας

165 1488 316 1523 ἀναίρεσις,
344 1487 450 1523 δεσμῶν
477 1487 596 1519 ἔκλυσις,
624 1487 776 1519 συνθέσεως
810 1487 957 1522 μεταποίη-

167 1542 210 1566 σις
226 1534 282 1569 (10)
296 1542 304 1549 ·
315 1533 346 1560 τὸ
363 1533 491 1568 φώτισμα
513 1533 557 1568 (τί
580 1533 621 1560 δεῖ
642 1533 728 1560 πλείω
743 1533 954 1569 καταριθμεῖν),

165 1578 220 1607 τῶν
234 1579 281 1606 τοῦ
296 1579 364 1606 Θεοῦ
374 1579 474 1614 δώρων
492 1579 547 1614 (11)
569 1579 600 1606 τὸ
616 1579 759 1606 κάλλιπον
777 1579 825 1605 καὶ
840 1577 955 1614 μεγαλο-

166 1625 365 1662 πρεπέστατον.
384 1626 488 1662 Ὠσπερ
505 1625 560 1662 γὰρ
576 1625 632 1660 (1‘2)
649 1625 732 1659 ’Ἅγια
753 1626 838 1659 ἁγίων
865 1624 956 1652 καλεῖ-

165 1671 210 1698 ταί
223 1680 294 1704 τινα,
315 1672 363 1699 καὶ
375 1672 504 1708 ᾋσματα
529 1672 584 1706 (l5)
608 1671 738 1707 ᾀσμάτων
761 1671 770 1706 (
782 1672 957 1707 ὲμπεριεκτι-

167 1716 349 1752 κώτερα-γάρ
364 1717 421 1742 ἐστι
446 1717 493 1743 καὶ
514 1715 698 1752 κυριώτερα)·
726 1715 797 1743 οὕτω
822 1716 868 1742 καὶ
893 1716 957 1743 αὐτὸ

168 1762 364 1794 παντὸςᾶλλου
392 1762 447 1789 τῶν
465 1763 528 1798 παρ’
550 1763 618 1798 ἡμῖν
641 1762 790 1798 φωτισμῶν
815 1762 844 1788 ὃν
870 1762 956 1797 ἁγιώ-

167 1817 246 1844 τερον
250 1829 257 1836 .

202 1898 239 1925 Δ”.
257 1897 389 1925 Καλείται
408 1906 446 1929 νε,
467 1897 562 1932 ὥσπερ
582 1897 698 1931 Χριστὸς
719 1897 733 1923 ὁ
753 1896 847 1923 τούτου
863 1896 957 1932 δοτὴρ1

167 1945 278 1976 πολλοῖς
292 1944 340 1975 καὶ
357 1944 495 1980 διαφόροις
511 1943 648 1978 ὀνόμασιν,
665 1942 736 1969 οὕτω
751 1943 780 1970 δὲ
797 1943 844 1969 καὶ
861 1943 891 1969 τὸ
906 1943 959 1969 δώ-

170 1999 262 2027 ρημα·
285 1990 340 2017 εἴτε
356 1990 400 2017 διὰ
419 1990 448 2016 τδ
465 1989 613 2025 περιχαρὲς
632 1989 680 2015 τοῦ
701 1989 862 2024 πράγματος
881 1988 960 2015 τοῦτο

169 2037 310 2064 παθόντων
322 2035 402 2072 ἡμῶν
419 2036 536 2070 (φιλοῦσι
551 2035 605 2071 γὰρ
620 2037 644 2062 οί
662 2035 762 2069 σφόδρα
778 2034 842 2069 περὶ
853 2043 879 2060 τι
890 2034 960 2069 ἐρω-

167 2083 252 2115 τικῶς
265 2083 440 2118 διακείμενοι,
452 2081 536 2117 ἡδέως
548 2083 666 2108 συνεῖναι
681 2081 727 2107 καὶ
742 2081 798 2112 τοῖς
809 2079 959 2118 ὀνόμασιν),

168 2130 223 2157 εἴτε
240 2129 288 2156 τοῦ
305 2129 461 2160 πολυειδῶς
475 2128 523 2163 τῆς
546 2127 706 2163 εὐεργεσίας
731 2126 830 2158 πολλὰς
849 2126 896 2152 καὶ
912 2125 961 2156 τὰς

169 2176 280 2212 κλήσεις
290 2176 357 2210 ἡμῖν
367 2175 616 2210 δημιουργήσαντος
631 2172 696 2207 (Μ).
712 2172 803 2208 Δῶρον
814 2171 960 2206 καλοῦμεν,

169 2221 293 2257 χάρισμα
305 2241 312 2251 ,
332 2220 481 2255 βάπτισμα,
505 2218 625 2253 χρίσμα,
648 2218 791 2252 φώτισμα,
808 2217 962 2252 ἀφθαρσίας

1040 892 1083 920 lll.
1099 894 1138 920 Ac
1156 894 1189 920 de
1207 894 1309 920 dualms
1328 896 1435 928 quidem
1452 896 1649 928 nativitatiims,
1669 896 1718 923 hoc
1738 901 1793 928 est.

1010 939 1043 965 de
1059 941 1145 973 prima
1162 944 1189 966 et
1209 939 1312 970 ultinta,
1324 948 1374 966 non
1390 946 1430 966 est
1445 949 1514 968 nunc
1530 941 1684 975 disputandi
1700 943 1792 969 locus:

1004 992 1096 1012 verum
1115 986 1147 1012 de
1160 986 1256 1017 media,
1274 991 1301 1012 ct
1312 987 1360 1013 hoc
1376 992 1496 1021 tempore
1507 988 1583 1014 nobis
1597 989 1762 1020 neceSsaria,
1778 999 1792 1016 a

1004 1038 1055 1065 qua
1065 1030 1193 1057 lutttinttm
1207 1031 1263 1058 dies
1272 1039 1368 1059 nomen
1382 1034 1493 1067 accepit,
1508 1034 1775 1068 tractabitttus.Bapti
1785 1049 1793 1054 -

1004 1084 1078 1103 smus
1096 1077 1185 1111 igitur,
1199 1077 1326 1111 splendor
1338 1084 1379 1104 est
1399 1079 1562 1110 animarum,
1575 1080 1635 1106 vita:
1647 1079 1675 1106 in
1696 1080 1794 1106 melius

1005 1121 1136 1152 ttttttatio,
1170 1122 1347 1148 conscientia:
1389 1123 1422 1149 ad
1451 1122 1534 1149 Deum
1567 1123 1792 1157 interrogatio".

1004 1166 1174 1199 Baptisntus,
1197 1167 1361 1195 intirtttitatis
1384 1173 1483 1195 nostra:
1512 1168 1709 1202 adjutnentum.
1739 1168 1792 1195 Ba-

1005 1213 1118 1246 ptismus
1133 1233 1140 1244 ,
1167 1213 1257 1240 carnis
1284 1218 1327 1240 est
1350 1213 1477 1247 abjectio,
1494 1214 1609 1249 Spiritus
1633 1215 1791 1246 assectatio,

1006 1257 1088 1285 Verbi
1109 1257 1290 1292 participatio,
1315 1260 1433 1293 ﬁgmenti
1446 1261 1590 1292 correctio,
1607 1261 1710 1295 peccati
1729 1261 1795 1287 dilu-

1006 1304 1089 1336 vium,
1116 1305 1184 1332 lucis
1213 1306 1435 1338 communicatio,
1455 1306 1625 1334 tenebrarum
1643 1308 1791 1342 oppressiu.

1005 1349 1168 1385 Baptismus,
1185 1351 1337 1378 vehiculum
1358 1352 1390 1379 ad
1410 1353 1504 1385 Deum,
1533 1353 1717 1388 peregrinatio
1730 1362 1791 1381 cum

1005 1396 1193 1428 Cltristo,lidei
1210 1397 1414 1430 adminiculum,
1427 1399 1524 1425 mentis
1552 1399 1694 1433 perfectio,
1708 1399 1791 1427 coele—

1006 1441 1056 1468 stis
1070 1441 1143 1475 regni
1160 1441 1254 1474 clavis,
1267 1441 1328 1468 vita:
1339 1443 1522 1473 commutatio,
1542 1443 1682 1471 servitutis
1697 1444 1792 1478 depul-

1006 1487 1057 1520 sio,
1077 1487 1243 1514 vinculorum
1261 1487 1367 1519 solutio,
1393 1490 1595 1523 compositionis
1610 1491 1637 1516 in
1654 1489 1794 1518 meliorent

1007 1537 1105 1560 statum
1121 1534 1270 1560 conversio.
1281 1533 1350 1568 Quid
1369 1534 1445 1568 plura
1456 1542 1669 1564 commemorare
1679 1537 1775 1564 attinet
1783 1537 1796 1564 1

968 1571 989 1601 C
1005 1579 1174 1614 Baptismus,
1200 1580 1319 1607 omnium
1333 1580 1379 1608 Dei
1401 1580 1594 1608 beneficiorum
1616 1583 1795 1617 praeclarissi-

1007 1634 1080 1653 mum
1096 1631 1138 1654 est
1164 1632 1191 1654 et
1208 1628 1473 1662 przestantissimum.
1493 1629 1610 1663 Etenim,
1627 1635 1657 1657 ut
1672 1632 1795 1665 quaedam

1009 1672 1110 1700 Sancta
1124 1677 1280 1700 sanctorum
1300 1678 1440 1707 vocantur,
1457 1679 1483 1701 et
1497 1674 1608 1703 Cantica
1626 1677 1794 1704 canticorum

1008 1717 1090 1752 (quod
1107 1718 1212 1745 scilicet
1226 1718 1305 1746 latitts
1316 1724 1424 1753 pateant
1435 1727 1466 1746 ac
1480 1720 1554 1754 plura
1566 1721 1793 1755 complectatttur,

1009 1763 1225 1798 praecipuamque
1250 1764 1407 1799 dignitatem
1436 1765 1580 1800 habeant);
1600 1767 1694 1794 eodem
1717 1769 1797 1795 modo

1009 1808 1160 1842 baptisnttts
1176 1817 1282 1844 quoque
1296 1810 1455 1837 illttminatio
1480 1811 1578 1838 dicitur
1589 1832 1596 1844 ,
1613 1814 1684 1847 quod
1702 1821 1797 1841 onmes

1009 1854 1076 1880 alias
1091 1854 1299 1883 illuminationes
1318 1857 1463 1883 sanctitate
1477 1864 1596 1890 superet.

1042 1899 1124 1935 693
1144 1899 1187 1927 IV.
1207 1900 1436 1933 Quemadmodum
1457 1907 1546 1930 atttetn
1559 1903 1694 1936 Christus,
1713 1905 1793 1940 hujus

1013 1946 1075 1973 doni
1094 1948 1182 1979 dator,
1206 1947 1297 1974 multis
1319 1955 1351 1975 ac
1367 1947 1482 1975 diversis
1506 1949 1660 1978 nominibus
1681 1952 1798 1986 appella-

1013 1997 1066 2023 tur,
1084 1993 1121 2018 ita
1139 1992 1226 2026 ipsum
1243 1999 1351 2026 quoque
1369 1993 1468 2019 donuttt
1492 1994 1564 2020 varia
1589 1995 1697 2022 ttontina
1715 1997 1798 2023 sorti-

1012 2042 1056 2063 tur
1068 2046 1075 2063 :
1088 2037 1144 2064 sive
1160 2037 1185 2064 id
1203 2037 1279 2064 nobis
1299 2038 1334 2065 ob
1351 2039 1446 2065 miratu
1462 2040 1609 2073 quamdam
1624 2041 1660 2066 rei
1674 2041 1795 2068 ltrtitiant

1012 2083 1118 2110 accidat
1145 2083 1186 2117 (iit
1199 2083 1270 2110 ettittt
1287 2083 1354 2115 fere,
1373 2083 1460 2118 utqui
1480 2091 1534 2111 rem
1555 2084 1672 2119 aliquant
1698 2086 1799 2120 impen-

1012 2129 1121 2156 sissime
1142 2134 1244 2160 amant,
1261 2130 1369 2156 nomina
1385 2137 1492 2164 quoque
1513 2131 1568 2164 ipsa
1589 2131 1705 2158 libenter
1719 2140 1799 2158 usur-

1013 2174 1102 2209 pent);
1128 2175 1185 2202 sive
1200 2175 1270 2209 quod
1288 2175 1429 2209 multiplex
1447 2175 1527 2209 hujus
1543 2176 1664 2203 beneﬁcii
1682 2177 1794 2207 utilitas,

1015 2220 1114 2247 multas
1133 2227 1240 2254 quoque
1264 2220 1457 2254 appellationes
1483 2220 1559 2247 nobis
1581 2222 1727 2256 pepererit.
1746 2223 1799 2248 Do-

170 2266 283 2301 ἔνδυμα,
301 2265 412 2302 λουτρὸν
429 2266 648 2300 παλιγγενεσίας,
672 2264 819 2300 σφραγῖδι.
836 2264 890 2290 πᾶν
905 2264 918 2289 ὃ
935 2272 956 2289 τι

1015 2273 1079 2292 num
1107 2273 1246 2297 vocamus,
1270 2267 1396 2301 gratiam,
1425 2266 1601 2300 baptismum,
1632 2268 1798 2299 unctionem,

169 2312 276 2348 τίμιον
293 2311 379 2346 δῶρον
403 2312 462 2347 μὲν,
484 2311 521 2343 ὡς
548 2312 594 2338 καὶ
617 2310 700 2346 μηδὲν
720 2308 961 2344 προεισενεγκοῦσι

205 2381 229 2396 θ’
250 2379 320 2406 Ceu.
341 2379 408 2409 ",7.
446 2379 468 2394 '“'
488 2378 552 2405 Luc.
574 2386 605 2410 tt,
623 2378 648 2404 7.
688 2377 710 2392 τι
727 2376 789 2403 Luc.
815 2384 853 2405 tu.
875 2377 919 2403 Ἠ.

170 2416 192 2431 ⁷⁵
207 2415 215 2442 1
241 2414 314 2442 l’etr.
335 2422 375 2445 ιιι,
390 2414 435 2440 21.

208 2472 246 2505 (2)
281 2469 492 2505 Επανάγεουίῖα.
514 2468 569 2501 [leg
587 2476 617 2505 ς,
633 2467 868 2505 παραπέμπουσα.

208 2501 245 2540 (3)
266 2505 331 2532 Πᾶν·
345 2505 379 2531 τὸ
391 2501 560 2540 ’πλάσμα-ι
582 2501 831 2540 Omnesltotnioes,
850 2501 958 2529 univer-

171 2537 230 2568 ειιιίι
243 2541 382 2568 hominum
401 2537 495 2574 genus.
510 2548 520 2564 ι
539 2538 596 2564 Non
611 2537 764 2574 recte_Bill.,
784 2546 793 2561 ι
807 2544 849 2564 res
866 2544 960 2574 omnes

171 2582 288 2603 creatas.
305 2585 314 2600 ι
336 2572 421 2602 Homo
440 2574 612 2612 singulariter
638 2572 752 2612 πλᾴσμα
770 2576 892 2612 vocatur,
913 2572 958 2599 Dei

173 2620 254 2638 tnatm
270 2611 410 2641 formatus,
429 2609 555 2642 solusque
567 2608 687 2635 Creatori
701 2610 832 2634 anteacta:
845 2608 905 2634 vitae
917 2615 960 2633 ra-

174 2647 272 2673 tionem
291 2646 318 2672 in
334 2649 455 2672 extremo
467 2645 510 2670 die
527 2643 690 2670 redditurus.

208 2682 246 2716 (ι)
266 2679 453 2714 Συναγῆλθε.
473 2678 555 2706 Coisl.
577 2677 603 2711 1,
630 2677 701 2710 B:ts.,
724 2678 830 2709 Comb.,
857 2685 960 2703 συναπ-

173 2716 249 2742 ἦλθε.

270 2750 313 2784 Τῷ
335 2749 536 2784 ἐμφυσήματι.
554 2747 623 2775 Cen.
649 2747 722 2785 tt._7:
743 2757 751 2773 ι
767 2747 911 2785 lnspiravit
931 2748 958 2785 in

173 2782 269 2814 faciem
288 2782 526 2820 ejus's'piraculutn
546 2786 618 2816 vitat,
631 2787 657 2810 et
673 2782 760 2811 factus
779 2788 820 2811 est.
836 2784 916 2811 homo
933 2782 960 2809 in

175 2822 291 2848 animam
305 2821 450 2846 viventem.
472 2829 482 2845 ι

209 2856 250 2891 (6)
273 2855 341 2890 Τῆς.
359 2855 439 2881 Deest
454 2855 478 2882 in
490 2854 594 2882 duobus
604 2852 681 2880 codd.

316 2911 454 2941 ΡΑι-ιιοι..
471 2909 530 2940 Gtt.
547 2907 694 2939 XXXVI.

959 2377 981 2393 ⁷²
1002 2377 1084 2404 Marc.
1107 2377 1201 2410 “1,6.
1239 2378 1261 2393 ⁷³
1282 2378 1358 2404 noni.
1385 2386 1443 2410 vttt,
1463 2377 1508 2404 29.

1015 2309 1251 2344 illuminationettt,
1271 2310 1482 2345 incorruptionis
1498 2311 1695 2344 indumentum,
1707 2341 1709 2343 _
1723 2320 1800 2345 rcge-

1562 2378 1584 2394 7‘
1601 2378 1703 2406 Coloss.
1720 2387 1738 2411 t,
1756 2379 1798 2405 18.

1048 2466 1086 2503 (7)
1107 2466 1372 2503 σιηλοσορήσωμεν.
1386 2467 1432 2494 0r.
1450 2468 1475 2499 1,
1492 2467 1717 2503 φιλοσοφήσομεν

1047 2502 1085 2536 (8)
1112 2502 1309 2535 Ἐπερώτημιι.
1327 2503 1390 2535 Reg.
1406 2510 1430 2530 (ς,
1450 2502 1627 2537 ἐπερώτησις.

1047 2538 1086 2572 (9)
1106 2537 1295 2570 Συνελδημίίι
1311 2537 1448 2570 Χριστοῦ.
1467 2548 1476 2562 ι
1496 2537 1565 2563 Mors
1579 2546 1638 2564 cum
1653 2537 1769 2564 Christo.
1788 2548 1796 2563 ι

1012 2571 1058 2599 Sic
1095 2573 1156 2598 alibi
1191 2572 1349 2605 Gregorius,
1386 2572 1454 2607 μετὰ
1491 2572 1539 2607 τὴν
1570 2572 1692 2599 ἐντεῦθεν
1721 2573 1799 2608 ἐκδη-

1013 2607 1088 2642 μίαν,
1107 2616 1116 2632 ι
1134 2612 1193 2639 post
1209 2611 1332 2642 mortem.
1355 2616 1364 2632 ι

1049 2643 1104 2674 (10)
1126 2641 1299 2674 Συνθέσεως
1316 2642 1518 2676 μεταποίησις.
1542 2652 1552 2668 ι
1573 2642 1668 2670 Totius
1684 2643 1800 2669 hominis

1014 2677 1182 2708 instauratio,
1198 2677 1223 2702 itt
1238 2677 1376 2703 meliorem
1387 2682 1485 2704 statum
1506 2678 1628 2704 mutatio.
1646 2687 1654 2703 I

1049 2713 1103 2745 (ti)
1124 2711 1237 2748 Δῴρων.
1257 2709 1355 2748 Plures
1363 2712 1453 2748 codd,
1467 2712 1584 2748 δωρεῶν.

1050 2747 1106 2781 (£2)
1127 2746 1321 2783 "59636132129.
1341 2747 1385 2783 Sic
1406 2746 1472 2783 Reg.
1503 2746 1558 2775 bitt.
1580 2747 1625 2775 Sic
1642 2748 1720 2775 etiam
1739 2747 1801 2781 legit

1013 2782 1117 2809 Billitts.
1139 2782 1218 2808 Deest
1237 2782 1333 2817 ydpjn
1345 2782 1387 2817 ed.

1127 2816 1280 2854 ’ᾼσμιιτας
1290 2816 1355 2843 Tres
1370 2816 1467 2854 Regg.,
1485 2816 1572 2854 ᾆσμα.

1049 2851 1104 2888 (14)
1112 2851 1400 2886 Δημιοιιογήσαντος.
1409 2851 1547 2887 Basilica},
1561 2852 1800 2889 δημιουργοῦντας.

1587 2909 1626 2939 12
