2029 3127
237 157 289 187 505

828 157 856 185 S.
877 157 1041 185 GREGORII
1061 156 1232 185 TllEOLOGl

1802 155 1856 183 5M-

235 217 382 245 nerationis
406 216 553 249 lavacrum,
579 216 705 251 sigillum,
734 223 765 242 ac
789 215 904 251 denique
922 217 1011 242 excel-

1070 215 1215 250 Βιδόμενον·
1235 215 1356 250 χᾶρισμα
1375 215 1413 246 δὲ,
1434 215 1471 246 ὡς
1496 215 1542 241 καὶ
1555 214 1691 249 ὀφείλουσι
1707 214 1784 249 (13)·
1804 213 1855 248 βά-

235 263 383 290 lentissimo
395 262 490 296 quovis
503 262 610 289 nomine
631 261 806 296 appellamus.
826 261 929 288 Donum
943 261 1011 288 dici-

236 314 289 340 tur,
312 309 376 343 quia
398 308 442 341 iis,
465 309 510 342 qui
533 308 599 335 nihil
625 307 699 342 prius
719 307 904 340 contulerunt,
925 307 1014 339 datur;

236 354 332 388 gratia,
361 353 422 388 quia
446 354 529 381 etiam
556 352 733 385 debentibus;
765 352 930 386 baptismus,
950 353 1012 386 quia

237 404 377 433 peccatum
393 399 420 426 in
435 406 503 433 aqua
522 399 667 432 sepelitur;
686 398 789 431 unctio,
809 398 871 432 quia
895 405 971 424 sacer
983 404 1011 424 et

238 445 326 479 regius
347 445 415 479 (haec
439 444 510 471 enim
536 447 623 474 erant,
645 450 704 476 quae
726 442 925 477 ungebantur);
954 443 1015 468 illu—

237 490 358 520 minatio.
383 489 444 524 quia
465 489 590 524 splendor
613 493 640 515 et
661 488 790 519 claritas;
820 488 1016 519 indumentum,

237 536 298 569 quia
320 529 471 569 ignominiae
497 539 596 560 nostra:
627 533 749 560 velamen
779 538 840 566 est;
871 532 1016 564 lavacrum,

237 579 299 612 quia
316 579 416 612 abluit;
437 578 564 613 sigillum,
589 578 652 611 quia
674 577 844 604 conservatio
856 582 908 608 est.
923 584 954 604 ac
969 577 1017 604 do—

239 624 394 652 minationis
405 624 566 659 obsignatio.
585 623 650 650 Huic
665 623 834 657 gratulantur
847 623 926 655 cazli;
948 623 1018 649 hunc

236 669 322 704 angeli
347 674 456 704 propter
481 669 631 704 splendoris
654 669 841 703 cognationem
857 668 1014 696 celebrant:

1065 269 1170 295 πτισμα
1188 260 1226 292 δὲ,
1250 260 1288 291 ὡς
1310 260 1531 296 συνΟαπτομένης
1557 260 1613 295 (16)
1642 259 1680 294 τῷ
1706 259 1782 286 ὕδατι
1803 259 1856 294 τῆς

1065 306 1201 340 ἁμαρτῖας
1213 315 1220 321 ·
1241 305 1343 341 χρίσμα
1359 306 1397 337 δὲ,
1413 306 1449 338 ὡς
1467 306 1538 341 ἱερὸν
1557 305 1604 332 καὶ
1625 305 1762 340 βασιλικὸν
1777 305 1854 338 (ταῦ-

1065 359 1099 376 τα
1117 349 1173 385 [l7]
1194 350 1247 386 γὰρ
1260 348 1292 385 ἦν
1310 350 1344 376 τὰ
1361 350 1518 385 χριόμενα)·
1537 349 1663 385 φώτισμα
1676 349 1714 381 δὲ,
1729 350 1767 381 ὡς
1785 349 1855 384 λαμ.-

1067 396 1205 430 πρότητα·
1233 395 1332 430 ἔνδυμα
1359 395 1397 427 δὲ,
1418 396 1455 427 ὡς
1474 395 1604 430 αἰσχύνης
1626 393 1757 430 κάλυμμα
1778 394 1832 429 (18)
1846 404 1853 410 ·

1073 440 1182 474 λουτρὸν
1199 440 1237 470 δὲ,
1251 440 1287 471 ὡς
1303 439 1431 466 ἕκπλυσιν
1442 449 1448 455 ·
1466 440 1599 475 σφραγῖδα
1614 439 1653 470 δὲ,
1671 439 1707 470 ὡς
1724 440 1856 474 συντήρη-

1074 494 1125 517 σιν,
1141 487 1188 512 καὶ
1210 485 1259 520 τῆς
1278 486 1434 517 δεσποτείας
1457 486 1616 520 σημείωσιν.
1635 485 1727 519 Τούτῳ
1745 486 1855 520 συγχαῖ-

1071 541 1161 566 ρουσιν
1184 532 1306 567 οὖρανοί-
1334 532 1412 558 τοῦτο
1439 531 1593 563 δοξάζουσιν
1617 531 1736 565 ἄγγελοι,
1765 531 1808 557 διὰ
1825 531 1856 557 τὸ

1069 579 1197 612 συγγενὲς
1214 579 1263 612 τῆς
1278 578 1468 613 λαμπρότητος
1480 587 1486 592 ·
1503 578 1581 605 τοῦτο
1596 577 1739 613 εἰκὼντῆς
1751 577 1855 604 ἐκεῖθεν

1071 623 1285 658 μακαριότητος*
1299 623 1378 650 τοῦτο
1389 625 1470 658 ἡμεῖς
1484 623 1606 659 ὲξυμνεῖν
1623 623 1776 659 βουλόμεθα
1794 623 1854 658 μὲν,

1070 669 1099 695 οὺ
1114 669 1252 705 δυνάμεθα
1266 670 1295 696 δὲ
1310 670 1371 696 ὅσον
1384 670 1467 702 ἄξιον.

238 715 281 742 hic
315 715 488 743 beatitudinis
519 715 590 742 illius
626 715 768 748 imaginem
786 715 873 748 gerit;
908 713 981 740 hunc
1010 713 1134 742 laudibus
1156 715 1264 750 quidem
1283 721 1310 743 ct
1327 716 1433 751 hymnis
1453 715 1589 743 celebrare
1611 723 1743 748 votumus.
1762 724 1855 743 verum

237 769 286 796 pro
299 761 336 788 rei
353 760 483 795 dignitate
503 768 554 786 nou
570 766 723 793 possumus.

272 807 305 834 V.
331 807 371 833 Ac
399 805 507 840 quidem
528 805 596 832 Deus
625 812 757 832 summum
784 808 811 831 et
832 803 1017 831 inaccessibile

1105 803 1142 830 E’.
1156 803 1220 834 Θεὸς
1237 803 1285 838 μέν
1306 804 1364 830 ἐστι
1381 803 1437 837 φῶς
1453 804 1483 829 τδ
1502 803 1659 839 ἀκρότατον,
1682 806 1729 831 καὶ
1744 805 1857 840 ἀπρόσι-

237 859 269 879 ac
285 850 418 878 ineﬂabile
442 851 532 877 lumen
557 855 608 882 est,
634 850 704 884 quod
732 857 780 876 nec
802 855 891 876 mente
905 850 1017 884 percipi,

237 904 288 924 nec
307 896 397 923 verbis
417 895 545 930 explicari
572 900 670 929 potest,
695 899 818 921 naturam
845 902 952 921 omnem
975 903 1018 921 ra-

238 941 311 968 tione
325 940 462 974 przeditam
489 938 652 965 illuminans.
673 938 727 965 Hoc
749 939 775 965 iu
797 938 1017 972 intelligibilibus,

237 986 307 1020 quod
323 985 363 1012 sol
383 985 408 1011 in
427 985 601 1012 sensibilibus
615 993 622 1016 ς
641 992 672 1011 eo
687 992 716 1011 se
733 984 817 1018 magis
831 984 1017 1018 contemplan-

237 1032 300 1058 dum
320 1031 398 1058 nobis
413 1031 546 1065 praebens,
562 1037 614 1064 quo
641 1029 792 1057 accuratius
807 1029 911 1056 animos
923 1037 1020 1063 purga-

237 1076 374 1108 verimus;
396 1083 428 1104 eo
451 1083 545 1103 rursus
573 1076 656 1110 magis
683 1075 838 1106 amandum,
865 1081 918 1108 quo
933 1074 1018 1108 magis

237 1121 411 1156 contemplati
438 1121 585 1152 fuerimus;
615 1127 648 1147 eo
670 1120 784 1153 denique
809 1120 893 1154 magis
922 1127 1020 1154 cogno-

238 1169 378 1200 scendum,
393 1175 446 1202 quo
467 1167 554 1202 magis
572 1166 763 1196 amaverimus.
781 1173 841 1192 sese
860 1166 915 1199 ipse
927 1173 1021 1200 specu-

237 1214 296 1241 lans
307 1218 334 1241 et
346 1213 584 1247 comprehenderis,
597 1219 628 1238 ac
637 1211 780 1245 perexigue
790 1211 823 1237 ad
838 1216 950 1237 externa
967 1210 1018 1237 dif-

238 1259 362 1286 fundens.
382 1259 483 1286 Lumen
497 1265 578 1292 porro
592 1258 642 1284 hoc
663 1257 734 1287 dico.
755 1257 825 1291 quod
845 1256 870 1282 in
889 1256 978 1288 Patre,
994 1261 1021 1283 et

238 1301 315 1332 Filio,
330 1306 356 1328 et
373 1302 473 1336 Spiritu
493 1306 587 1328 sancto
599 1301 804 1328 consideratur:
820 1307 934 1334 quorum
951 1308 1019 1334 opu—

238 1347 332 1379 lentia,
358 1352 460 1375 natura:
482 1347 609 1374 identitas
627 1351 680 1378 est,
697 1351 778 1380 atque
796 1353 848 1372 una
870 1347 1020 1380 eademque

239 1393 388 1427 splendoris
408 1393 578 1428 prosullatio.
610 1392 764 1419 Secundum
784 1392 872 1418 lumen
885 1396 1021 1426 estauge-

239 1439 290 1472 lus,
308 1439 385 1474 primi
406 1439 475 1466 illius
497 1439 606 1466 luminis
635 1438 706 1465 velut
735 1437 836 1464 rivulus
849 1438 957 1471 quidam
973 1441 1018 1464 aut

1069 858 1124 881 τον,
1149 849 1194 875 καὶ
1220 850 1336 885 ἄρρητον
1359 849 1425 884 (19),
1451 849 1511 876 οὔτε
1536 849 1572 885 νῷ
1596 850 1778 886 καταληπτὸν,
1794 851 1856 877 οὔτε

1070 893 1140 929 λόγῳ
1166 894 1261 930 ῥητὸν,
1289 894 1378 929 πάσης
1411 894 1572 929 φωτιστικὺν
1602 895 1714 931 λογικῆς
1738 896 1854 931 φύσεως.

1070 940 1156 966 Τοῦτο
1170 941 1197 965 ἐν
1210 941 1324 975 νοητοῖς,
1339 941 1408 976 ὅπερ
1428 942 1457 967 ὲν
1477 941 1615 975 αἰσθητοῖς
1635 941 1709 976 ἥλιος
1719 949 1726 956 ”
1747 942 1810 967 ὅσον
1823 941 1857 968 ἂν

1070 985 1276 1021 καθαιρώμεοα,
1303 985 1518 1021 φανταζόμενον·
1547 987 1593 1012 καὶ
1617 987 1677 1013 ὅσον
1697 988 1730 1013 ἂν
1753 995 1858 1021 φαντα-

1071 1031 1125 1058 σοῶ
1129 1039 1178 1066 μεν
1189 1051 1196 1062 ,
1226 1031 1407 1066 ἀγαπώμενον
1416 1040 1423 1047 ·
1444 1032 1490 1058 καὶ
1516 1033 1577 1058 ὅσον
1603 1032 1635 1059 ἂν
1658 1033 1792 1069 ἀγαπήσω
1796 1042 1856 1068 μεν,

1071 1075 1148 1108 αὖθις
1163 1076 1320 1112 νοούμενον·
1334 1077 1399 1103 αὐτὸ
1410 1077 1506 1104 ἑαυτοῦ
1521 1077 1685 1113 Θεωρητικόν
1701 1087 1729 1105 τε
1742 1079 1789 1105 καὶ
1805 1087 1857 1106 κα-

1070 1123 1244 1157 ταληπτικὴν,
1261 1122 1338 1156 ὀλίγα
1354 1124 1410 1154 τοῖς
1426 1122 1477 1156 ἔξω
1498 1123 1636 1158 χεόμενον.
1652 1124 1710 1156 Φῶς
1726 1124 1754 1150 δὲ
1773 1124 1857 1158 λέγω,

1071 1167 1100 1193 τὸ
1112 1169 1140 1193 ὲν
1159 1168 1256 1203 Πατρὶ,
1270 1169 1316 1194 καὶ
1336 1168 1401 1202 Υἱῷ,
1417 1169 1465 1195 καὶ
1489 1169 1559 1204 ἁγίῳ
1583 1170 1720 1205 Πνεὺματι
1742 1170 1858 1206 θεωροῦ-

1073 1221 1166 1247 μενοψ
1184 1209 1221 1239 ὧν
1238 1213 1351 1245 πλοῦτός
1364 1214 1436 1240 ἐστιν
1457 1214 1511 1249 (“20)
1527 1216 1544 1248 ἡ
1566 1216 1696 1250 συμφυΐα,
1717 1216 1763 1242 καὶ
1779 1217 1810 1242 τὸ
1828 1216 1859 1243 ἓν

1072 1258 1174 1293 ἕξαλμα
1194 1259 1244 1294 τῆς
1257 1259 1455 1295 λαμπρότητος.
1472 1260 1600 1296 Δεύτερον
1617 1261 1645 1288 δὲ
1659 1261 1716 1295 φῶς
1733 1261 1858 1296 ἄγγελος,

1071 1303 1118 1329 τοῦ
1133 1304 1240 1339 πρώτου
1256 1305 1343 1338 φωτὸς
1356 1305 1476 1341 ἀπορροή
1492 1306 1572 1342 τις,ῆ
1588 1308 1727 1342 μετουσία,
1740 1309 1775 1343 τῇ
1791 1308 1859 1344 πρὸς

1072 1349 1136 1375 αὐτὸ
1158 1350 1247 1375 νεύσει
1277 1351 1322 1376 καὶ
1348 1351 1484 1387 ὑπουργία
1505 1352 1550 1378 τὸν
1571 1353 1709 1388 φωτισμὸν
1736 1354 1835 1388 ἔχουσα
1850 1363 1857 1369 '

1073 1395 1122 1421 οὐκ
1144 1393 1211 1425 οἴδα,
1240 1396 1293 1422 εἴτε
1316 1398 1348 1431 τῇ
1374 1397 1448 1429 τάξει
1474 1400 1524 1433 τῆς
1547 1399 1667 1430 στάσεως
1693 1399 1859 1435 μεριζομένη

1073 1440 1118 1476 τῷν
1138 1441 1286 1475 φωτισμὸν,
1309 1440 1362 1466 εἴτε
1379 1443 1434 1472 τοῖς
1458 1443 1566 1478 μέτροις
1586 1443 1632 1469 τοῦ
1653 1444 1794 1479 φωτισμοῦ
1809 1445 1859 1480 τὴν

239 1484 421 1518 participatio,
442 1491 491 1518 per
508 1483 712 1517 propensionem
726 1482 758 1508 ad
774 1481 837 1508 illud
852 1489 883 1508 ac
896 1482 1017 1509 ministe-

1070 1485 1146 1517 τάξιν
1158 1486 1340 1521 λαμϐάνουσα.
1357 1487 1453 1522 Τρίτον
1470 1488 1526 1522 φῶς
1544 1489 1694 1524 ἄνθρωπος,
1709 1490 1723 1516 ὃ
1738 1491 1786 1516 καὶ
1803 1492 1859 1522 τοῖς

239 1530 321 1561 riunt,
342 1529 565 1556 illuminatiouem
583 1529 683 1554 habens
698 1537 704 1554 :
721 1527 754 1554 de
768 1535 820 1560 quo
837 1531 954 1554 statuere
971 1534 1017 1554 ne-

239 1583 317 1609 queo,
344 1579 433 1602 utrum
460 1582 508 1610 pro
533 1574 628 1602 classis
658 1582 712 1600 sua:
735 1573 891 1607 ordinisque
916 1574 1019 1600 ratione

239 1620 365 1655 splendor
379 1620 403 1646 ei
418 1619 597 1654 impertiatur,
611 1627 643 1645 an
662 1618 749 1652 potius
764 1625 810 1652 pro
835 1618 932 1644 divinae
957 1617 1018 1645 illu—

239 1665 394 1692 minationis
418 1665 497 1692 modo
522 1665 591 1691 lianc
615 1663 656 1690 rel
678 1663 750 1690 illam
774 1663 865 1689 sedem
889 1663 1014 1697 accipiat.

238 1711 359 1738 Tertium
375 1711 464 1738 lumen
479 1710 560 1737 homo
574 1715 624 1742 est,
640 1710 709 1744 quod
723 1709 841 1736 externis
853 1709 934 1736 etiam
958 1716 1020 1743 pcr-

238 1758 360 1790 spicuum
380 1761 407 1783 et
429 1755 600 1783 manifestum
623 1760 673 1782 est.
690 1755 749 1786 Φῶς
767 1755 849 1786 enim,
866 1754 891 1780 id
909 1759 960 1786 est,
976 1754 1019 1781 lu-

237 1811 307 1834 men,
330 1802 464 1830 hominem
477 1801 559 1837 694.
574 1806 681 1833 vocant,
695 1806 803 1835 propter
816 1800 928 1827 rationis
943 1801 1019 1828 nobis

1072 1531 1124 1563 ἔξω
1137 1531 1213 1566 δῆλόν
1227 1532 1293 1558 ἐστι.
1309 1532 1368 1563 Φῶς
1385 1532 1438 1568 γὰρ
1459 1534 1505 1560 τὸν
1528 1533 1670 1569 ἄνθρωπον
1683 1535 1858 1570 ὀνομάζουσι,

1072 1575 1116 1602 διὰ
1127 1576 1176 1611 τὴν
1189 1576 1234 1602 τοῦ
1248 1578 1276 1602 ὲν
1292 1577 1356 1612 ἡμῖν
1371 1577 1449 1612 λόγου
1467 1578 1579 1614 δύναμιν
1591 1587 1598 1594 θ
1616 1580 1662 1606 καὶ
1674 1580 1752 1615 ἡμῶν
1769 1581 1859 1607 αὐτῶν

1073 1621 1153 1647 πάλιν
1168 1622 1192 1647 οἱ
1206 1621 1405 1658 θεοειδέστεροι,
1416 1624 1462 1650 καὶ
1473 1625 1572 1660 μᾶλλον
1585 1625 1643 1660 Θεῷ
1654 1626 1857 1661 πλησιάζοντες.

1073 1665 1138 1694 Οἶδα
1159 1667 1206 1694 καὶ
1223 1667 1285 1694 ἄλλο
1302 1669 1368 1703 φῶς,
1437 1670 1467 1696 τὺ
1484 1671 1630 1706 ἀρχέγονον
1646 1673 1733 1708 ἠλάθη
1752 1674 1856 1706 σκότος,

1072 1712 1222 1749 ἣδιεκόπη,
1238 1714 1344 1750 πρῶτον
1360 1715 1478 1742 ὑποστὰν
1494 1717 1544 1752 τῆς
1555 1717 1656 1752 ὁρατῆς
1667 1719 1792 1750 κτίσεως,
1810 1720 1858 1754 τήν

1072 1766 1101 1783 τε
1118 1759 1248 1795 κυκλικὴν
1262 1759 1316 1786 τῶν
1332 1761 1455 1796 ἀστέρων
1469 1762 1603 1798 περίοδον,
1624 1763 1670 1790 καὶ
1695 1764 1743 1791 τὴν
1757 1764 1858 1791 ἄνωθεν

1073 1805 1256 1840 φρυκτωρίαν,
1272 1807 1372 1841 κόσμον
1384 1807 1442 1834 ὅλον
1455 1808 1638 1842 αὑγάζουσαν.

238 1849 325 1875 insitae
347 1847 401 1875 vim
427 1852 454 1875 et
472 1848 637 1875 facultatem.
661 1847 719 1880 Quo
741 1847 821 1873 etiam
851 1853 942 1872 rursus
969 1847 1076 1875 nomine
1108 1850 1126 1876 ii
1160 1851 1229 1878 inter
1270 1860 1318 1880 nos
1356 1854 1530 1888 appellantur,
1561 1855 1603 1889 qui
1631 1855 1685 1882 Deo
1713 1856 1856 1884 similiores

238 1899 310 1927 sunt,
327 1894 488 1929 propiusque
502 1895 535 1921 ad
570 1891 651 1920 Deum
670 1893 808 1920 accedunt.
828 1892 905 1918 Aliud
922 1899 1027 1927 quoque
1043 1894 1132 1922 lumen
1160 1904 1286 1931 agnosco.
1302 1906 1396 1934 nempe
1413 1901 1486 1934 illud,
1523 1908 1576 1935 quo
1609 1901 1765 1936 primigeua:
1781 1907 1856 1930 tene-

237 1942 292 1967 brae
313 1940 438 1975 depulsae,
464 1945 509 1967 aut
532 1945 603 1967 certe
630 1939 764 1966 intercisa:
779 1943 852 1970 sunt,
882 1939 954 1972 quod
985 1945 1047 1967 ante
1066 1949 1110 1968 res
1131 1949 1176 1970 eas
1200 1951 1294 1972 omnes
1317 1951 1433 1978 creatas.
1469 1955 1528 1982 qua:
1557 1953 1667 1982 aspectu
1693 1949 1855 1982 sentiuntur,

237 1987 397 2022 productum
417 1990 476 2018 est;
492 1986 704 2020 circularemque
719 1985 783 2012 item
814 1985 886 2012 illam
923 1985 1042 2013 siderum
1077 1990 1302 2023 conversionem,
1325 1997 1351 2019 et
1373 2000 1517 2027 supernum
1539 1994 1720 2029 splendorem,
1745 1995 1855 2023 univer-

237 2041 296 2061 sum
312 2033 404 2060 orbem
420 2032 608 2058 illustrautein.

275 2077 316 2104 Vl.
334 2077 392 2105 Jam
407 2077 496 2104 lumen
510 2078 591 2104 etiam
602 2082 662 2104 erat
672 2077 848 2111 primigenum
861 2078 925 2105 illud
941 2086 1016 2105 man-

1105 2078 1216 2110 C’JI'LT);
1228 2079 1276 2113 μὲν
1291 2078 1323 2116 ἦν
1339 2082 1384 2107 καὶ
1403 2083 1418 2117 ἠ
1435 2081 1473 2116 τῷ
1488 2083 1651 2118 πρωτογόνῳ
1665 2083 1773 2110 δοθεῖσα
1785 2094 1857 2120 πρω-

237 2123 340 2155 datum,
356 2121 426 2156 quod
440 2122 589 2156 primigeuo
612 2122 714 2149 homini
735 2123 824 2149 datum
847 2129 890 2150 est
915 2123 1015 2159 (quatt-

236 2168 379 2202 doquidem
403 2167 465 2201 legis
479 2167 631 2193 ntaudalum
650 2167 755 2194 lucerna
777 2173 801 2194 et
825 2168 911 2194 lumen
926 2174 962 2194 est
975 2169 1016 2201 7“;

237 2219 264 2240 cl
280 2204 384 2244 rursus,
405 2212 500 2239 Lumen
517 2217 643 2245 pra’cepla
659 2218 702 2238 lim
719 2213 745 2238 in
761 2217 829 2239 terra
838 2214 890 2248 ⁷⁷);
910 2216 1017 2241 tametsi

237 2259 327 2286 invida
353 2258 396 2284 illa
422 2258 508 2292 caligo
529 2258 649 2292 irrepens
672 2258 765 2284 vitium
787 2260 945 2292 procrearit.
963 2259 1017 2286 Lu-

236 2312 297 2331 men
318 2304 398 2331 etiam
417 2303 545 2338 typicum,
566 2309 646 2338 atque
660 2304 692 2330 ad
708 2304 843 2331 modulum
856 2312 959 2337 eorum,
972 2306 1017 2341 qui

235 2350 416 2384 excipiebant.
433 2349 600 2382 admensum,
627 2349 683 2376 Lex
706 2349 805 2384 scripta
828 2355 896 2382 erat,
918 2352 1018 2378 verita-

237 2402 289 2424 tem
306 2395 518 2426 adumbrans.ac
531 2395 619 2430 magni
634 2395 705 2422 illius
720 2395 828 2423 luminis
841 2398 997 2432 mysterium
1010 2407 1017 2425 :

236 2442 334 2476 quippe
353 2445 381 2467 et
401 2439 501 2475 Moysis
519 2440 617 2472 vultus,
633 2448 666 2468 eo
682 2440 816 2475 perfusus,
834 2441 919 2476 gloria
935 2441 1018 2470 allici-

271 2519 377 2546 "Psal.
396 2527 491 2552 cxvnt,
514 2520 575 2548 l05.

273 2578 294 2613 (1
301 2577 327 2613 ὅ)
353 2578 532 2612 Ὀφείλουσι.
548 2579 670 2612 Plerique
680 2579 768 2611 codd.,
784 2578 905 2613 ὅφλουσι.

272 2613 327 2648 (.16)
346 2613 605 2648 Συνθαπτομένης.
623 2615 715 2641 Plures
725 2613 806 2648 Regg.
823 2619 850 2642 et
863 2614 953 2647 Colb.,
970 2614 1018 2642 Οι·.

235 2648 262 2676 1.
274 2654 337 2676 etc..
352 2649 561 2676 ἐνθαπτομένηε.

254 2667 262 2680 ,
274 2657 337 2680 etc.,
352 2657 561 2684 ενυαπτομενης.

272 2682 328 2743 g7)
350 2683 453 2710 Ταῦτα.
471 2685 516 2710 Sic
529 2685 647 2718 quinque
660 2682 755 2718 Regg.,
769 2683 860 2710 decem
871 2683 957 2713 Colb..
970 2683 1017 2712 0r.

254 2738 262 2743 .
301 2725 351 2743 as..
367 2718 460 2743 Comi).
482 2727 491 2743 ε
511 2718 571 2743 Haec
582 2723 668 2743 erant.
687 2728 695 2743 1
708 2724 772 2743 etc..
789 2726 885 2743 nemne
895 2720 1017 2743 sacerdo-

234 2717 262 2758 ς,
278 2717 351 2758 Bas.,
367 2718 491 2758 Comb._«
510 2717 571 2758 ne;
582 2717 668 2751 erant,
686 2717 772 2758 1οὶς..
789 2726 885 2753 nempe
895 2720 1020 2758 sacerdo-

236 2756 278 2794 tes
293 2757 319 2794 et
333 2760 417 2793 reges.
435 2762 445 2778 ι
467 2753 626 2794 Sacerdotes
651 2754 721 2780 enim
743 2759 772 2794 et
799 2761 886 2787 reges,
903 2754 1018 2794 )_inqnil

234 2786 352 2825 Nicetas.
368 2786 470 2829 iliuxta
485 2788 581 2828 Moysis
592 2789 680 2829 legem
696 2786 873 2829 angebantur.
891 2799 900 2814 1
917 2788 946 2829 l_n
960 2786 1017 2820 ἑὸ..

235 2822 355 2883 mgni-ca.
384 2822 459 2884 (suod
485 2822 565 2850 vertit
591 2823 650 2851 Bill.
677 2833 687 2849 ‹
710 2823 867 2858 Huiusmodi
892 2824 963 2852 enim
986 2831 1018 2852 ea

236 2864 253 2884 ο
286 2865 301 2883 n
315 2875 323 2888 ,
347 2866 357 2882 1
373 2864 387 2884 c
400 2864 425 2884 c.

613 2519 634 2534 '”
652 2519 732 2547 Prov.
753 2528 791 2551 v1,
813 2520 858 2547 ‘25.

1068 2123 1176 2157 τάγηνος
1191 2125 1282 2160 ἐντολὴ
1298 2127 1412 2162 (ἐπειδὴ,
1431 2129 1551 2163 Λύχνος
1575 2129 1684 2164 ἐντολὴ
1699 2131 1794 2164 νόμου
1809 2130 1857 2157 καὶ

1068 2169 1148 2203 φῶς·
1177 2171 1223 2197 καὶ
1247 2171 1312 2198 διότι
1336 2173 1404 2209 [:21].
1425 2174 1487 2207 Φῶς
1512 2175 1547 2201 τὰ
1567 2176 1779 2211 προστιὶγγιατά
1800 2185 1857 2203 σου

1068 2214 1116 2240 ἐπὶ
1133 2215 1185 2249 τῆς
1201 2216 1278 2251 τῆς),
1296 2219 1320 2244 εξ
1335 2220 1381 2245 καὶ
1399 2220 1429 2246 1'0
1450 2220 1577 2256 φθονερὸν
1593 2221 1688 2253 σκότος
1702 2222 1857 2249 ἐπεισελοὸν

1067 2261 1117 2296 τὴν
1130 2262 1227 2288 κακίαν
1246 2263 1460 2299 ἐδημιούργησεν
1470 2274 1476 2280 ·
1493 2265 1552 2300 φῶς
1565 2266 1593 2292 δὲ
1604 2267 1717 2294 τυπικὺν
1729 2268 1777 2293 καὶ
1790 2267 1856 2303 σύμ-

1074 2314 1170 2342 μετρον
1194 2309 1250 2339 τοῖς
1272 2309 1484 2344 ὑποδεχομένοις,
1507 2311 1521 2337 ὁ
1538 2310 1659 2346 γραπτὰς
1674 2311 1765 2347 νόμος,
1783 2321 1857 2339 σκια-

1072 2353 1184 2387 γραφῶν
1211 2354 1267 2388 (22)
1292 2355 1342 2390 τὴν
1365 2355 1510 2391 ἀλήθειαν,
1537 2357 1584 2384 καὶ
1610 2357 1639 2383 τὸ
1663 2357 1709 2383 τοῦ
1739 2359 1856 2393 μεγάλου

1072 2399 1161 2432 φωτὸς
1181 2401 1328 2436 μυστήριον
1338 2410 1344 2416 ·
1361 2403 1440 2438 εἴπερ
1453 2403 1500 2429 καὶ
1514 2403 1544 2430 τὺ
1558 2404 1698 2435 Μωῦσέως
1711 2404 1856 2439 πρόσωπον

1070 2444 1157 2480 τούτῳ
1179 2445 1328 2478 δοξάζεται.
1346 2449 1401 2475 Καὶ
1423 2449 1465 2475 ἵνα
1488 2448 1598 2476 πλείονα
1616 2449 1693 2484 φῶτα
1710 2450 1800 2485 δῶμεν
1816 2450 1856 2486 τῷ

1108 2581 1164 2615 (18)
1184 2580 1340 2618 Κάιρμμα.
1375 2580 1442 2610 Tres
1475 2581 1571 2618 Regg.,
1605 2582 1796 2618 συνκάλυμμα.
1827 2582 1855 2610 1η

1073 2615 1141 2647 aliis,
1161 2615 1355 2651 συγκαλυμμα.

1108 2651 1163 2688 (19)
1182 2650 1394 2688 Καὶνᾶῥρῃτον.
1412 2651 1491 2688 Deest
1511 2652 1537 2678 in
1550 2652 1667 2688 quinque
1684 2651 1780 2688 Regg.,
1795 2658 1856 2681 octo

1072 2686 1161 2716 (1011)..
1177 2686 1222 2713 Or.
1241 2687 1251 2713 ί
1271 2692 1297 2714 et
1313 2686 1444 2720 (lambat,
1460 2694 1509 2714 nec
1522 2687 1713 2714 vertitBillius.

1108 2720 1163 2756 (‘20)
1189 2723 1305 2757 'Eam»1
1318 2722 1395 2748 Deest
1405 2722 1526 2757 intribus
1537 2722 1621 2757 [{egg.
1639 2727 1666 2751 et
1677 2722 1724 2750 Οι·.
1743 2722 1770 2750 1.

1108 2757 1166 2791 (21)
1184 2757 1271 2783 Διότι.
1291 2755 1355 2790 Reg.
1372 2757 1418 2790 plt,
1432 2756 1465 2783 δι’
1478 2757 1530 2785 ὅτι.

1096 2791 1162 2831 ~(22)
1183 2791 1386 2827 Σκιαπραφῶν.
1413 2791 1478 2827 Reg.
1503 2794 1557 2825 bm,
1575 2796 1601 2820 et
1618 2791 1663 2820 01·-
1681 2792 1707 2825 ί,
1728 2799 1854 2829 al.0791-

1071 2835 1140 2861 φων.
