  <div class='ocr_page' id='page_1' title='image "/cluster/home/n/w/nwhite01/storage/ocr_20150623/36/njp.32101013202633/196.png"; bbox 0 0 2029 3127; ppageno 0'>
   <div class='ocr_carea' id='block_1_1' title="bbox 174 168 229 198">
    <p class='ocr_par' dir='ltr' id='par_1_1' title="bbox 174 168 229 198">
     <span class='ocr_line' id='line_1_1' title="bbox 174 168 229 198; baseline 0.018 -1"><span class='ocrx_word' id='word_1_1' title='bbox 174 168 229 198; x_wconf 82' lang='lat'><strong>369</strong></span> 
     </span>
    </p>
   </div>
   <div class='ocr_carea' id='block_1_2' title="bbox 638 173 1341 210">
    <p class='ocr_par' dir='ltr' id='par_1_2' title="bbox 638 173 1341 210">
     <span class='ocr_line' id='line_1_2' title="bbox 638 173 1341 210; baseline 0.011 -10"><span class='ocrx_word' id='word_1_2' title='bbox 638 173 767 202; x_wconf 77' lang='lat' dir='ltr'><strong>ORATIO</strong></span> <span class='ocrx_word' id='word_1_3' title='bbox 787 174 843 202; x_wconf 78' lang='lat' dir='ltr'><strong>XL.</strong></span> <span class='ocrx_word' id='word_1_4' title='bbox 864 191 899 196; x_wconf 89' lang='lat'><strong>—</strong></span> <span class='ocrx_word' id='word_1_5' title='bbox 918 175 953 204; x_wconf 83' lang='lat' dir='ltr'><strong>IN</strong></span> <span class='ocrx_word' id='word_1_6' title='bbox 975 177 1139 207; x_wconf 73' lang='lat' dir='ltr'><strong>SANCTUM</strong></span> <span class='ocrx_word' id='word_1_7' title='bbox 1157 180 1341 210; x_wconf 79' lang='lat' dir='ltr'><strong>BAPTISMA.</strong></span> 
     </span>
    </p>
   </div>
   <div class='ocr_carea' id='block_1_3' title="bbox 1750 186 1803 214">
    <p class='ocr_par' dir='ltr' id='par_1_3' title="bbox 1750 186 1803 214">
     <span class='ocr_line' id='line_1_3' title="bbox 1750 186 1803 214; baseline 0.019 -1"><span class='ocrx_word' id='word_1_8' title='bbox 1750 186 1803 214; x_wconf 81' lang='lat'><strong>570</strong></span> 
     </span>
    </p>
   </div>
   <div class='ocr_carea' id='block_1_4' title="bbox 207 230 963 278">
    <p class='ocr_par' dir='ltr' id='par_1_4' title="bbox 207 230 963 272">
     <span class='ocr_line' id='line_1_4' title="bbox 207 230 963 272; baseline 0.008 -14"><span class='ocrx_word' id='word_1_9' title='bbox 207 230 248 258; x_wconf 73' lang='grc' dir='ltr'><strong>ϐ’.</strong></span> <span class='ocrx_word' id='word_1_10' title='bbox 273 231 366 258; x_wconf 83' lang='grc' dir='ltr'>Δεινὸν</span> <span class='ocrx_word' id='word_1_11' title='bbox 392 232 447 268; x_wconf 80' lang='grc' dir='ltr'><strong>γὰρ</strong></span> <span class='ocrx_word' id='word_1_12' title='bbox 476 232 537 258; x_wconf 76' lang='grc' dir='ltr'>ἀντὶ</span> <span class='ocrx_word' id='word_1_13' title='bbox 560 233 681 268; x_wconf 77' lang='grc' dir='ltr'>ἰατρείας</span> <span class='ocrx_word' id='word_1_14' title='bbox 708 234 892 272; x_wconf 80' lang='grc' dir='ltr'>ἁπονωτέρας,</span> <span class='ocrx_word' id='word_1_15' title='bbox 916 236 963 272; x_wconf 82' lang='grc' dir='ltr'><strong>τὴν</strong></span> 
     </span>
    </p>
   </div>
   <div class='ocr_carea' id='block_1_5' title="bbox 1015 230 1802 278">
    <p class='ocr_par' dir='ltr' id='par_1_5' title="bbox 1052 238 1802 278">
     <span class='ocr_line' id='line_1_5' title="bbox 1052 238 1802 278; baseline 0.009 -13"><span class='ocrx_word' id='word_1_16' title='bbox 1052 238 1097 266; x_wconf 83' lang='grc' dir='ltr'><strong>1Χ.</strong></span> <span class='ocrx_word' id='word_1_17' title='bbox 1126 239 1214 268; x_wconf 83' lang='lat' dir='ltr'><strong>Grave</strong></span> <span class='ocrx_word' id='word_1_18' title='bbox 1237 242 1309 268; x_wconf 91' lang='lat' dir='ltr'><strong>enim</strong></span> <span class='ocrx_word' id='word_1_19' title='bbox 1338 244 1380 268; x_wconf 88' lang='lat' dir='ltr'><strong>est</strong></span> <span class='ocrx_word' id='word_1_20' title='bbox 1408 240 1537 269; x_wconf 75' lang='lat' dir='ltr'><strong>facilioris</strong></span> <span class='ocrx_word' id='word_1_21' title='bbox 1565 241 1706 271; x_wconf 68' lang='lat' dir='ltr'><strong>medicina:</strong></span> <span class='ocrx_word' id='word_1_22' title='bbox 1732 244 1802 278; x_wconf 88' lang='lat' dir='ltr'><strong>loco,</strong></span> 
     </span>
    </p>
   </div>
   <div class='ocr_carea' id='block_1_6' title="bbox 173 276 966 316">
    <p class='ocr_par' dir='ltr' id='par_1_6' title="bbox 173 276 966 316">
     <span class='ocr_line' id='line_1_6' title="bbox 173 276 966 316; baseline 0.008 -14"><span class='ocrx_word' id='word_1_23' title='bbox 173 276 380 311; x_wconf 74' lang='grc' dir='ltr'>ἑπιπονωτέραν</span> <span class='ocrx_word' id='word_1_24' title='bbox 401 277 579 312; x_wconf 81' lang='grc' dir='ltr'>ἐργάσασθαι,</span> <span class='ocrx_word' id='word_1_25' title='bbox 596 278 644 304; x_wconf 78' lang='grc' dir='ltr'>καὶ</span> <span class='ocrx_word' id='word_1_26' title='bbox 668 279 966 316; x_wconf 67' lang='grc' dir='ltr'>ἀπορρίψανταςχάριν</span> 
     </span>
    </p>
   </div>
   <div class='ocr_carea' id='block_1_7' title="bbox 171 322 966 363">
    <p class='ocr_par' dir='ltr' id='par_1_7' title="bbox 171 322 966 363">
     <span class='ocr_line' id='line_1_7' title="bbox 171 322 966 363; baseline 0.01 -16"><span class='ocrx_word' id='word_1_27' title='bbox 171 322 263 348; x_wconf 75' lang='grc' dir='ltr'>οἴκτου</span> <span class='ocrx_word' id='word_1_28' title='bbox 279 323 427 357; x_wconf 82' lang='grc' dir='ltr'>χρεωστεῖν</span> <span class='ocrx_word' id='word_1_29' title='bbox 447 323 568 355; x_wconf 81' lang='grc' dir='ltr'>κόλασιν,</span> <span class='ocrx_word' id='word_1_30' title='bbox 588 323 635 350; x_wconf 72' lang='grc' dir='ltr'><strong>καὶ</strong></span> <span class='ocrx_word' id='word_1_31' title='bbox 653 324 825 362; x_wconf 83' lang='grc' dir='ltr'>ὰντιμετρείν</span> <span class='ocrx_word' id='word_1_32' title='bbox 846 328 966 363; x_wconf 75' lang='grc' dir='ltr'>ἁμαρτία</span> 
     </span>
    </p>
   </div>
   <div class='ocr_carea' id='block_1_8' title="bbox 171 367 967 408">
    <p class='ocr_par' dir='ltr' id='par_1_8' title="bbox 171 367 967 408">
     <span class='ocr_line' id='line_1_8' title="bbox 171 367 967 408; baseline 0.01 -15"><span class='ocrx_word' id='word_1_33' title='bbox 171 367 325 403; x_wconf 79' lang='grc' dir='ltr'>διόρθωσιν.</span> <span class='ocrx_word' id='word_1_34' title='bbox 350 368 435 394; x_wconf 86' lang='grc' dir='ltr'><strong>Πόσον</strong></span> <span class='ocrx_word' id='word_1_35' title='bbox 455 369 510 405; x_wconf 79' lang='grc' dir='ltr'><strong>γὰρ</strong></span> <span class='ocrx_word' id='word_1_36' title='bbox 532 371 683 407; x_wconf 81' lang='grc' dir='ltr'><strong>εἰσοίσομεν</strong></span> <span class='ocrx_word' id='word_1_37' title='bbox 705 372 831 408; x_wconf 81' lang='grc' dir='ltr'>δάκρυον,</span> <span class='ocrx_word' id='word_1_38' title='bbox 849 374 881 400; x_wconf 78' lang='grc' dir='ltr'>ἵν’</span> <span class='ocrx_word' id='word_1_39' title='bbox 895 375 967 401; x_wconf 83' lang='grc' dir='ltr'>ἀντι-</span> 
     </span>
    </p>
   </div>
   <div class='ocr_carea' id='block_1_9' title="bbox 173 413 964 455">
    <p class='ocr_par' dir='ltr' id='par_1_9' title="bbox 173 413 964 455">
     <span class='ocr_line' id='line_1_9' title="bbox 173 413 964 455; baseline 0.006 -7"><span class='ocrx_word' id='word_1_40' title='bbox 173 413 246 448; x_wconf 76' lang='grc' dir='ltr'><strong>σωοῇ</strong></span> <span class='ocrx_word' id='word_1_41' title='bbox 260 414 292 448; x_wconf 80' lang='grc' dir='ltr'>τῇ</span> <span class='ocrx_word' id='word_1_42' title='bbox 306 415 381 449; x_wconf 77' lang='grc' dir='ltr'><strong>πηγῇ</strong></span> <span class='ocrx_word' id='word_1_43' title='bbox 396 414 444 440; x_wconf 73' lang='grc' dir='ltr'><strong>τοῦ</strong></span> <span class='ocrx_word' id='word_1_44' title='bbox 459 414 665 451; x_wconf 74' lang='grc' dir='ltr'><strong>βαπτίσματοςς</strong></span> <span class='ocrx_word' id='word_1_45' title='bbox 682 419 724 451; x_wconf 83' lang='grc' dir='ltr'>τίς</span> <span class='ocrx_word' id='word_1_46' title='bbox 744 419 771 446; x_wconf 69' lang='grc' dir='ltr'><strong>δὲ</strong></span> <span class='ocrx_word' id='word_1_47' title='bbox 784 420 798 447; x_wconf 70' lang='grc' dir='ltr'><strong><em>ὁ</em></strong></span> <span class='ocrx_word' id='word_1_48' title='bbox 819 420 964 455; x_wconf 71' lang='grc' dir='ltr'><strong>ἐγγυητὴς,</strong></span> 
     </span>
    </p>
   </div>
   <div class='ocr_carea' id='block_1_10' title="bbox 172 459 966 499">
    <p class='ocr_par' dir='ltr' id='par_1_10' title="bbox 172 459 966 499">
     <span class='ocr_line' id='line_1_10' title="bbox 172 459 966 499; baseline 0.009 -15"><span class='ocrx_word' id='word_1_49' title='bbox 172 459 211 485; x_wconf 74' lang='grc' dir='ltr'><strong>ὅτι</strong></span> <span class='ocrx_word' id='word_1_50' title='bbox 227 461 304 494; x_wconf 84' lang='grc' dir='ltr'>μενεῖ</span> <span class='ocrx_word' id='word_1_51' title='bbox 313 459 362 494; x_wconf 80' lang='grc' dir='ltr'><strong>τὴν</strong></span> <span class='ocrx_word' id='word_1_52' title='bbox 374 460 522 496; x_wconf 73' lang='grc' dir='ltr'>θεραπείαν</span> <span class='ocrx_word' id='word_1_53' title='bbox 535 462 566 488; x_wconf 82' lang='grc' dir='ltr'>τὸ</span> <span class='ocrx_word' id='word_1_54' title='bbox 579 463 666 496; x_wconf 78' lang='grc' dir='ltr'>τέλος,</span> <span class='ocrx_word' id='word_1_55' title='bbox 679 465 735 491; x_wconf 78' lang='grc' dir='ltr'>ἀλλ’</span> <span class='ocrx_word' id='word_1_56' title='bbox 747 465 797 492; x_wconf 89' lang='grc' dir='ltr'>οὐκ</span> <span class='ocrx_word' id='word_1_57' title='bbox 811 465 966 499; x_wconf 73' lang='grc' dir='ltr'>ὀφείλοντας</span> 
     </span>
    </p>
   </div>
   <div class='ocr_carea' id='block_1_11' title="bbox 172 504 966 545">
    <p class='ocr_par' dir='ltr' id='par_1_11' title="bbox 172 504 966 545">
     <span class='ocr_line' id='line_1_11' title="bbox 172 504 966 545; baseline 0.01 -15"><span class='ocrx_word' id='word_1_58' title='bbox 172 505 246 540; x_wconf 73' lang='grc' dir='ltr'>ἡμᾶς</span> <span class='ocrx_word' id='word_1_59' title='bbox 259 504 315 539; x_wconf 59' lang='grc'><strong>(44)</strong></span> <span class='ocrx_word' id='word_1_60' title='bbox 328 505 367 532; x_wconf 75' lang='grc' dir='ltr'>ἔτι</span> <span class='ocrx_word' id='word_1_61' title='bbox 380 506 410 532; x_wconf 84' lang='grc' dir='ltr'>τὸ</span> <span class='ocrx_word' id='word_1_62' title='bbox 423 508 563 542; x_wconf 73' lang='grc' dir='ltr'><strong>κριτήριον</strong></span> <span class='ocrx_word' id='word_1_63' title='bbox 573 509 740 543; x_wconf 66' lang='grc' dir='ltr'>ὑποδέξεται,</span> <span class='ocrx_word' id='word_1_64' title='bbox 753 510 799 538; x_wconf 76' lang='grc' dir='ltr'><strong>καὶ</strong></span> <span class='ocrx_word' id='word_1_65' title='bbox 812 511 860 545; x_wconf 80' lang='grc' dir='ltr'>τῆς</span> <span class='ocrx_word' id='word_1_66' title='bbox 876 513 966 538; x_wconf 78' lang='grc' dir='ltr'>ἐκεῖσε</span> 
     </span>
    </p>
   </div>
   <div class='ocr_carea' id='block_1_12' title="bbox 171 550 965 593">
    <p class='ocr_par' dir='ltr' id='par_1_12' title="bbox 171 550 965 593">
     <span class='ocr_line' id='line_1_12' title="bbox 171 550 965 593; baseline 0.01 -17"><span class='ocrx_word' id='word_1_67' title='bbox 171 550 315 585; x_wconf 75' lang='grc' dir='ltr'><strong>δεομένους</strong></span> <span class='ocrx_word' id='word_1_68' title='bbox 330 551 496 588; x_wconf 83' lang='grc' dir='ltr'>πυρώσεως;</span> <span class='ocrx_word' id='word_1_69' title='bbox 510 554 545 581; x_wconf 81' lang='grc' dir='ltr'><strong>Σὺ</strong></span> <span class='ocrx_word' id='word_1_70' title='bbox 569 554 617 590; x_wconf 79' lang='grc' dir='ltr'><strong>μὲν</strong></span> <span class='ocrx_word' id='word_1_71' title='bbox 629 555 712 592; x_wconf 83' lang='grc' dir='ltr'>δεήσῃ</span> <span class='ocrx_word' id='word_1_72' title='bbox 731 557 786 593; x_wconf 68' lang='grc'><strong>(45)</strong></span> <span class='ocrx_word' id='word_1_73' title='bbox 803 556 850 583; x_wconf 80' lang='grc' dir='ltr'><strong>τοῦ</strong></span> <span class='ocrx_word' id='word_1_74' title='bbox 863 558 965 583; x_wconf 85' lang='grc' dir='ltr'>Δεσπό-</span> 
     </span>
    </p>
   </div>
   <div class='ocr_carea' id='block_1_13' title="bbox 171 597 965 638">
    <p class='ocr_par' dir='ltr' id='par_1_13' title="bbox 171 597 965 638">
     <span class='ocr_line' id='line_1_13' title="bbox 171 597 965 638; baseline 0.009 -16"><span class='ocrx_word' id='word_1_75' title='bbox 171 604 218 622; x_wconf 85' lang='grc' dir='ltr'><strong>του</strong></span> <span class='ocrx_word' id='word_1_76' title='bbox 239 597 331 631; x_wconf 74' lang='grc' dir='ltr'>τυχὸν,</span> <span class='ocrx_word' id='word_1_77' title='bbox 353 598 368 624; x_wconf 85' lang='grc' dir='ltr'><strong><em>ὁ</em></strong></span> <span class='ocrx_word' id='word_1_78' title='bbox 393 598 475 631; x_wconf 84' lang='grc' dir='ltr'>καλὸς</span> <span class='ocrx_word' id='word_1_79' title='bbox 497 600 545 627; x_wconf 79' lang='grc' dir='ltr'><strong>καὶ</strong></span> <span class='ocrx_word' id='word_1_80' title='bbox 565 600 755 636; x_wconf 75' lang='grc' dir='ltr'>φιλάνθρωπος</span> <span class='ocrx_word' id='word_1_81' title='bbox 775 602 907 638; x_wconf 79' lang='grc' dir='ltr'>γεωργὸς,</span> <span class='ocrx_word' id='word_1_82' title='bbox 925 602 965 629; x_wconf 75' lang='grc' dir='ltr'>ἔτι</span> 
     </span>
    </p>
   </div>
   <div class='ocr_carea' id='block_1_14' title="bbox 172 644 966 683">
    <p class='ocr_par' dir='ltr' id='par_1_14' title="bbox 172 644 966 683">
     <span class='ocr_line' id='line_1_14' title="bbox 172 644 966 683; baseline 0.005 -13"><span class='ocrx_word' id='word_1_83' title='bbox 172 644 316 679; x_wconf 75' lang='grc' dir='ltr'>φείσασθαι</span> <span class='ocrx_word' id='word_1_84' title='bbox 339 645 389 680; x_wconf 76' lang='grc' dir='ltr'>τῆς</span> <span class='ocrx_word' id='word_1_85' title='bbox 416 645 511 680; x_wconf 80' lang='grc' dir='ltr'><strong>συκῆς,</strong></span> <span class='ocrx_word' id='word_1_86' title='bbox 540 646 586 672; x_wconf 70' lang='grc' dir='ltr'><strong>καὶ</strong></span> <span class='ocrx_word' id='word_1_87' title='bbox 614 647 697 682; x_wconf 83' lang='grc' dir='ltr'><strong>μήπω</strong></span> <span class='ocrx_word' id='word_1_88' title='bbox 717 647 817 683; x_wconf 81' lang='grc' dir='ltr'>ταύτην</span> <span class='ocrx_word' id='word_1_89' title='bbox 841 648 966 682; x_wconf 74' lang='grc' dir='ltr'><strong>ἐκτεμεῖν</strong></span> 
     </span>
    </p>
   </div>
   <div class='ocr_carea' id='block_1_15' title="bbox 171 690 967 728">
    <p class='ocr_par' dir='ltr' id='par_1_15' title="bbox 171 690 967 728">
     <span class='ocr_line' id='line_1_15' title="bbox 171 690 967 728; baseline 0.004 -12"><span class='ocrx_word' id='word_1_90' title='bbox 171 691 377 726; x_wconf 77' lang='grc' dir='ltr'>ἐγκαλουμένην</span> <span class='ocrx_word' id='word_1_91' title='bbox 391 690 422 717; x_wconf 80' lang='grc' dir='ltr'><strong>τὸ</strong></span> <span class='ocrx_word' id='word_1_92' title='bbox 435 691 569 727; x_wconf 83' lang='grc' dir='ltr'>ἄκαρπον,</span> <span class='ocrx_word' id='word_1_93' title='bbox 587 692 655 719; x_wconf 83' lang='grc' dir='ltr'>ἀλλὰ</span> <span class='ocrx_word' id='word_1_94' title='bbox 671 693 879 728; x_wconf 69' lang='grc' dir='ltr'><strong>συγχωρηθῆναι</strong></span> <span class='ocrx_word' id='word_1_95' title='bbox 893 702 967 728; x_wconf 80' lang='grc' dir='ltr'>περι·</span> 
     </span>
    </p>
   </div>
   <div class='ocr_carea' id='block_1_16' title="bbox 173 737 963 774">
    <p class='ocr_par' dir='ltr' id='par_1_16' title="bbox 173 737 963 774">
     <span class='ocr_line' id='line_1_16' title="bbox 173 737 963 774; baseline -0.001 -11"><span class='ocrx_word' id='word_1_96' title='bbox 173 737 265 764; x_wconf 75' lang='grc' dir='ltr'>ϐαλεῖν</span> <span class='ocrx_word' id='word_1_97' title='bbox 281 737 392 773; x_wconf 79' lang='grc' dir='ltr'><strong>κόπρια,</strong></span> <span class='ocrx_word' id='word_1_98' title='bbox 405 737 520 772; x_wconf 77' lang='grc' dir='ltr'>δάκρυα,</span> <span class='ocrx_word' id='word_1_99' title='bbox 533 738 710 774; x_wconf 82' lang='grc' dir='ltr'>στεναγμοὺς,</span> <span class='ocrx_word' id='word_1_100' title='bbox 725 739 887 774; x_wconf 72' lang='grc' dir='ltr'>ἀνακλήσεις</span> <span class='ocrx_word' id='word_1_101' title='bbox 898 739 963 774; x_wconf 65' lang='grc'><strong>(46),</strong></span> 
     </span>
    </p>
   </div>
   <div class='ocr_carea' id='block_1_17' title="bbox 173 783 963 820">
    <p class='ocr_par' dir='ltr' id='par_1_17' title="bbox 173 783 963 820">
     <span class='ocr_line' id='line_1_17' title="bbox 173 783 963 820; baseline 0.003 -11"><span class='ocrx_word' id='word_1_102' title='bbox 173 783 332 818; x_wconf 80' lang='grc' dir='ltr'>χαμευνίας,</span> <span class='ocrx_word' id='word_1_103' title='bbox 359 783 523 819; x_wconf 79' lang='grc' dir='ltr'><strong>ἀγρυπνίας,</strong></span> <span class='ocrx_word' id='word_1_104' title='bbox 551 784 628 819; x_wconf 80' lang='grc' dir='ltr'>τῆξιν</span> <span class='ocrx_word' id='word_1_105' title='bbox 653 784 742 820; x_wconf 71' lang='grc' dir='ltr'>ψυχῆς</span> <span class='ocrx_word' id='word_1_106' title='bbox 765 785 811 811; x_wconf 75' lang='grc' dir='ltr'>καὶ</span> <span class='ocrx_word' id='word_1_107' title='bbox 829 784 963 820; x_wconf 80' lang='grc' dir='ltr'>σώματος,</span> 
     </span>
    </p>
   </div>
   <div class='ocr_carea' id='block_1_18' title="bbox 171 829 964 868">
    <p class='ocr_par' dir='ltr' id='par_1_18' title="bbox 171 829 964 868">
     <span class='ocr_line' id='line_1_18' title="bbox 171 829 964 868; baseline 0.004 -13"><span class='ocrx_word' id='word_1_108' title='bbox 171 829 221 864; x_wconf 81' lang='grc' dir='ltr'><strong>τὴν</strong></span> <span class='ocrx_word' id='word_1_109' title='bbox 237 829 270 855; x_wconf 79' lang='grc' dir='ltr'><strong>δι’</strong></span> <span class='ocrx_word' id='word_1_110' title='bbox 282 829 494 865; x_wconf 80' lang='grc' dir='ltr'>ἐξαγορεύσεως,</span> <span class='ocrx_word' id='word_1_111' title='bbox 510 831 556 857; x_wconf 72' lang='grc' dir='ltr'><strong>καὶ</strong></span> <span class='ocrx_word' id='word_1_112' title='bbox 571 831 734 868; x_wconf 79' lang='grc' dir='ltr'><strong>ἀτιμοτέρας</strong></span> <span class='ocrx_word' id='word_1_113' title='bbox 750 831 860 866; x_wconf 75' lang='grc' dir='ltr'><strong>ἀγωγῆς</strong></span> <span class='ocrx_word' id='word_1_114' title='bbox 880 832 964 858; x_wconf 60' lang='lat' dir='ltr'><strong>amv-</strong></span> 
     </span>
    </p>
   </div>
   <div class='ocr_carea' id='block_1_19' title="bbox 170 876 962 913">
    <p class='ocr_par' dir='ltr' id='par_1_19' title="bbox 170 876 962 913">
     <span class='ocr_line' id='line_1_19' title="bbox 170 876 962 913; baseline 0.001 -11"><span class='ocrx_word' id='word_1_115' title='bbox 170 876 302 911; x_wconf 82' lang='grc' dir='ltr'>όρθωσιν·</span> <span class='ocrx_word' id='word_1_116' title='bbox 322 876 419 912; x_wconf 78' lang='grc' dir='ltr'>ἄδηλον</span> <span class='ocrx_word' id='word_1_117' title='bbox 434 877 473 909; x_wconf 82' lang='grc' dir='ltr'><strong>δὲ,</strong></span> <span class='ocrx_word' id='word_1_118' title='bbox 502 877 526 903; x_wconf 84' lang='grc' dir='ltr'>εἰ</span> <span class='ocrx_word' id='word_1_119' title='bbox 540 877 660 911; x_wconf 77' lang='grc' dir='ltr'>φείσεται</span> <span class='ocrx_word' id='word_1_120' title='bbox 675 879 774 912; x_wconf 77' lang='grc' dir='ltr'><strong>ταύτης</strong></span> <span class='ocrx_word' id='word_1_121' title='bbox 790 878 803 903; x_wconf 68' lang='grc' dir='ltr'>ὁ</span> <span class='ocrx_word' id='word_1_122' title='bbox 816 877 962 913; x_wconf 73' lang='grc' dir='ltr'>Δεσπότης,</span> 
     </span>
    </p>
   </div>
   <div class='ocr_carea' id='block_1_20' title="bbox 1018 285 1802 325">
    <p class='ocr_par' dir='ltr' id='par_1_20' title="bbox 1018 285 1802 325">
     <span class='ocr_line' id='line_1_20' title="bbox 1018 285 1802 325; baseline 0.008 -13"><span class='ocrx_word' id='word_1_123' title='bbox 1018 285 1194 314; x_wconf 83' lang='lat' dir='ltr'><strong>diilieiliorem</strong></span> <span class='ocrx_word' id='word_1_124' title='bbox 1211 291 1238 314; x_wconf 92' lang='lat' dir='ltr'><strong>et</strong></span> <span class='ocrx_word' id='word_1_125' title='bbox 1258 287 1441 315; x_wconf 75' lang='lat' dir='ltr'><strong>molestiorem</strong></span> <span class='ocrx_word' id='word_1_126' title='bbox 1465 287 1605 321; x_wconf 74' lang='lat' dir='ltr'><strong>adhibere,</strong></span> <span class='ocrx_word' id='word_1_127' title='bbox 1625 296 1657 316; x_wconf 84' lang='lat' dir='ltr'><strong>ac</strong></span> <span class='ocrx_word' id='word_1_128' title='bbox 1682 290 1802 325; x_wconf 87' lang='lat' dir='ltr'><strong>projecta</strong></span> 
     </span>
    </p>
   </div>
   <div class='ocr_carea' id='block_1_21' title="bbox 1019 332 1803 368">
    <p class='ocr_par' dir='ltr' id='par_1_21' title="bbox 1019 332 1803 368">
     <span class='ocr_line' id='line_1_21' title="bbox 1019 332 1803 368; baseline 0.006 -10"><span class='ocrx_word' id='word_1_129' title='bbox 1019 332 1214 360; x_wconf 67' lang='lat' dir='ltr'><strong>misericordia:</strong></span> <span class='ocrx_word' id='word_1_130' title='bbox 1238 334 1334 368; x_wconf 84' lang='lat' dir='ltr'><strong>gratia,</strong></span> <span class='ocrx_word' id='word_1_131' title='bbox 1360 334 1498 368; x_wconf 80' lang='lat' dir='ltr'><strong>suppliciis</strong></span> <span class='ocrx_word' id='word_1_132' title='bbox 1522 335 1638 368; x_wconf 81' lang='lat' dir='ltr'><strong>Seipsum</strong></span> <span class='ocrx_word' id='word_1_133' title='bbox 1656 335 1803 364; x_wconf 79' lang='lat' dir='ltr'><strong>obnoxium</strong></span> 
     </span>
    </p>
   </div>
   <div class='ocr_carea' id='block_1_22' title="bbox 1017 378 1802 413">
    <p class='ocr_par' dir='ltr' id='par_1_22' title="bbox 1017 378 1802 413">
     <span class='ocr_line' id='line_1_22' title="bbox 1017 378 1802 413; baseline 0.005 -9"><span class='ocrx_word' id='word_1_134' title='bbox 1017 378 1139 410; x_wconf 79' lang='lat' dir='ltr'><strong>reddere,</strong></span> <span class='ocrx_word' id='word_1_135' title='bbox 1170 384 1250 413; x_wconf 87' lang='lat' dir='ltr'><strong>atque</strong></span> <span class='ocrx_word' id='word_1_136' title='bbox 1278 387 1310 406; x_wconf 81' lang='lat' dir='ltr'><strong>ex</strong></span> <span class='ocrx_word' id='word_1_137' title='bbox 1333 379 1424 407; x_wconf 91' lang='lat' dir='ltr'><strong>delicti</strong></span> <span class='ocrx_word' id='word_1_138' title='bbox 1453 379 1557 406; x_wconf 89' lang='lat' dir='ltr'><strong>ratione</strong></span> <span class='ocrx_word' id='word_1_139' title='bbox 1585 381 1802 409; x_wconf 74' lang='lat' dir='ltr'><strong>emendationem</strong></span> 
     </span>
    </p>
   </div>
   <div class='ocr_carea' id='block_1_23' title="bbox 1016 423 1805 460">
    <p class='ocr_par' dir='ltr' id='par_1_23' title="bbox 1016 423 1805 460">
     <span class='ocr_line' id='line_1_23' title="bbox 1016 423 1805 460; baseline 0.005 -11"><span class='ocrx_word' id='word_1_140' title='bbox 1016 430 1134 457; x_wconf 65' lang='lat' dir='ltr'><strong>mquare.</strong></span> <span class='ocrx_word' id='word_1_141' title='bbox 1148 423 1284 457; x_wconf 86' lang='lat' dir='ltr'><strong>Quantam</strong></span> <span class='ocrx_word' id='word_1_142' title='bbox 1310 425 1381 451; x_wconf 89' lang='lat' dir='ltr'><strong>enim</strong></span> <span class='ocrx_word' id='word_1_143' title='bbox 1403 424 1582 460; x_wconf 84' lang='lat' dir='ltr'><strong>lacrymarum</strong></span> <span class='ocrx_word' id='word_1_144' title='bbox 1596 425 1649 452; x_wconf 88' lang='lat' dir='ltr'><strong>vim</strong></span> <span class='ocrx_word' id='word_1_145' title='bbox 1665 426 1805 460; x_wconf 89' lang='lat' dir='ltr'><strong>impende-</strong></span> 
     </span>
    </p>
   </div>
   <div class='ocr_carea' id='block_1_24' title="bbox 1017 470 1804 506">
    <p class='ocr_par' dir='ltr' id='par_1_24' title="bbox 1017 470 1804 506">
     <span class='ocr_line' id='line_1_24' title="bbox 1017 470 1804 506; baseline 0.006 -12"><span class='ocrx_word' id='word_1_146' title='bbox 1017 476 1086 501; x_wconf 87' lang='lat' dir='ltr'><strong>mns,</strong></span> <span class='ocrx_word' id='word_1_147' title='bbox 1114 474 1143 496; x_wconf 87' lang='lat' dir='ltr'><strong>ut</strong></span> <span class='ocrx_word' id='word_1_148' title='bbox 1162 477 1193 496; x_wconf 87' lang='lat' dir='ltr'><strong>ea</strong></span> <span class='ocrx_word' id='word_1_149' title='bbox 1218 477 1279 497; x_wconf 84' lang='lat' dir='ltr'><strong>eum</strong></span> <span class='ocrx_word' id='word_1_150' title='bbox 1305 470 1429 505; x_wconf 81' lang='lat' dir='ltr'><strong>baptismi</strong></span> <span class='ocrx_word' id='word_1_151' title='bbox 1457 471 1530 497; x_wconf 75' lang='lat' dir='ltr'><strong>fonte</strong></span> <span class='ocrx_word' id='word_1_152' title='bbox 1549 471 1804 506; x_wconf 71' lang='lat' dir='ltr'><strong>exmquaripossil?</strong></span> 
     </span>
    </p>
   </div>
   <div class='ocr_carea' id='block_1_25' title="bbox 1021 513 1803 550">
    <p class='ocr_par' dir='ltr' id='par_1_25' title="bbox 1021 513 1803 550">
     <span class='ocr_line' id='line_1_25' title="bbox 1021 513 1803 550; baseline 0.006 -10"><span class='ocrx_word' id='word_1_153' title='bbox 1021 513 1087 546; x_wconf 84' lang='lat' dir='ltr'><strong>Quis</strong></span> <span class='ocrx_word' id='word_1_154' title='bbox 1099 518 1190 541; x_wconf 89' lang='lat' dir='ltr'><strong>autem</strong></span> <span class='ocrx_word' id='word_1_155' title='bbox 1213 522 1328 550; x_wconf 86' lang='lat' dir='ltr'><strong>sponsor</strong></span> <span class='ocrx_word' id='word_1_156' title='bbox 1352 517 1415 549; x_wconf 88' lang='lat' dir='ltr'><strong>erit,</strong></span> <span class='ocrx_word' id='word_1_157' title='bbox 1441 515 1508 548; x_wconf 78' lang='lat' dir='ltr'><strong>fore.</strong></span> <span class='ocrx_word' id='word_1_158' title='bbox 1527 521 1555 544; x_wconf 93' lang='lat' dir='ltr'><strong>ut</strong></span> <span class='ocrx_word' id='word_1_159' title='bbox 1568 517 1630 544; x_wconf 73' lang='lat' dir='ltr'><strong>vita:</strong></span> <span class='ocrx_word' id='word_1_160' title='bbox 1642 517 1702 545; x_wconf 84' lang='lat' dir='ltr'><strong>ﬁnis</strong></span> <span class='ocrx_word' id='word_1_161' title='bbox 1721 526 1803 545; x_wconf 85' lang='lat' dir='ltr'><strong>cura-</strong></span> 
     </span>
    </p>
   </div>
   <div class='ocr_carea' id='block_1_26' title="bbox 1017 560 1798 596">
    <p class='ocr_par' dir='ltr' id='par_1_26' title="bbox 1017 560 1798 596">
     <span class='ocr_line' id='line_1_26' title="bbox 1017 560 1798 596; baseline 0.006 -11"><span class='ocrx_word' id='word_1_162' title='bbox 1017 560 1116 586; x_wconf 89' lang='lat' dir='ltr'><strong>tionem</strong></span> <span class='ocrx_word' id='word_1_163' title='bbox 1129 565 1276 594; x_wconf 87' lang='lat' dir='ltr'><strong>exspectet,</strong></span> <span class='ocrx_word' id='word_1_164' title='bbox 1290 569 1321 588; x_wconf 86' lang='lat' dir='ltr'><strong>ac</strong></span> <span class='ocrx_word' id='word_1_165' title='bbox 1347 569 1398 588; x_wconf 91' lang='lat' dir='ltr'><strong>non</strong></span> <span class='ocrx_word' id='word_1_166' title='bbox 1423 562 1512 596; x_wconf 81' lang='lat' dir='ltr'><strong>potius</strong></span> <span class='ocrx_word' id='word_1_167' title='bbox 1535 562 1623 589; x_wconf 86' lang='lat' dir='ltr'><strong>adhuc</strong></span> <span class='ocrx_word' id='word_1_168' title='bbox 1639 571 1693 589; x_wconf 68' lang='lat' dir='ltr'><strong>tere</strong></span> <span class='ocrx_word' id='word_1_169' title='bbox 1707 563 1798 590; x_wconf 89' lang='lat' dir='ltr'><strong>alieno</strong></span> 
     </span>
    </p>
   </div>
   <div class='ocr_carea' id='block_1_27' title="bbox 1017 607 1802 642">
    <p class='ocr_par' dir='ltr' id='par_1_27' title="bbox 1017 607 1802 642">
     <span class='ocr_line' id='line_1_27' title="bbox 1017 607 1802 642; baseline 0.006 -11"><span class='ocrx_word' id='word_1_170' title='bbox 1017 611 1142 637; x_wconf 85' lang='lat' dir='ltr'><strong>pressos,</strong></span> <span class='ocrx_word' id='word_1_171' title='bbox 1162 611 1242 640; x_wconf 87' lang='lat' dir='ltr'><strong>atque</strong></span> <span class='ocrx_word' id='word_1_172' title='bbox 1265 607 1333 640; x_wconf 81' lang='lat' dir='ltr'><strong>ignis</strong></span> <span class='ocrx_word' id='word_1_173' title='bbox 1360 607 1431 634; x_wconf 84' lang='lat' dir='ltr'><strong>illius</strong></span> <span class='ocrx_word' id='word_1_174' title='bbox 1449 608 1546 635; x_wconf 86' lang='lat' dir='ltr'><strong>ardore</strong></span> <span class='ocrx_word' id='word_1_175' title='bbox 1557 616 1625 642; x_wconf 87' lang='lat' dir='ltr'><strong>opus</strong></span> <span class='ocrx_word' id='word_1_176' title='bbox 1651 608 1802 641; x_wconf 80' lang='lat' dir='ltr'><strong>habentes.</strong></span> 
     </span>
    </p>
   </div>
   <div class='ocr_carea' id='block_1_28' title="bbox 1017 650 1802 688">
    <p class='ocr_par' dir='ltr' id='par_1_28' title="bbox 1017 650 1802 688">
     <span class='ocr_line' id='line_1_28' title="bbox 1017 650 1802 688; baseline 0.008 -12"><span class='ocrx_word' id='word_1_177' title='bbox 1017 650 1136 677; x_wconf 89' lang='lat' dir='ltr'><strong>tribunal</strong></span> <span class='ocrx_word' id='word_1_178' title='bbox 1151 651 1214 678; x_wconf 90' lang='lat' dir='ltr'><strong>illud</strong></span> <span class='ocrx_word' id='word_1_179' title='bbox 1230 653 1380 687; x_wconf 78' lang='lat' dir='ltr'><strong>suscipiat?</strong></span> <span class='ocrx_word' id='word_1_180' title='bbox 1391 653 1430 681; x_wconf 87' lang='lat' dir='ltr'><strong>Tn</strong></span> <span class='ocrx_word' id='word_1_181' title='bbox 1447 655 1555 688; x_wconf 85' lang='lat' dir='ltr'><strong>quidem</strong></span> <span class='ocrx_word' id='word_1_182' title='bbox 1579 654 1704 687; x_wconf 78' lang='lat' dir='ltr'><strong>fortasse,</strong></span> <span class='ocrx_word' id='word_1_183' title='bbox 1731 655 1802 682; x_wconf 85' lang='lat' dir='ltr'><strong>bone</strong></span> 
     </span>
    </p>
   </div>
   <div class='ocr_carea' id='block_1_29' title="bbox 1015 696 1803 735">
    <p class='ocr_par' dir='ltr' id='par_1_29' title="bbox 1015 696 1803 735">
     <span class='ocr_line' id='line_1_29' title="bbox 1015 696 1803 735; baseline 0.006 -13"><span class='ocrx_word' id='word_1_184' title='bbox 1015 700 1041 722; x_wconf 90' lang='lat' dir='ltr'><strong>et</strong></span> <span class='ocrx_word' id='word_1_185' title='bbox 1055 696 1171 724; x_wconf 83' lang='lat' dir='ltr'><strong>humane</strong></span> <span class='ocrx_word' id='word_1_186' title='bbox 1189 698 1317 732; x_wconf 76' lang='lat' dir='ltr'><strong>agricola,</strong></span> <span class='ocrx_word' id='word_1_187' title='bbox 1342 699 1484 726; x_wconf 87' lang='lat' dir='ltr'><strong>Dominum</strong></span> <span class='ocrx_word' id='word_1_188' title='bbox 1500 700 1612 735; x_wconf 77' lang='lat' dir='ltr'><strong>supplex</strong></span> <span class='ocrx_word' id='word_1_189' title='bbox 1638 700 1755 734; x_wconf 76' lang='lat' dir='ltr'><strong>rogabis,</strong></span> <span class='ocrx_word' id='word_1_190' title='bbox 1774 705 1803 727; x_wconf 88' lang='grc' dir='ltr'><strong>ιιι</strong></span> 
     </span>
    </p>
   </div>
   <div class='ocr_carea' id='block_1_30' title="bbox 1016 743 1794 778">
    <p class='ocr_par' dir='ltr' id='par_1_30' title="bbox 1016 743 1794 778">
     <span class='ocr_line' id='line_1_30' title="bbox 1016 743 1794 778; baseline 0.005 -9"><span class='ocrx_word' id='word_1_191' title='bbox 1016 743 1135 770; x_wconf 69' lang='lat' dir='ltr'><strong>ﬁculnea:</strong></span> <span class='ocrx_word' id='word_1_192' title='bbox 1148 744 1238 771; x_wconf 89' lang='lat' dir='ltr'><strong>adhuc</strong></span> <span class='ocrx_word' id='word_1_193' title='bbox 1252 750 1345 778; x_wconf 87' lang='lat' dir='ltr'><strong>parcat</strong></span> <span class='ocrx_word' id='word_1_194' title='bbox 1357 745 1391 778; x_wconf 78' lang='grc'><strong>⁸⁷,</strong></span> <span class='ocrx_word' id='word_1_195' title='bbox 1408 753 1456 772; x_wconf 84' lang='lat' dir='ltr'><strong>nec</strong></span> <span class='ocrx_word' id='word_1_196' title='bbox 1471 754 1530 772; x_wconf 82' lang='lat' dir='ltr'><strong>eam</strong></span> <span class='ocrx_word' id='word_1_197' title='bbox 1546 746 1696 773; x_wconf 81' lang='lat' dir='ltr'><strong>sterilitatis</strong></span> <span class='ocrx_word' id='word_1_198' title='bbox 1712 754 1794 773; x_wconf 87' lang='lat' dir='ltr'><strong>accu-</strong></span> 
     </span>
    </p>
   </div>
   <div class='ocr_carea' id='block_1_31' title="bbox 1015 790 1802 827">
    <p class='ocr_par' dir='ltr' id='par_1_31' title="bbox 1015 790 1802 827">
     <span class='ocr_line' id='line_1_31' title="bbox 1015 790 1802 827; baseline 0.006 -13"><span class='ocrx_word' id='word_1_199' title='bbox 1015 794 1102 816; x_wconf 84' lang='lat' dir='ltr'><strong>satam</strong></span> <span class='ocrx_word' id='word_1_200' title='bbox 1129 790 1218 817; x_wconf 83' lang='lat' dir='ltr'><strong>adhuc</strong></span> <span class='ocrx_word' id='word_1_201' title='bbox 1242 791 1372 822; x_wconf 74' lang='lat' dir='ltr'><strong>succidat,</strong></span> <span class='ocrx_word' id='word_1_202' title='bbox 1397 800 1490 818; x_wconf 88' lang='lat' dir='ltr'><strong>verum</strong></span> <span class='ocrx_word' id='word_1_203' title='bbox 1520 792 1566 819; x_wconf 90' lang='lat' dir='ltr'><strong>tibi</strong></span> <span class='ocrx_word' id='word_1_204' title='bbox 1595 793 1744 827; x_wconf 81' lang='lat' dir='ltr'><strong>permittat,</strong></span> <span class='ocrx_word' id='word_1_205' title='bbox 1773 796 1802 819; x_wconf 82' lang='lat' dir='ltr'><strong>ut</strong></span> 
     </span>
    </p>
   </div>
   <div class='ocr_carea' id='block_1_32' title="bbox 1015 836 1801 872">
    <p class='ocr_par' dir='ltr' id='par_1_32' title="bbox 1015 836 1801 872">
     <span class='ocr_line' id='line_1_32' title="bbox 1015 836 1801 872; baseline 0.003 -10"><span class='ocrx_word' id='word_1_206' title='bbox 1015 840 1134 863; x_wconf 87' lang='lat' dir='ltr'><strong>stercora</strong></span> <span class='ocrx_word' id='word_1_207' title='bbox 1151 836 1268 871; x_wconf 89' lang='lat' dir='ltr'><strong>undique</strong></span> <span class='ocrx_word' id='word_1_208' title='bbox 1291 837 1316 863; x_wconf 91' lang='lat' dir='ltr'><strong>in</strong></span> <span class='ocrx_word' id='word_1_209' title='bbox 1337 845 1395 863; x_wconf 86' lang='lat' dir='ltr'><strong>eam</strong></span> <span class='ocrx_word' id='word_1_210' title='bbox 1423 837 1538 871; x_wconf 85' lang='lat' dir='ltr'><strong>injicias,</strong></span> <span class='ocrx_word' id='word_1_211' title='bbox 1562 838 1614 865; x_wconf 90' lang='lat' dir='ltr'><strong>hoc</strong></span> <span class='ocrx_word' id='word_1_212' title='bbox 1636 842 1689 870; x_wconf 88' lang='lat' dir='ltr'><strong>est,</strong></span> <span class='ocrx_word' id='word_1_213' title='bbox 1712 838 1801 872; x_wconf 88' lang='lat' dir='ltr'><strong>lacry-</strong></span> 
     </span>
    </p>
   </div>
   <div class='ocr_carea' id='block_1_33' title="bbox 1015 882 1801 918">
    <p class='ocr_par' dir='ltr' id='par_1_33' title="bbox 1015 882 1801 918">
     <span class='ocr_line' id='line_1_33' title="bbox 1015 882 1801 918; baseline 0.005 -13"><span class='ocrx_word' id='word_1_214' title='bbox 1015 888 1084 918; x_wconf 82' lang='lat' dir='ltr'><strong>mas,</strong></span> <span class='ocrx_word' id='word_1_215' title='bbox 1100 882 1226 916; x_wconf 81' lang='lat' dir='ltr'><strong>gemitus,</strong></span> <span class='ocrx_word' id='word_1_216' title='bbox 1245 889 1350 916; x_wconf 85' lang='lat' dir='ltr'><strong>preces,</strong></span> <span class='ocrx_word' id='word_1_217' title='bbox 1368 883 1553 915; x_wconf 82' lang='lat' dir='ltr'><strong>chameunias,</strong></span> <span class='ocrx_word' id='word_1_218' title='bbox 1568 883 1686 917; x_wconf 79' lang='lat' dir='ltr'><strong>vigilias,</strong></span> <span class='ocrx_word' id='word_1_219' title='bbox 1703 883 1801 909; x_wconf 70' lang='lat' dir='ltr'><strong>animae</strong></span> 
     </span>
    </p>
   </div>
   <div class='ocr_carea' id='block_1_34' title="bbox 171 911 963 963">
    <p class='ocr_par' dir='ltr' id='par_1_34' title="bbox 171 921 962 958">
     <span class='ocr_line' id='line_1_34' title="bbox 171 921 962 958; baseline 0.001 -11"><span class='ocrx_word' id='word_1_220' title='bbox 171 921 210 952; x_wconf 82' lang='grc' dir='ltr'>ὼς</span> <span class='ocrx_word' id='word_1_221' title='bbox 237 921 429 957; x_wconf 67' lang='grc' dir='ltr'>κατειργούσης</span> <span class='ocrx_word' id='word_1_222' title='bbox 454 922 499 948; x_wconf 81' lang='grc' dir='ltr'><strong>τὸν</strong></span> <span class='ocrx_word' id='word_1_223' title='bbox 527 922 625 955; x_wconf 72' lang='grc' dir='ltr'>τὸπον,</span> <span class='ocrx_word' id='word_1_224' title='bbox 652 923 731 950; x_wconf 78' lang='grc' dir='ltr'>ἄλλου</span> <span class='ocrx_word' id='word_1_225' title='bbox 755 923 812 958; x_wconf 73' lang='grc'><strong>(47)</strong></span> <span class='ocrx_word' id='word_1_226' title='bbox 835 922 962 957; x_wconf 80' lang='grc' dir='ltr'><strong>δεομένου</strong></span> 
     </span>
    </p>
   </div>
   <div class='ocr_carea' id='block_1_35' title="bbox 1015 911 1799 963">
    <p class='ocr_par' dir='ltr' id='par_1_35' title="bbox 1020 927 1799 963">
     <span class='ocr_line' id='line_1_35' title="bbox 1020 927 1799 963; baseline 0.003 -10"><span class='ocrx_word' id='word_1_227' title='bbox 1020 931 1047 953; x_wconf 91' lang='lat' dir='ltr'><strong>et</strong></span> <span class='ocrx_word' id='word_1_228' title='bbox 1068 927 1189 959; x_wconf 84' lang='lat' dir='ltr'><strong>corporis</strong></span> <span class='ocrx_word' id='word_1_229' title='bbox 1216 928 1437 960; x_wconf 87' lang='lat' dir='ltr'><strong>macerationem,</strong></span> <span class='ocrx_word' id='word_1_230' title='bbox 1466 936 1498 955; x_wconf 89' lang='lat' dir='ltr'><strong>ac</strong></span> <span class='ocrx_word' id='word_1_231' title='bbox 1521 929 1636 963; x_wconf 85' lang='lat' dir='ltr'><strong>denique</strong></span> <span class='ocrx_word' id='word_1_232' title='bbox 1651 928 1799 956; x_wconf 89' lang='lat' dir='ltr'><strong>correctio-</strong></span> 
     </span>
    </p>
   </div>
   <div class='ocr_carea' id='block_1_36' title="bbox 172 967 963 1008">
    <p class='ocr_par' dir='ltr' id='par_1_36' title="bbox 172 967 962 1005">
     <span class='ocr_line' id='line_1_36' title="bbox 172 967 962 1005; baseline 0.003 -13"><span class='ocrx_word' id='word_1_233' title='bbox 172 967 393 1003; x_wconf 80' lang='grc' dir='ltr'>φιλανθρωπίας,</span> <span class='ocrx_word' id='word_1_234' title='bbox 417 969 465 995; x_wconf 75' lang='grc' dir='ltr'><strong>καὶ</strong></span> <span class='ocrx_word' id='word_1_235' title='bbox 488 968 629 1003; x_wconf 78' lang='grc' dir='ltr'>γινομένου</span> <span class='ocrx_word' id='word_1_236' title='bbox 652 969 771 1005; x_wconf 79' lang='grc' dir='ltr'>χείρονος</span> <span class='ocrx_word' id='word_1_237' title='bbox 798 970 829 996; x_wconf 83' lang='grc' dir='ltr'>ὲκ</span> <span class='ocrx_word' id='word_1_238' title='bbox 851 969 900 1004; x_wconf 85' lang='grc' dir='ltr'>τῆς</span> <span class='ocrx_word' id='word_1_239' title='bbox 922 969 962 1000; x_wconf 78' lang='grc' dir='ltr'>εἰς</span> 
     </span>
    </p>
   </div>
   <div class='ocr_carea' id='block_1_37' title="bbox 1015 967 1798 1008">
    <p class='ocr_par' dir='ltr' id='par_1_37' title="bbox 1017 975 1798 1008">
     <span class='ocr_line' id='line_1_37' title="bbox 1017 975 1798 1008; baseline 0 -9"><span class='ocrx_word' id='word_1_240' title='bbox 1017 981 1079 999; x_wconf 82' lang='lat' dir='ltr'><strong>nent</strong></span> <span class='ocrx_word' id='word_1_241' title='bbox 1108 981 1178 1004; x_wconf 77' lang='lat' dir='ltr'><strong>eam,</strong></span> <span class='ocrx_word' id='word_1_242' title='bbox 1201 982 1261 1008; x_wconf 73' lang='lat' dir='ltr'><strong>qum</strong></span> <span class='ocrx_word' id='word_1_243' title='bbox 1285 982 1317 1002; x_wconf 85' lang='lat' dir='ltr'><strong>ex</strong></span> <span class='ocrx_word' id='word_1_244' title='bbox 1340 975 1442 1008; x_wconf 66' lang='lat' dir='ltr'><strong>peccati</strong></span> <span class='ocrx_word' id='word_1_245' title='bbox 1469 975 1651 1007; x_wconf 77' lang='lat' dir='ltr'><strong>confessione,</strong></span> <span class='ocrx_word' id='word_1_246' title='bbox 1677 978 1798 1001; x_wconf 85' lang='lat' dir='ltr'><strong>content-</strong></span> 
     </span>
    </p>
   </div>
   <div class='ocr_carea' id='block_1_38' title="bbox 171 1012 962 1050">
    <p class='ocr_par' dir='ltr' id='par_1_38' title="bbox 171 1012 962 1050">
     <span class='ocr_line' id='line_1_38' title="bbox 171 1012 962 1050; baseline 0.003 -12"><span class='ocrx_word' id='word_1_247' title='bbox 171 1012 266 1039; x_wconf 76' lang='grc' dir='ltr'>τοῦτον</span> <span class='ocrx_word' id='word_1_248' title='bbox 282 1014 484 1049; x_wconf 81' lang='grc' dir='ltr'>μακροθυμίας.</span> <span class='ocrx_word' id='word_1_249' title='bbox 511 1014 696 1050; x_wconf 67' lang='grc' dir='ltr'>Συνταφῶμεν</span> <span class='ocrx_word' id='word_1_250' title='bbox 718 1013 764 1041; x_wconf 75' lang='grc' dir='ltr'>οὖν</span> <span class='ocrx_word' id='word_1_251' title='bbox 787 1013 897 1050; x_wconf 74' lang='grc' dir='ltr'>Χριστῷ</span> <span class='ocrx_word' id='word_1_252' title='bbox 917 1014 962 1040; x_wconf 83' lang='grc' dir='ltr'><strong>διὰ</strong></span> 
     </span>
    </p>
   </div>
   <div class='ocr_carea' id='block_1_39' title="bbox 171 1059 962 1096">
    <p class='ocr_par' dir='ltr' id='par_1_39' title="bbox 171 1059 962 1096">
     <span class='ocr_line' id='line_1_39' title="bbox 171 1059 962 1096; baseline 0.003 -12"><span class='ocrx_word' id='word_1_253' title='bbox 171 1059 217 1085; x_wconf 69' lang='grc' dir='ltr'>τοῦ</span> <span class='ocrx_word' id='word_1_254' title='bbox 246 1059 442 1094; x_wconf 75' lang='grc' dir='ltr'><strong>βαπτίσματος,</strong></span> <span class='ocrx_word' id='word_1_255' title='bbox 462 1060 506 1087; x_wconf 78' lang='grc' dir='ltr'><strong>ἴνα</strong></span> <span class='ocrx_word' id='word_1_256' title='bbox 531 1061 577 1087; x_wconf 75' lang='grc' dir='ltr'>καὶ</span> <span class='ocrx_word' id='word_1_257' title='bbox 595 1060 820 1096; x_wconf 77' lang='grc' dir='ltr'>συναναστῶμεν·</span> <span class='ocrx_word' id='word_1_258' title='bbox 846 1069 962 1095; x_wconf 83' lang='grc' dir='ltr'>συγκατ-</span> 
     </span>
    </p>
   </div>
   <div class='ocr_carea' id='block_1_40' title="bbox 171 1104 962 1142">
    <p class='ocr_par' dir='ltr' id='par_1_40' title="bbox 171 1104 962 1142">
     <span class='ocr_line' id='line_1_40' title="bbox 171 1104 962 1142; baseline 0.004 -12"><span class='ocrx_word' id='word_1_259' title='bbox 171 1104 304 1140; x_wconf 82' lang='grc' dir='ltr'>ἐλοωμεν,</span> <span class='ocrx_word' id='word_1_260' title='bbox 334 1106 378 1131; x_wconf 82' lang='grc' dir='ltr'><strong>ἵνα</strong></span> <span class='ocrx_word' id='word_1_261' title='bbox 395 1106 441 1132; x_wconf 76' lang='grc' dir='ltr'><strong>καὶ</strong></span> <span class='ocrx_word' id='word_1_262' title='bbox 456 1105 671 1141; x_wconf 59' lang='grc' dir='ltr'>συνυῴωθῶμενε</span> <span class='ocrx_word' id='word_1_263' title='bbox 691 1106 903 1142; x_wconf 78' lang='grc' dir='ltr'>συνανέλϐωμεν,</span> <span class='ocrx_word' id='word_1_264' title='bbox 919 1107 962 1133; x_wconf 84' lang='grc' dir='ltr'><strong>ἴνα</strong></span> 
     </span>
    </p>
   </div>
   <div class='ocr_carea' id='block_1_41' title="bbox 173 1151 468 1187">
    <p class='ocr_par' dir='ltr' id='par_1_41' title="bbox 173 1151 468 1187">
     <span class='ocr_line' id='line_1_41' title="bbox 173 1151 468 1187; baseline 0.007 -10"><span class='ocrx_word' id='word_1_265' title='bbox 173 1151 221 1177; x_wconf 70' lang='grc' dir='ltr'><strong>καὶ</strong></span> <span class='ocrx_word' id='word_1_266' title='bbox 236 1151 468 1187; x_wconf 77' lang='grc' dir='ltr'>συνδοξασθῶμεν.</span> 
     </span>
    </p>
   </div>
   <div class='ocr_carea' id='block_1_42' title="bbox 1014 1019 1800 1056">
    <p class='ocr_par' dir='ltr' id='par_1_42' title="bbox 1014 1019 1800 1056">
     <span class='ocr_line' id='line_1_42' title="bbox 1014 1019 1800 1056; baseline 0 -10"><span class='ocrx_word' id='word_1_267' title='bbox 1014 1019 1147 1054; x_wconf 85' lang='lat' dir='ltr'><strong>ptiorique</strong></span> <span class='ocrx_word' id='word_1_268' title='bbox 1155 1020 1236 1055; x_wconf 77' lang='lat'><strong>697</strong></span> <span class='ocrx_word' id='word_1_269' title='bbox 1249 1021 1309 1048; x_wconf 74' lang='lat' dir='ltr'><strong>vita:</strong></span> <span class='ocrx_word' id='word_1_270' title='bbox 1320 1028 1416 1056; x_wconf 85' lang='lat' dir='ltr'><strong>genere</strong></span> <span class='ocrx_word' id='word_1_271' title='bbox 1427 1021 1530 1048; x_wconf 77' lang='lat' dir='ltr'><strong>exsistit</strong></span> <span class='ocrx_word' id='word_1_272' title='bbox 1541 1029 1549 1054; x_wconf 76' lang='grc' dir='ltr'><strong>ς</strong></span> <span class='ocrx_word' id='word_1_273' title='bbox 1561 1026 1589 1047; x_wconf 84' lang='lat' dir='ltr'><strong>at</strong></span> <span class='ocrx_word' id='word_1_274' title='bbox 1602 1020 1731 1048; x_wconf 82' lang='lat' dir='ltr'><strong>incertum</strong></span> <span class='ocrx_word' id='word_1_275' title='bbox 1746 1024 1800 1052; x_wconf 83' lang='lat' dir='ltr'><strong>est,</strong></span> 
     </span>
    </p>
   </div>
   <div class='ocr_carea' id='block_1_43' title="bbox 1015 1065 1799 1101">
    <p class='ocr_par' dir='ltr' id='par_1_43' title="bbox 1015 1065 1799 1101">
     <span class='ocr_line' id='line_1_43' title="bbox 1015 1065 1799 1101; baseline 0 -11"><span class='ocrx_word' id='word_1_276' title='bbox 1015 1072 1048 1091; x_wconf 87' lang='lat' dir='ltr'><strong>an</strong></span> <span class='ocrx_word' id='word_1_277' title='bbox 1074 1065 1203 1092; x_wconf 77' lang='lat' dir='ltr'><strong>Dominus</strong></span> <span class='ocrx_word' id='word_1_278' title='bbox 1227 1066 1264 1093; x_wconf 93' lang='lat' dir='ltr'><strong>illi</strong></span> <span class='ocrx_word' id='word_1_279' title='bbox 1291 1071 1392 1101; x_wconf 84' lang='lat' dir='ltr'><strong>parcet,</strong></span> <span class='ocrx_word' id='word_1_280' title='bbox 1419 1072 1510 1101; x_wconf 87' lang='lat' dir='ltr'><strong>utpote</strong></span> <span class='ocrx_word' id='word_1_281' title='bbox 1533 1074 1592 1100; x_wconf 69' lang='lat' dir='ltr'><strong>qua:</strong></span> <span class='ocrx_word' id='word_1_282' title='bbox 1611 1065 1692 1093; x_wconf 86' lang='lat' dir='ltr'><strong>etiam</strong></span> <span class='ocrx_word' id='word_1_283' title='bbox 1711 1065 1799 1092; x_wconf 88' lang='lat' dir='ltr'><strong>locum</strong></span> 
     </span>
    </p>
   </div>
   <div class='ocr_carea' id='block_1_44' title="bbox 1013 1111 1798 1146">
    <p class='ocr_par' dir='ltr' id='par_1_44' title="bbox 1013 1111 1798 1146">
     <span class='ocr_line' id='line_1_44' title="bbox 1013 1111 1798 1146; baseline 0.001 -9"><span class='ocrx_word' id='word_1_284' title='bbox 1013 1111 1101 1138; x_wconf 84' lang='lat' dir='ltr'><strong>otiose</strong></span> <span class='ocrx_word' id='word_1_285' title='bbox 1134 1118 1266 1146; x_wconf 80' lang='lat' dir='ltr'><strong>occupet,</strong></span> <span class='ocrx_word' id='word_1_286' title='bbox 1295 1120 1355 1139; x_wconf 84' lang='lat' dir='ltr'><strong>Clllll</strong></span> <span class='ocrx_word' id='word_1_287' title='bbox 1384 1113 1493 1139; x_wconf 85' lang='lat' dir='ltr'><strong>interim</strong></span> <span class='ocrx_word' id='word_1_288' title='bbox 1520 1112 1589 1139; x_wconf 86' lang='lat' dir='ltr'><strong>alius</strong></span> <span class='ocrx_word' id='word_1_289' title='bbox 1611 1112 1798 1139; x_wconf 82' lang='lat' dir='ltr'><strong>misericordia</strong></span> 
     </span>
    </p>
   </div>
   <div class='ocr_carea' id='block_1_45' title="bbox 1015 1157 1798 1193">
    <p class='ocr_par' dir='ltr' id='par_1_45' title="bbox 1015 1157 1798 1193">
     <span class='ocr_line' id='line_1_45' title="bbox 1015 1157 1798 1193; baseline 0.004 -12"><span class='ocrx_word' id='word_1_290' title='bbox 1015 1161 1102 1191; x_wconf 81' lang='lat' dir='ltr'><strong>egeat,</strong></span> <span class='ocrx_word' id='word_1_291' title='bbox 1133 1163 1212 1192; x_wconf 82' lang='lat' dir='ltr'><strong>atque</strong></span> <span class='ocrx_word' id='word_1_292' title='bbox 1233 1158 1266 1185; x_wconf 90' lang='lat' dir='ltr'><strong>ob</strong></span> <span class='ocrx_word' id='word_1_293' title='bbox 1289 1157 1531 1193; x_wconf 81' lang='lat' dir='ltr'><strong>longaniniitatem,</strong></span> <span class='ocrx_word' id='word_1_294' title='bbox 1549 1166 1608 1192; x_wconf 71' lang='lat' dir='ltr'><strong>qua:</strong></span> <span class='ocrx_word' id='word_1_295' title='bbox 1621 1157 1670 1192; x_wconf 84' lang='lat' dir='ltr'><strong>ipsi</strong></span> <span class='ocrx_word' id='word_1_296' title='bbox 1685 1157 1798 1184; x_wconf 87' lang='lat' dir='ltr'><strong>exhibe-</strong></span> 
     </span>
    </p>
   </div>
   <div class='ocr_carea' id='block_1_46' title="bbox 176 1197 1798 1237">
    <p class='ocr_par' dir='ltr' id='par_1_46' title="bbox 176 1197 1798 1237">
     <span class='ocr_line' id='line_1_46' title="bbox 176 1197 1798 1237; baseline 0.004 -15"><span class='ocrx_word' id='word_1_297' title='bbox 176 1202 230 1228; x_wconf 86' lang='lat' dir='ltr'><strong>tur,</strong></span> <span class='ocrx_word' id='word_1_298' title='bbox 255 1197 373 1224; x_wconf 87' lang='lat' dir='ltr'><strong>deterior</strong></span> <span class='ocrx_word' id='word_1_299' title='bbox 388 1197 443 1224; x_wconf 84' lang='lat' dir='ltr'><strong>ﬁat.</strong></span> <span class='ocrx_word' id='word_1_300' title='bbox 459 1197 585 1232; x_wconf 87' lang='lat' dir='ltr'><strong>Proinde,</strong></span> <span class='ocrx_word' id='word_1_301' title='bbox 605 1205 666 1226; x_wconf 90' lang='lat' dir='ltr'><strong>cum</strong></span> <span class='ocrx_word' id='word_1_302' title='bbox 681 1197 790 1226; x_wconf 90' lang='lat' dir='ltr'><strong>Christo</strong></span> <span class='ocrx_word' id='word_1_303' title='bbox 808 1207 857 1234; x_wconf 91' lang='lat' dir='ltr'><strong>per</strong></span> <span class='ocrx_word' id='word_1_304' title='bbox 867 1199 1030 1234; x_wconf 85' lang='lat' dir='ltr'><strong>baptismum</strong></span> <span class='ocrx_word' id='word_1_305' title='bbox 1055 1203 1227 1237; x_wconf 74' lang='lat' dir='ltr'><strong>sepeliantur,</strong></span> <span class='ocrx_word' id='word_1_306' title='bbox 1261 1209 1290 1231; x_wconf 85' lang='lat' dir='ltr'><strong>ut</strong></span> <span class='ocrx_word' id='word_1_307' title='bbox 1321 1209 1348 1232; x_wconf 89' lang='lat' dir='ltr'><strong>ct</strong></span> <span class='ocrx_word' id='word_1_308' title='bbox 1366 1213 1427 1231; x_wconf 89' lang='lat' dir='ltr'><strong>cum</strong></span> <span class='ocrx_word' id='word_1_309' title='bbox 1448 1211 1479 1231; x_wconf 90' lang='lat' dir='ltr'><strong>eo</strong></span> <span class='ocrx_word' id='word_1_310' title='bbox 1496 1210 1668 1237; x_wconf 81' lang='lat' dir='ltr'><strong>rcsurgamus</strong></span> <span class='ocrx_word' id='word_1_311' title='bbox 1678 1203 1701 1220; x_wconf 82' lang='grc'>⁸⁸</span> <span class='ocrx_word' id='word_1_312' title='bbox 1715 1212 1722 1236; x_wconf 88' lang='grc'>;</span> <span class='ocrx_word' id='word_1_313' title='bbox 1737 1211 1798 1230; x_wconf 82' lang='lat' dir='ltr'><strong>cum</strong></span> 
     </span>
    </p>
   </div>
   <div class='ocr_carea' id='block_1_47' title="bbox 171 1243 1797 1283">
    <p class='ocr_par' dir='ltr' id='par_1_47' title="bbox 171 1243 1797 1283">
     <span class='ocr_line' id='line_1_47' title="bbox 171 1243 1797 1283; baseline 0.004 -14"><span class='ocrx_word' id='word_1_314' title='bbox 171 1250 203 1269; x_wconf 90' lang='lat' dir='ltr'><strong>eo</strong></span> <span class='ocrx_word' id='word_1_315' title='bbox 220 1243 425 1276; x_wconf 87' lang='lat' dir='ltr'><strong>descendatnus,</strong></span> <span class='ocrx_word' id='word_1_316' title='bbox 448 1248 477 1270; x_wconf 90' lang='lat' dir='ltr'><strong>ut</strong></span> <span class='ocrx_word' id='word_1_317' title='bbox 499 1244 578 1271; x_wconf 87' lang='lat' dir='ltr'><strong>simul</strong></span> <span class='ocrx_word' id='word_1_318' title='bbox 598 1244 680 1271; x_wconf 90' lang='lat' dir='ltr'><strong>etiam</strong></span> <span class='ocrx_word' id='word_1_319' title='bbox 714 1245 894 1278; x_wconf 74' lang='lat' dir='ltr'><strong>extollantur,</strong></span> <span class='ocrx_word' id='word_1_320' title='bbox 910 1253 971 1274; x_wconf 89' lang='lat' dir='ltr'><strong>cum</strong></span> <span class='ocrx_word' id='word_1_321' title='bbox 993 1254 1026 1274; x_wconf 86' lang='lat' dir='ltr'><strong>eo</strong></span> <span class='ocrx_word' id='word_1_322' title='bbox 1050 1249 1246 1282; x_wconf 85' lang='lat' dir='ltr'><strong>ascendamus,</strong></span> <span class='ocrx_word' id='word_1_323' title='bbox 1273 1253 1302 1276; x_wconf 85' lang='lat' dir='ltr'><strong>ut</strong></span> <span class='ocrx_word' id='word_1_324' title='bbox 1342 1249 1422 1276; x_wconf 89' lang='lat' dir='ltr'><strong>simul</strong></span> <span class='ocrx_word' id='word_1_325' title='bbox 1449 1255 1554 1283; x_wconf 83' lang='lat' dir='ltr'><strong>quoque</strong></span> <span class='ocrx_word' id='word_1_326' title='bbox 1578 1248 1662 1283; x_wconf 81' lang='lat' dir='ltr'><strong>gloria</strong></span> <span class='ocrx_word' id='word_1_327' title='bbox 1694 1249 1797 1276; x_wconf 81' lang='lat' dir='ltr'><strong>allicia-</strong></span> 
     </span>
    </p>
   </div>
   <div class='ocr_carea' id='block_1_48' title="bbox 170 1298 244 1317">
    <p class='ocr_par' dir='ltr' id='par_1_48' title="bbox 170 1298 244 1317">
     <span class='ocr_line' id='line_1_48' title="bbox 170 1298 244 1317; baseline -0.014 0"><span class='ocrx_word' id='word_1_328' title='bbox 170 1298 244 1317; x_wconf 91' lang='lat' dir='ltr'><strong>mur.</strong></span> 
     </span>
    </p>
   </div>
   <div class='ocr_carea' id='block_1_49' title="bbox 206 1335 958 1373">
    <p class='ocr_par' dir='ltr' id='par_1_49' title="bbox 206 1335 958 1373">
     <span class='ocr_line' id='line_1_49' title="bbox 206 1335 958 1373; baseline 0.003 -10"><span class='ocrx_word' id='word_1_329' title='bbox 206 1338 235 1364; x_wconf 86' lang='lat' dir='ltr'><strong>l&#39;.</strong></span> <span class='ocrx_word' id='word_1_330' title='bbox 263 1336 325 1363; x_wconf 81' lang='grc' dir='ltr'><strong>Ἐάν</strong></span> <span class='ocrx_word' id='word_1_331' title='bbox 349 1344 389 1362; x_wconf 93' lang='grc' dir='ltr'>σοι</span> <span class='ocrx_word' id='word_1_332' title='bbox 414 1335 555 1372; x_wconf 81' lang='grc' dir='ltr'>προσϐάλῃ</span> <span class='ocrx_word' id='word_1_333' title='bbox 575 1337 642 1372; x_wconf 73' lang='grc' dir='ltr'>μετὰ</span> <span class='ocrx_word' id='word_1_334' title='bbox 663 1337 693 1364; x_wconf 82' lang='grc' dir='ltr'><strong>τὸ</strong></span> <span class='ocrx_word' id='word_1_335' title='bbox 711 1337 850 1373; x_wconf 81' lang='grc' dir='ltr'><strong>βάπτισμα</strong></span> <span class='ocrx_word' id='word_1_336' title='bbox 873 1338 888 1365; x_wconf 88' lang='grc' dir='ltr'><strong>ὀ</strong></span> <span class='ocrx_word' id='word_1_337' title='bbox 911 1337 958 1365; x_wconf 77' lang='grc' dir='ltr'><strong>τοῦ</strong></span> 
     </span>
    </p>
   </div>
   <div class='ocr_carea' id='block_1_50' title="bbox 171 1384 960 1421">
    <p class='ocr_par' dir='ltr' id='par_1_50' title="bbox 171 1384 960 1421">
     <span class='ocr_line' id='line_1_50' title="bbox 171 1384 960 1421; baseline -0.003 -9"><span class='ocrx_word' id='word_1_338' title='bbox 171 1385 261 1420; x_wconf 75' lang='grc' dir='ltr'>φωτὸς</span> <span class='ocrx_word' id='word_1_339' title='bbox 283 1385 400 1421; x_wconf 76' lang='grc' dir='ltr'>διώκτης</span> <span class='ocrx_word' id='word_1_340' title='bbox 423 1385 471 1412; x_wconf 80' lang='grc' dir='ltr'><strong>καὶ</strong></span> <span class='ocrx_word' id='word_1_341' title='bbox 493 1385 643 1420; x_wconf 77' lang='grc' dir='ltr'>πειραστὴς</span> <span class='ocrx_word' id='word_1_342' title='bbox 667 1384 827 1419; x_wconf 75' lang='grc' dir='ltr'>(προσϐαιλεί</span> <span class='ocrx_word' id='word_1_343' title='bbox 847 1384 892 1410; x_wconf 78' lang='grc' dir='ltr'><strong>δέ·</strong></span> <span class='ocrx_word' id='word_1_344' title='bbox 914 1384 960 1410; x_wconf 77' lang='grc' dir='ltr'><strong>καὶ</strong></span> 
     </span>
    </p>
   </div>
   <div class='ocr_carea' id='block_1_51' title="bbox 170 1428 960 1466">
    <p class='ocr_par' dir='ltr' id='par_1_51' title="bbox 170 1428 960 1466">
     <span class='ocr_line' id='line_1_51' title="bbox 170 1428 960 1466; baseline -0.001 -10"><span class='ocrx_word' id='word_1_345' title='bbox 170 1431 236 1465; x_wconf 71' lang='grc' dir='ltr'>γὰρ,</span> <span class='ocrx_word' id='word_1_346' title='bbox 252 1431 298 1457; x_wconf 75' lang='grc' dir='ltr'><strong>καὶ</strong></span> <span class='ocrx_word' id='word_1_347' title='bbox 317 1430 372 1465; x_wconf 69' lang='grc'><strong>(48)</strong></span> <span class='ocrx_word' id='word_1_348' title='bbox 399 1430 438 1466; x_wconf 82' lang='grc' dir='ltr'>τῷ</span> <span class='ocrx_word' id='word_1_349' title='bbox 455 1430 544 1465; x_wconf 82' lang='grc' dir='ltr'><strong>Λόγῳ,</strong></span> <span class='ocrx_word' id='word_1_350' title='bbox 571 1431 618 1456; x_wconf 81' lang='grc' dir='ltr'>καὶ</span> <span class='ocrx_word' id='word_1_351' title='bbox 644 1428 703 1464; x_wconf 84' lang='grc' dir='ltr'>Θεῷ</span> <span class='ocrx_word' id='word_1_352' title='bbox 730 1438 781 1463; x_wconf 89' lang='grc' dir='ltr'><strong>μου</strong></span> <span class='ocrx_word' id='word_1_353' title='bbox 808 1429 960 1465; x_wconf 81' lang='grc' dir='ltr'>προσέϐαλε</span> 
     </span>
    </p>
   </div>
   <div class='ocr_carea' id='block_1_52' title="bbox 170 1475 960 1512">
    <p class='ocr_par' dir='ltr' id='par_1_52' title="bbox 170 1475 960 1512">
     <span class='ocr_line' id='line_1_52' title="bbox 170 1475 960 1512; baseline -0.001 -10"><span class='ocrx_word' id='word_1_354' title='bbox 170 1476 215 1502; x_wconf 74' lang='grc' dir='ltr'>διὰ</span> <span class='ocrx_word' id='word_1_355' title='bbox 233 1476 262 1503; x_wconf 81' lang='grc' dir='ltr'>τδ</span> <span class='ocrx_word' id='word_1_356' title='bbox 277 1476 418 1512; x_wconf 80' lang='grc' dir='ltr'>κάλυμμα,</span> <span class='ocrx_word' id='word_1_357' title='bbox 439 1476 477 1512; x_wconf 81' lang='grc' dir='ltr'><strong>τῷ</strong></span> <span class='ocrx_word' id='word_1_358' title='bbox 502 1475 617 1512; x_wconf 80' lang='grc' dir='ltr'>κρυπτῷ</span> <span class='ocrx_word' id='word_1_359' title='bbox 633 1475 702 1510; x_wconf 73' lang='grc' dir='ltr'>φωτὶ</span> <span class='ocrx_word' id='word_1_360' title='bbox 721 1476 764 1502; x_wconf 72' lang='grc' dir='ltr'><strong>διὰ</strong></span> <span class='ocrx_word' id='word_1_361' title='bbox 783 1475 814 1501; x_wconf 74' lang='grc' dir='ltr'>τὸ</span> <span class='ocrx_word' id='word_1_362' title='bbox 832 1475 960 1510; x_wconf 80' lang='grc' dir='ltr'>φαινόμε-</span> 
     </span>
    </p>
   </div>
   <div class='ocr_carea' id='block_1_53' title="bbox 171 1519 958 1558">
    <p class='ocr_par' dir='ltr' id='par_1_53' title="bbox 171 1519 958 1558">
     <span class='ocr_line' id='line_1_53' title="bbox 171 1519 958 1558; baseline -0.001 -10"><span class='ocrx_word' id='word_1_363' title='bbox 171 1522 239 1556; x_wconf 85' lang='grc' dir='ltr'>νον),</span> <span class='ocrx_word' id='word_1_364' title='bbox 265 1523 336 1558; x_wconf 75' lang='grc' dir='ltr'>ἔχεις</span> <span class='ocrx_word' id='word_1_365' title='bbox 358 1519 381 1556; x_wconf 78' lang='grc' dir='ltr'>ᾧ</span> <span class='ocrx_word' id='word_1_366' title='bbox 407 1523 542 1558; x_wconf 79' lang='grc' dir='ltr'>νικήσεις·</span> <span class='ocrx_word' id='word_1_367' title='bbox 566 1523 603 1557; x_wconf 84' lang='grc' dir='ltr'>μὴ</span> <span class='ocrx_word' id='word_1_368' title='bbox 629 1521 750 1557; x_wconf 77' lang='grc' dir='ltr'><strong>φοϐηθῇς</strong></span> <span class='ocrx_word' id='word_1_369' title='bbox 775 1521 820 1548; x_wconf 83' lang='grc' dir='ltr'><strong>τὸν</strong></span> <span class='ocrx_word' id='word_1_370' title='bbox 855 1521 958 1555; x_wconf 84' lang='grc' dir='ltr'>ἀγῶνα.</span> 
     </span>
    </p>
   </div>
   <div class='ocr_carea' id='block_1_54' title="bbox 171 1563 961 1604">
    <p class='ocr_par' dir='ltr' id='par_1_54' title="bbox 171 1563 961 1604">
     <span class='ocr_line' id='line_1_54' title="bbox 171 1563 961 1604; baseline -0.001 -10"><span class='ocrx_word' id='word_1_371' title='bbox 171 1568 312 1603; x_wconf 72' lang='grc' dir='ltr'>Προϐαλώ</span> <span class='ocrx_word' id='word_1_372' title='bbox 326 1568 355 1594; x_wconf 72' lang='grc' dir='ltr'>τὸ</span> <span class='ocrx_word' id='word_1_373' title='bbox 367 1568 449 1603; x_wconf 76' lang='grc' dir='ltr'>ὕδωρ,</span> <span class='ocrx_word' id='word_1_374' title='bbox 464 1567 600 1604; x_wconf 79' lang='grc' dir='ltr'>προϐαλοῦ</span> <span class='ocrx_word' id='word_1_375' title='bbox 614 1567 644 1594; x_wconf 80' lang='grc' dir='ltr'>τὸ</span> <span class='ocrx_word' id='word_1_376' title='bbox 658 1567 781 1602; x_wconf 79' lang='grc' dir='ltr'>Πνεῦμα,</span> <span class='ocrx_word' id='word_1_377' title='bbox 798 1569 826 1593; x_wconf 83' lang='grc' dir='ltr'>ἐν</span> <span class='ocrx_word' id='word_1_378' title='bbox 840 1563 862 1600; x_wconf 77' lang='grc' dir='ltr'>ᾧ</span> <span class='ocrx_word' id='word_1_379' title='bbox 874 1567 961 1594; x_wconf 77' lang='grc' dir='ltr'>πάντα.</span> 
     </span>
    </p>
   </div>
   <div class='ocr_carea' id='block_1_55' title="bbox 173 1611 962 1648">
    <p class='ocr_par' dir='ltr' id='par_1_55' title="bbox 173 1611 962 1648">
     <span class='ocr_line' id='line_1_55' title="bbox 173 1611 962 1648; baseline -0.003 -9"><span class='ocrx_word' id='word_1_380' title='bbox 173 1614 206 1640; x_wconf 66' lang='grc' dir='ltr'>τὲ</span> <span class='ocrx_word' id='word_1_381' title='bbox 228 1613 293 1648; x_wconf 80' lang='grc' dir='ltr'>βέλη</span> <span class='ocrx_word' id='word_1_382' title='bbox 316 1612 362 1639; x_wconf 80' lang='grc' dir='ltr'><strong>τοῦ</strong></span> <span class='ocrx_word' id='word_1_383' title='bbox 378 1612 498 1648; x_wconf 84' lang='grc' dir='ltr'>Πονηροῦ</span> <span class='ocrx_word' id='word_1_384' title='bbox 523 1612 577 1648; x_wconf 71' lang='grc'><strong>(49)</strong></span> <span class='ocrx_word' id='word_1_385' title='bbox 593 1611 628 1638; x_wconf 78' lang='grc' dir='ltr'>τὰ</span> <span class='ocrx_word' id='word_1_386' title='bbox 648 1611 833 1647; x_wconf 80' lang='grc' dir='ltr'>πεπυρωμένα</span> <span class='ocrx_word' id='word_1_387' title='bbox 849 1611 962 1647; x_wconf 81' lang='grc' dir='ltr'>σϐεσθή-</span> 
     </span>
    </p>
   </div>
   <div class='ocr_carea' id='block_1_56' title="bbox 171 1657 961 1694">
    <p class='ocr_par' dir='ltr' id='par_1_56' title="bbox 171 1657 961 1694">
     <span class='ocr_line' id='line_1_56' title="bbox 171 1657 961 1694; baseline -0.001 -9"><span class='ocrx_word' id='word_1_388' title='bbox 171 1667 259 1685; x_wconf 77' lang='grc' dir='ltr'>σεται.</span> <span class='ocrx_word' id='word_1_389' title='bbox 270 1659 384 1694; x_wconf 83' lang='grc' dir='ltr'>Πνεῦμα</span> <span class='ocrx_word' id='word_1_390' title='bbox 409 1659 457 1693; x_wconf 78' lang='grc' dir='ltr'>μὲν</span> <span class='ocrx_word' id='word_1_391' title='bbox 482 1658 566 1692; x_wconf 74' lang='grc' dir='ltr'>ἔστιν,</span> <span class='ocrx_word' id='word_1_392' title='bbox 584 1657 652 1685; x_wconf 87' lang='grc' dir='ltr'>ἀλλὰ</span> <span class='ocrx_word' id='word_1_393' title='bbox 675 1658 782 1684; x_wconf 81' lang='grc' dir='ltr'>διαλύον</span> <span class='ocrx_word' id='word_1_394' title='bbox 799 1657 849 1694; x_wconf 77' lang='grc' dir='ltr'>ὄρη</span> <span class='ocrx_word' id='word_1_395' title='bbox 862 1666 868 1673; x_wconf 89' lang='grc'><strong>·</strong></span> <span class='ocrx_word' id='word_1_396' title='bbox 887 1657 961 1693; x_wconf 76' lang='grc' dir='ltr'><strong>ὕδωρ</strong></span> 
     </span>
    </p>
   </div>
   <div class='ocr_carea' id='block_1_57' title="bbox 173 1703 961 1740">
    <p class='ocr_par' dir='ltr' id='par_1_57' title="bbox 173 1703 961 1740">
     <span class='ocr_line' id='line_1_57' title="bbox 173 1703 961 1740; baseline -0.001 -10"><span class='ocrx_word' id='word_1_397' title='bbox 173 1704 224 1740; x_wconf 78' lang='grc' dir='ltr'>μὲν</span> <span class='ocrx_word' id='word_1_398' title='bbox 252 1703 336 1737; x_wconf 79' lang='grc' dir='ltr'>ἐστιν,</span> <span class='ocrx_word' id='word_1_399' title='bbox 361 1704 429 1731; x_wconf 76' lang='grc' dir='ltr'>ἀλλὰ</span> <span class='ocrx_word' id='word_1_400' title='bbox 459 1704 544 1740; x_wconf 73' lang='grc' dir='ltr'>πυρὸς</span> <span class='ocrx_word' id='word_1_401' title='bbox 575 1704 746 1739; x_wconf 83' lang='grc' dir='ltr'>σϐεστήριον.</span> <span class='ocrx_word' id='word_1_402' title='bbox 777 1703 840 1730; x_wconf 79' lang='grc' dir='ltr'><strong>Ἐὰν</strong></span> <span class='ocrx_word' id='word_1_403' title='bbox 875 1712 961 1738; x_wconf 88' lang='grc' dir='ltr'>προσ-</span> 
     </span>
    </p>
   </div>
   <div class='ocr_carea' id='block_1_58' title="bbox 171 1748 960 1785">
    <p class='ocr_par' dir='ltr' id='par_1_58' title="bbox 171 1748 960 1785">
     <span class='ocr_line' id='line_1_58' title="bbox 171 1748 960 1785; baseline 0 -10"><span class='ocrx_word' id='word_1_404' title='bbox 171 1749 242 1785; x_wconf 74' lang='grc' dir='ltr'>ϐάλῃ</span> <span class='ocrx_word' id='word_1_405' title='bbox 255 1749 312 1784; x_wconf 73' lang='lat'><strong>(50)</strong></span> <span class='ocrx_word' id='word_1_406' title='bbox 324 1749 375 1785; x_wconf 76' lang='grc' dir='ltr'>τὴν</span> <span class='ocrx_word' id='word_1_407' title='bbox 392 1751 485 1785; x_wconf 85' lang='grc' dir='ltr'>χρείαν</span> <span class='ocrx_word' id='word_1_408' title='bbox 504 1749 562 1783; x_wconf 84' lang='grc' dir='ltr'>(καὶ</span> <span class='ocrx_word' id='word_1_409' title='bbox 579 1749 633 1784; x_wconf 76' lang='grc' dir='ltr'><strong>γὰρ</strong></span> <span class='ocrx_word' id='word_1_410' title='bbox 649 1749 769 1784; x_wconf 84' lang='grc' dir='ltr'>κάκείνῳ</span> <span class='ocrx_word' id='word_1_411' title='bbox 788 1748 960 1784; x_wconf 82' lang='grc' dir='ltr'>τετόλμηκε),</span> 
     </span>
    </p>
   </div>
   <div class='ocr_carea' id='block_1_59' title="bbox 172 1794 961 1831">
    <p class='ocr_par' dir='ltr' id='par_1_59' title="bbox 172 1794 961 1831">
     <span class='ocr_line' id='line_1_59' title="bbox 172 1794 961 1831; baseline 0 -10"><span class='ocrx_word' id='word_1_412' title='bbox 172 1795 220 1821; x_wconf 73' lang='grc' dir='ltr'>καὶ</span> <span class='ocrx_word' id='word_1_413' title='bbox 249 1795 316 1831; x_wconf 82' lang='grc' dir='ltr'>ζητῇ</span> <span class='ocrx_word' id='word_1_414' title='bbox 345 1796 408 1827; x_wconf 73' lang='grc' dir='ltr'>τοὺς</span> <span class='ocrx_word' id='word_1_415' title='bbox 439 1795 529 1827; x_wconf 83' lang='grc' dir='ltr'>λίθους</span> <span class='ocrx_word' id='word_1_416' title='bbox 555 1795 653 1830; x_wconf 81' lang='grc' dir='ltr'>ἄρτους</span> <span class='ocrx_word' id='word_1_417' title='bbox 681 1794 822 1829; x_wconf 78' lang='grc' dir='ltr'>γενέσθαι,</span> <span class='ocrx_word' id='word_1_418' title='bbox 845 1794 875 1821; x_wconf 81' lang='grc' dir='ltr'>τὸ</span> <span class='ocrx_word' id='word_1_419' title='bbox 900 1803 961 1821; x_wconf 87' lang='grc' dir='ltr'>πει-</span> 
     </span>
    </p>
   </div>
   <div class='ocr_carea' id='block_1_60' title="bbox 172 1840 962 1881">
    <p class='ocr_par' dir='ltr' id='par_1_60' title="bbox 172 1840 962 1881">
     <span class='ocr_line' id='line_1_60' title="bbox 172 1840 962 1881; baseline -0.001 -14"><span class='ocrx_word' id='word_1_420' title='bbox 172 1842 228 1867; x_wconf 89' lang='grc' dir='ltr'>νεῖν</span> <span class='ocrx_word' id='word_1_421' title='bbox 251 1841 307 1876; x_wconf 84' lang='grc'><strong>(51)</strong></span> <span class='ocrx_word' id='word_1_422' title='bbox 333 1841 508 1876; x_wconf 67' lang='grc' dir='ltr'>ἐπιθέμενος·</span> <span class='ocrx_word' id='word_1_423' title='bbox 527 1841 564 1881; x_wconf 62' lang='grc' dir='ltr'><strong>μὴ</strong></span> <span class='ocrx_word' id='word_1_424' title='bbox 582 1841 721 1876; x_wconf 71' lang='grc' dir='ltr'>ἀγνοήσῃς</span> <span class='ocrx_word' id='word_1_425' title='bbox 744 1840 826 1867; x_wconf 76' lang='grc' dir='ltr'>αὑτοῦ</span> <span class='ocrx_word' id='word_1_426' title='bbox 846 1840 880 1866; x_wconf 74' lang='grc' dir='ltr'>τὰ</span> <span class='ocrx_word' id='word_1_427' title='bbox 900 1840 962 1875; x_wconf 86' lang='grc' dir='ltr'><strong>νοή-</strong></span> 
     </span>
    </p>
   </div>
   <div class='ocr_carea' id='block_1_61' title="bbox 175 1887 962 1923">
    <p class='ocr_par' dir='ltr' id='par_1_61' title="bbox 175 1887 962 1923">
     <span class='ocr_line' id='line_1_61' title="bbox 175 1887 962 1923; baseline -0.003 -9"><span class='ocrx_word' id='word_1_428' title='bbox 175 1897 257 1923; x_wconf 85' lang='grc' dir='ltr'>ματα.</span> <span class='ocrx_word' id='word_1_429' title='bbox 279 1888 388 1920; x_wconf 69' lang='grc' dir='ltr'>Δίδαξον</span> <span class='ocrx_word' id='word_1_430' title='bbox 413 1887 430 1914; x_wconf 81' lang='grc' dir='ltr'>δι</span> <span class='ocrx_word' id='word_1_431' title='bbox 448 1888 485 1923; x_wconf 85' lang='grc' dir='ltr'>μὴ</span> <span class='ocrx_word' id='word_1_432' title='bbox 511 1887 668 1923; x_wconf 76' lang='grc' dir='ltr'>μεμάθηκε’</span> <span class='ocrx_word' id='word_1_433' title='bbox 684 1888 729 1914; x_wconf 82' lang='grc' dir='ltr'><strong>τὸν</strong></span> <span class='ocrx_word' id='word_1_434' title='bbox 755 1887 833 1921; x_wconf 80' lang='grc' dir='ltr'>λόγον</span> <span class='ocrx_word' id='word_1_435' title='bbox 857 1887 962 1918; x_wconf 78' lang='grc' dir='ltr'>ἀντίθες</span> 
     </span>
    </p>
   </div>
   <div class='ocr_carea' id='block_1_62' title="bbox 173 1928 960 1969">
    <p class='ocr_par' dir='ltr' id='par_1_62' title="bbox 173 1928 960 1969">
     <span class='ocr_line' id='line_1_62' title="bbox 173 1928 960 1969; baseline 0 -10"><span class='ocrx_word' id='word_1_436' title='bbox 173 1934 218 1960; x_wconf 77' lang='grc' dir='ltr'>τὸν</span> <span class='ocrx_word' id='word_1_437' title='bbox 231 1934 355 1965; x_wconf 73' lang='grc' dir='ltr'>ζωτικὸν,</span> <span class='ocrx_word' id='word_1_438' title='bbox 370 1934 398 1965; x_wconf 78' lang='grc' dir='ltr'><strong>ὃς</strong></span> <span class='ocrx_word' id='word_1_439' title='bbox 411 1928 485 1959; x_wconf 80' lang='grc' dir='ltr'>ἐστιν</span> <span class='ocrx_word' id='word_1_440' title='bbox 502 1932 532 1965; x_wconf 78' lang='grc' dir='ltr'>ἐξ</span> <span class='ocrx_word' id='word_1_441' title='bbox 547 1933 661 1969; x_wconf 80' lang='grc' dir='ltr'>οὐρανοῦ</span> <span class='ocrx_word' id='word_1_442' title='bbox 677 1934 854 1968; x_wconf 71' lang='grc' dir='ltr'>πεμπόμενος</span> <span class='ocrx_word' id='word_1_443' title='bbox 871 1933 960 1968; x_wconf 74' lang='grc' dir='ltr'>ἄρτος,</span> 
     </span>
    </p>
   </div>
   <div class='ocr_carea' id='block_1_63' title="bbox 174 1978 963 2015">
    <p class='ocr_par' dir='ltr' id='par_1_63' title="bbox 174 1978 963 2015">
     <span class='ocr_line' id='line_1_63' title="bbox 174 1978 963 2015; baseline -0.003 -9"><span class='ocrx_word' id='word_1_444' title='bbox 174 1979 221 2006; x_wconf 77' lang='grc' dir='ltr'><strong>καὶ</strong></span> <span class='ocrx_word' id='word_1_445' title='bbox 245 1979 283 2014; x_wconf 83' lang='grc' dir='ltr'>τῷ</span> <span class='ocrx_word' id='word_1_446' title='bbox 305 1980 400 2014; x_wconf 79' lang='grc' dir='ltr'>κόσμῳ</span> <span class='ocrx_word' id='word_1_447' title='bbox 422 1979 453 2005; x_wconf 75' lang='grc' dir='ltr'>τὸ</span> <span class='ocrx_word' id='word_1_448' title='bbox 476 1979 524 2015; x_wconf 83' lang='grc' dir='ltr'><strong>ζῇν</strong></span> <span class='ocrx_word' id='word_1_449' title='bbox 548 1978 735 2015; x_wconf 74' lang='grc' dir='ltr'>χαριζόμενος.</span> <span class='ocrx_word' id='word_1_450' title='bbox 757 1980 819 2005; x_wconf 69' lang='grc' dir='ltr'>Ἐὰν</span> <span class='ocrx_word' id='word_1_451' title='bbox 847 1979 901 2012; x_wconf 64' lang='grc' dir='ltr'><strong>(Ξὰξὶ)</strong></span> <span class='ocrx_word' id='word_1_452' title='bbox 920 1979 963 2004; x_wconf 79' lang='grc' dir='ltr'>διὰ</span> 
     </span>
    </p>
   </div>
   <div class='ocr_carea' id='block_1_64' title="bbox 176 2024 961 2062">
    <p class='ocr_par' dir='ltr' id='par_1_64' title="bbox 176 2024 961 2062">
     <span class='ocr_line' id='line_1_64' title="bbox 176 2024 961 2062; baseline -0.001 -11"><span class='ocrx_word' id='word_1_453' title='bbox 176 2025 328 2058; x_wconf 77' lang='grc' dir='ltr'>κενοδοξίας</span> <span class='ocrx_word' id='word_1_454' title='bbox 341 2025 503 2062; x_wconf 73' lang='grc' dir='ltr'>ὲπιῧουλεύῃ</span> <span class='ocrx_word' id='word_1_455' title='bbox 515 2026 570 2060; x_wconf 79' lang='grc'>(55)</span> <span class='ocrx_word' id='word_1_456' title='bbox 587 2034 628 2052; x_wconf 88' lang='grc' dir='ltr'>σοι</span> <span class='ocrx_word' id='word_1_457' title='bbox 643 2026 700 2061; x_wconf 76' lang='grc' dir='ltr'>(καὶ</span> <span class='ocrx_word' id='word_1_458' title='bbox 715 2026 769 2061; x_wconf 76' lang='grc' dir='ltr'><strong>γὰρ</strong></span> <span class='ocrx_word' id='word_1_459' title='bbox 784 2025 879 2060; x_wconf 69' lang='grc' dir='ltr'>ἐκείνῳ</span> <span class='ocrx_word' id='word_1_460' title='bbox 892 2024 961 2060; x_wconf 66' lang='lat' dir='ltr'><strong>[Si],</strong></span> 
     </span>
    </p>
   </div>
   <div class='ocr_carea' id='block_1_65' title="bbox 176 2071 964 2108">
    <p class='ocr_par' dir='ltr' id='par_1_65' title="bbox 176 2071 964 2108">
     <span class='ocr_line' id='line_1_65' title="bbox 176 2071 964 2108; baseline -0.001 -10"><span class='ocrx_word' id='word_1_461' title='bbox 176 2072 287 2106; x_wconf 72' lang='grc' dir='ltr'>ἀνάγων</span> <span class='ocrx_word' id='word_1_462' title='bbox 315 2072 362 2099; x_wconf 73' lang='grc' dir='ltr'>ἐπὶ</span> <span class='ocrx_word' id='word_1_463' title='bbox 387 2073 417 2099; x_wconf 77' lang='grc' dir='ltr'><strong>τὸ</strong></span> <span class='ocrx_word' id='word_1_464' title='bbox 441 2072 488 2099; x_wconf 80' lang='grc' dir='ltr'>τοῦ</span> <span class='ocrx_word' id='word_1_465' title='bbox 514 2072 588 2108; x_wconf 79' lang='grc' dir='ltr'>ἱεροῦ</span> <span class='ocrx_word' id='word_1_466' title='bbox 612 2072 769 2108; x_wconf 79' lang='grc' dir='ltr'>πτερύγιον,</span> <span class='ocrx_word' id='word_1_467' title='bbox 797 2071 858 2103; x_wconf 73' lang='grc' dir='ltr'>καὶ,</span> <span class='ocrx_word' id='word_1_468' title='bbox 885 2071 964 2103; x_wconf 75' lang='grc' dir='ltr'><strong>βάλε</strong></span> 
     </span>
    </p>
   </div>
   <div class='ocr_carea' id='block_1_66' title="bbox 175 2117 962 2153">
    <p class='ocr_par' dir='ltr' id='par_1_66' title="bbox 175 2117 962 2153">
     <span class='ocr_line' id='line_1_66' title="bbox 175 2117 962 2153; baseline -0.003 -8"><span class='ocrx_word' id='word_1_469' title='bbox 175 2119 307 2145; x_wconf 75' lang='grc' dir='ltr'>σεαυτὸν</span> <span class='ocrx_word' id='word_1_470' title='bbox 323 2118 410 2151; x_wconf 75' lang='grc' dir='ltr'>κάτω,</span> <span class='ocrx_word' id='word_1_471' title='bbox 425 2119 522 2153; x_wconf 76' lang='grc' dir='ltr'>λέγων,</span> <span class='ocrx_word' id='word_1_472' title='bbox 542 2120 582 2151; x_wconf 84' lang='grc' dir='ltr'>εἰς</span> <span class='ocrx_word' id='word_1_473' title='bbox 597 2119 724 2151; x_wconf 77' lang='grc' dir='ltr'>ἐπίδειξιν</span> <span class='ocrx_word' id='word_1_474' title='bbox 746 2118 796 2153; x_wconf 74' lang='grc' dir='ltr'>τῆς</span> <span class='ocrx_word' id='word_1_475' title='bbox 816 2117 962 2152; x_wconf 69' lang='grc' dir='ltr'>θεότητος),</span> 
     </span>
    </p>
   </div>
   <div class='ocr_carea' id='block_1_67' title="bbox 178 2163 962 2201">
    <p class='ocr_par' dir='ltr' id='par_1_67' title="bbox 178 2163 962 2201">
     <span class='ocr_line' id='line_1_67' title="bbox 178 2163 962 2201; baseline -0.001 -10"><span class='ocrx_word' id='word_1_476' title='bbox 178 2165 215 2200; x_wconf 80' lang='grc' dir='ltr'>μὴ</span> <span class='ocrx_word' id='word_1_477' title='bbox 238 2165 404 2201; x_wconf 77' lang='grc' dir='ltr'>κατενεχθῇς</span> <span class='ocrx_word' id='word_1_478' title='bbox 424 2165 467 2192; x_wconf 73' lang='grc' dir='ltr'><strong>διὰ</strong></span> <span class='ocrx_word' id='word_1_479' title='bbox 487 2166 536 2201; x_wconf 79' lang='grc' dir='ltr'>τῆς</span> <span class='ocrx_word' id='word_1_480' title='bbox 562 2165 714 2201; x_wconf 81' lang='grc' dir='ltr'>ὲπὰρσεως.</span> <span class='ocrx_word' id='word_1_481' title='bbox 729 2166 778 2191; x_wconf 79' lang='grc' dir='ltr'>Ἂν</span> <span class='ocrx_word' id='word_1_482' title='bbox 804 2165 883 2191; x_wconf 80' lang='grc' dir='ltr'>τοῦτο</span> <span class='ocrx_word' id='word_1_483' title='bbox 907 2163 962 2199; x_wconf 71' lang='grc'>(53)</span> 
     </span>
    </p>
   </div>
   <div class='ocr_carea' id='block_1_68' title="bbox 176 2210 1000 2249">
    <p class='ocr_par' dir='ltr' id='par_1_68' title="bbox 176 2210 1000 2249">
     <span class='ocr_line' id='line_1_68' title="bbox 176 2210 1000 2249; baseline -0.001 -13"><span class='ocrx_word' id='word_1_484' title='bbox 176 2210 262 2247; x_wconf 74' lang='grc' dir='ltr'>λάϐῃ,</span> <span class='ocrx_word' id='word_1_485' title='bbox 280 2212 311 2238; x_wconf 89' lang='grc' dir='ltr'><strong>οὺ</strong></span> <span class='ocrx_word' id='word_1_486' title='bbox 333 2212 413 2247; x_wconf 79' lang='grc' dir='ltr'>μέχρι</span> <span class='ocrx_word' id='word_1_487' title='bbox 437 2211 530 2238; x_wconf 75' lang='grc' dir='ltr'>τούτου</span> <span class='ocrx_word' id='word_1_488' title='bbox 546 2212 683 2247; x_wconf 80' lang='grc' dir='ltr'>στήσεται.</span> <span class='ocrx_word' id='word_1_489' title='bbox 699 2210 852 2245; x_wconf 78' lang='grc' dir='ltr'>Ἂπληστός</span> <span class='ocrx_word' id='word_1_490' title='bbox 875 2211 958 2241; x_wconf 80' lang='grc' dir='ltr'>ἐστιν,</span> <span class='ocrx_word' id='word_1_491' title='bbox 979 2222 1000 2249; x_wconf 78' lang='lat' dir='ltr'>D</span> 
     </span>
    </p>
   </div>
   <div class='ocr_carea' id='block_1_69' title="bbox 177 2255 961 2293">
    <p class='ocr_par' dir='ltr' id='par_1_69' title="bbox 177 2255 961 2293">
     <span class='ocr_line' id='line_1_69' title="bbox 177 2255 961 2293; baseline -0.003 -10"><span class='ocrx_word' id='word_1_492' title='bbox 177 2258 216 2288; x_wconf 83' lang='grc' dir='ltr'><strong>είς</strong></span> <span class='ocrx_word' id='word_1_493' title='bbox 239 2258 329 2284; x_wconf 77' lang='grc' dir='ltr'>πάντα</span> <span class='ocrx_word' id='word_1_494' title='bbox 348 2258 502 2293; x_wconf 75' lang='grc' dir='ltr'>ἐπέρχεται.</span> <span class='ocrx_word' id='word_1_495' title='bbox 525 2258 615 2284; x_wconf 86' lang='grc' dir='ltr'>Σαίνει</span> <span class='ocrx_word' id='word_1_496' title='bbox 633 2257 682 2293; x_wconf 75' lang='grc' dir='ltr'><strong>μὲν</strong></span> <span class='ocrx_word' id='word_1_497' title='bbox 699 2256 739 2291; x_wconf 80' lang='grc' dir='ltr'><strong>τῷ</strong></span> <span class='ocrx_word' id='word_1_498' title='bbox 759 2255 869 2291; x_wconf 80' lang='grc' dir='ltr'>χρηστῷ</span> <span class='ocrx_word' id='word_1_499' title='bbox 895 2256 961 2290; x_wconf 75' lang='lat'><strong>(56),</strong></span> 
     </span>
    </p>
   </div>
   <div class='ocr_carea' id='block_1_70' title="bbox 177 2300 963 2339">
    <p class='ocr_par' dir='ltr' id='par_1_70' title="bbox 177 2300 963 2339">
     <span class='ocr_line' id='line_1_70' title="bbox 177 2300 963 2339; baseline -0.004 -10"><span class='ocrx_word' id='word_1_500' title='bbox 177 2304 288 2339; x_wconf 61' lang='grc' dir='ltr'>τελευτᾷ</span> <span class='ocrx_word' id='word_1_501' title='bbox 307 2303 336 2329; x_wconf 74' lang='grc' dir='ltr'><strong>δὲ</strong></span> <span class='ocrx_word' id='word_1_502' title='bbox 353 2305 391 2335; x_wconf 84' lang='grc' dir='ltr'>εἰς</span> <span class='ocrx_word' id='word_1_503' title='bbox 408 2303 535 2339; x_wconf 80' lang='grc' dir='ltr'>πονηρόν.</span> <span class='ocrx_word' id='word_1_504' title='bbox 559 2300 644 2334; x_wconf 72' lang='grc' dir='ltr'>οὗτος</span> <span class='ocrx_word' id='word_1_505' title='bbox 666 2302 749 2329; x_wconf 75' lang='grc' dir='ltr'>αὑτοῦ</span> <span class='ocrx_word' id='word_1_506' title='bbox 772 2303 821 2336; x_wconf 79' lang='grc' dir='ltr'>τῆς</span> <span class='ocrx_word' id='word_1_507' title='bbox 847 2302 936 2337; x_wconf 83' lang='grc' dir='ltr'>μάχης</span> <span class='ocrx_word' id='word_1_508' title='bbox 949 2301 963 2326; x_wconf 84' lang='grc' dir='ltr'>ὁ</span> 
     </span>
    </p>
   </div>
   <div class='ocr_carea' id='block_1_71' title="bbox 177 2347 964 2384">
    <p class='ocr_par' dir='ltr' id='par_1_71' title="bbox 177 2347 964 2384">
     <span class='ocr_line' id='line_1_71' title="bbox 177 2347 964 2384; baseline -0.005 -9"><span class='ocrx_word' id='word_1_509' title='bbox 177 2348 285 2384; x_wconf 74' lang='grc' dir='ltr'>τρόπος.</span> <span class='ocrx_word' id='word_1_510' title='bbox 304 2349 383 2375; x_wconf 74' lang='grc' dir='ltr'>Ἀλλὰ</span> <span class='ocrx_word' id='word_1_511' title='bbox 396 2349 441 2375; x_wconf 78' lang='grc' dir='ltr'><strong>καὶ</strong></span> <span class='ocrx_word' id='word_1_512' title='bbox 455 2348 571 2384; x_wconf 76' lang='grc' dir='ltr'>Γραφῶν</span> <span class='ocrx_word' id='word_1_513' title='bbox 585 2348 714 2384; x_wconf 79' lang='grc' dir='ltr'>ἔμπειρος</span> <span class='ocrx_word' id='word_1_514' title='bbox 727 2349 740 2374; x_wconf 76' lang='grc' dir='ltr'>ὁ</span> <span class='ocrx_word' id='word_1_515' title='bbox 753 2348 862 2382; x_wconf 77' lang='grc' dir='ltr'>λῃστής.</span> <span class='ocrx_word' id='word_1_516' title='bbox 882 2347 964 2372; x_wconf 78' lang='grc' dir='ltr'>Ἐκεῖ-</span> 
     </span>
    </p>
   </div>
   <div class='ocr_carea' id='block_1_72' title="bbox 179 2392 964 2430">
    <p class='ocr_par' dir='ltr' id='par_1_72' title="bbox 179 2392 964 2430">
     <span class='ocr_line' id='line_1_72' title="bbox 179 2392 964 2430; baseline -0.004 -10"><span class='ocrx_word' id='word_1_517' title='bbox 179 2393 222 2420; x_wconf 86' lang='grc' dir='ltr'>οεν</span> <span class='ocrx_word' id='word_1_518' title='bbox 242 2394 282 2426; x_wconf 80' lang='grc' dir='ltr'><strong>τὸ,</strong></span> <span class='ocrx_word' id='word_1_519' title='bbox 302 2394 479 2428; x_wconf 78' lang='grc' dir='ltr'>Γέγραπται,</span> <span class='ocrx_word' id='word_1_520' title='bbox 504 2395 567 2430; x_wconf 80' lang='grc' dir='ltr'>περὶ</span> <span class='ocrx_word' id='word_1_521' title='bbox 592 2394 639 2420; x_wconf 78' lang='grc' dir='ltr'>τοῦ</span> <span class='ocrx_word' id='word_1_522' title='bbox 663 2394 762 2429; x_wconf 81' lang='grc' dir='ltr'>ἅρτου’</span> <span class='ocrx_word' id='word_1_523' title='bbox 785 2392 908 2419; x_wconf 76' lang='grc' dir='ltr'>ἐντεῦθεν</span> <span class='ocrx_word' id='word_1_524' title='bbox 923 2392 964 2423; x_wconf 82' lang='grc' dir='ltr'><strong>τὺ,</strong></span> 
     </span>
    </p>
   </div>
   <div class='ocr_carea' id='block_1_73' title="bbox 178 2436 963 2475">
    <p class='ocr_par' dir='ltr' id='par_1_73' title="bbox 178 2436 963 2475">
     <span class='ocr_line' id='line_1_73' title="bbox 178 2436 963 2475; baseline -0.005 -10"><span class='ocrx_word' id='word_1_525' title='bbox 178 2438 360 2474; x_wconf 75' lang='grc' dir='ltr'>Γέγραπται,</span> <span class='ocrx_word' id='word_1_526' title='bbox 385 2440 449 2475; x_wconf 73' lang='grc' dir='ltr'>περὶ</span> <span class='ocrx_word' id='word_1_527' title='bbox 471 2440 525 2466; x_wconf 81' lang='grc' dir='ltr'><strong>τῶν</strong></span> <span class='ocrx_word' id='word_1_528' title='bbox 552 2439 685 2474; x_wconf 80' lang='grc' dir='ltr'><strong>ἀγγέλων.</strong></span> <span class='ocrx_word' id='word_1_529' title='bbox 707 2440 731 2465; x_wconf 87' lang='grc' dir='ltr'>Γ</span> <span class='ocrx_word' id='word_1_530' title='bbox 732 2437 872 2473; x_wconf 61' lang='grc' dir='ltr'>έῃιαπται</span> <span class='ocrx_word' id='word_1_531' title='bbox 897 2436 963 2471; x_wconf 72' lang='grc' dir='ltr'>γὰρ,</span> 
     </span>
    </p>
   </div>
   <div class='ocr_carea' id='block_1_74' title="bbox 212 2518 963 2559">
    <p class='ocr_par' dir='ltr' id='par_1_74' title="bbox 212 2520 963 2555">
     <span class='ocr_line' id='line_1_74' title="bbox 212 2520 963 2555; baseline -0.001 -7"><span class='ocrx_word' id='word_1_532' title='bbox 212 2521 235 2536; x_wconf 83' lang='grc'><strong>⁸⁷</strong></span> <span class='ocrx_word' id='word_1_533' title='bbox 246 2521 313 2548; x_wconf 88' lang='lat' dir='ltr'><strong>an.</strong></span> <span class='ocrx_word' id='word_1_534' title='bbox 327 2529 387 2553; x_wconf 82' lang='lat' dir='ltr'><strong>xui,</strong></span> <span class='ocrx_word' id='word_1_535' title='bbox 408 2522 434 2549; x_wconf 90' lang='lat'><strong>8.</strong></span> <span class='ocrx_word' id='word_1_536' title='bbox 473 2522 495 2537; x_wconf 78' lang='grc'><strong>⁸³</strong></span> <span class='ocrx_word' id='word_1_537' title='bbox 509 2521 587 2549; x_wconf 77' lang='lat' dir='ltr'><strong>Rom.</strong></span> <span class='ocrx_word' id='word_1_538' title='bbox 607 2529 643 2554; x_wconf 81' lang='lat' dir='ltr'><strong>vt,</strong></span> <span class='ocrx_word' id='word_1_539' title='bbox 658 2521 685 2548; x_wconf 72' lang='grc'>4.</span> <span class='ocrx_word' id='word_1_540' title='bbox 723 2521 745 2537; x_wconf 63' lang='grc'><strong>⁸³</strong></span> <span class='ocrx_word' id='word_1_541' title='bbox 761 2521 905 2555; x_wconf 81' lang='lat' dir='ltr'><strong>Ephes.v|,</strong></span> <span class='ocrx_word' id='word_1_542' title='bbox 924 2520 963 2547; x_wconf 79' lang='grc'><strong>16.</strong></span> 
     </span>
    </p>
   </div>
   <div class='ocr_carea' id='block_1_75' title="bbox 1015 2518 1234 2559">
    <p class='ocr_par' dir='ltr' id='par_1_75' title="bbox 1017 2518 1234 2550">
     <span class='ocr_line' id='line_1_75' title="bbox 1017 2518 1234 2550; baseline -0.005 -6"><span class='ocrx_word' id='word_1_543' title='bbox 1017 2520 1026 2535; x_wconf 87' lang='lat'><strong><em>°</em></strong></span> <span class='ocrx_word' id='word_1_544' title='bbox 1041 2518 1136 2545; x_wconf 83' lang='lat' dir='ltr'><strong>Matth.</strong></span> <span class='ocrx_word' id='word_1_545' title='bbox 1156 2526 1190 2550; x_wconf 84' lang='lat' dir='ltr'><strong>tv,</strong></span> <span class='ocrx_word' id='word_1_546' title='bbox 1209 2518 1234 2544; x_wconf 81' lang='lat'><strong>5.</strong></span> 
     </span>
    </p>
   </div>
   <div class='ocr_carea' id='block_1_76' title="bbox 214 2587 892 2624">
    <p class='ocr_par' dir='ltr' id='par_1_76' title="bbox 214 2587 892 2624">
     <span class='ocr_line' id='line_1_76' title="bbox 214 2587 892 2624; baseline 0.003 -10"><span class='ocrx_word' id='word_1_547' title='bbox 214 2587 269 2624; x_wconf 59' lang='grc' dir='ltr'><strong>(μ)</strong></span> <span class='ocrx_word' id='word_1_548' title='bbox 296 2587 395 2624; x_wconf 74' lang='grc' dir='ltr'>Ἡμᾶς.</span> <span class='ocrx_word' id='word_1_549' title='bbox 413 2589 491 2615; x_wconf 87' lang='lat' dir='ltr'><strong>Deest</strong></span> <span class='ocrx_word' id='word_1_550' title='bbox 505 2588 665 2624; x_wconf 75' lang='lat' dir='ltr'><strong>inpluribus</strong></span> <span class='ocrx_word' id='word_1_551' title='bbox 677 2589 759 2624; x_wconf 78' lang='lat' dir='ltr'><strong>llegg.</strong></span> <span class='ocrx_word' id='word_1_552' title='bbox 772 2594 799 2616; x_wconf 88' lang='lat' dir='ltr'><strong>et</strong></span> <span class='ocrx_word' id='word_1_553' title='bbox 818 2588 892 2616; x_wconf 85' lang='lat' dir='ltr'><strong>Colb.</strong></span> 
     </span>
    </p>
   </div>
   <div class='ocr_carea' id='block_1_77' title="bbox 214 2623 661 2659">
    <p class='ocr_par' dir='ltr' id='par_1_77' title="bbox 214 2623 661 2659">
     <span class='ocr_line' id='line_1_77' title="bbox 214 2623 661 2659; baseline 0.004 -11"><span class='ocrx_word' id='word_1_554' title='bbox 214 2623 270 2659; x_wconf 58' lang='grc'><strong>(45]</strong></span> <span class='ocrx_word' id='word_1_555' title='bbox 291 2623 400 2659; x_wconf 74' lang='grc' dir='ltr'><strong>Δεήσῃ.</strong></span> <span class='ocrx_word' id='word_1_556' title='bbox 416 2623 481 2659; x_wconf 74' lang='lat' dir='ltr'><strong>lleg.</strong></span> <span class='ocrx_word' id='word_1_557' title='bbox 493 2631 518 2654; x_wconf 81' lang='lat' dir='ltr'><strong>c.</strong></span> <span class='ocrx_word' id='word_1_558' title='bbox 532 2623 661 2659; x_wconf 81' lang='grc' dir='ltr'><strong>δεηθήσῃ.</strong></span> 
     </span>
    </p>
   </div>
   <div class='ocr_carea' id='block_1_78' title="bbox 214 2657 813 2691">
    <p class='ocr_par' dir='ltr' id='par_1_78' title="bbox 214 2657 813 2691">
     <span class='ocr_line' id='line_1_78' title="bbox 214 2657 813 2691; baseline 0.002 -7"><span class='ocrx_word' id='word_1_559' title='bbox 214 2658 270 2690; x_wconf 72' lang='lat' dir='ltr'><strong>(Mil</strong></span> <span class='ocrx_word' id='word_1_560' title='bbox 297 2657 500 2691; x_wconf 66' lang='grc' dir='ltr'>Ἀνακλήσεις,</span> <span class='ocrx_word' id='word_1_561' title='bbox 511 2657 593 2685; x_wconf 70' lang='lat' dir='ltr'><strong>(loisl.</strong></span> <span class='ocrx_word' id='word_1_562' title='bbox 609 2657 813 2691; x_wconf 53' lang='grc' dir='ltr'>Ἰίάνακλίσεις.</span> 
     </span>
    </p>
   </div>
   <div class='ocr_carea' id='block_1_79' title="bbox 215 2692 758 2727">
    <p class='ocr_par' dir='ltr' id='par_1_79' title="bbox 215 2692 758 2727">
     <span class='ocr_line' id='line_1_79' title="bbox 215 2692 758 2727; baseline 0.004 -9"><span class='ocrx_word' id='word_1_563' title='bbox 215 2692 270 2726; x_wconf 64' lang='grc'><strong>(47)</strong></span> <span class='ocrx_word' id='word_1_564' title='bbox 293 2694 413 2720; x_wconf 61' lang='grc' dir='ltr'><strong>Ἀλνιου.</strong></span> <span class='ocrx_word' id='word_1_565' title='bbox 428 2693 454 2719; x_wconf 89' lang='lat' dir='ltr'><strong>lu</strong></span> <span class='ocrx_word' id='word_1_566' title='bbox 466 2694 634 2727; x_wconf 80' lang='lat' dir='ltr'><strong>quibusdam.</strong></span> <span class='ocrx_word' id='word_1_567' title='bbox 648 2694 704 2720; x_wconf 80' lang='grc' dir='ltr'>ἀλλ’</span> <span class='ocrx_word' id='word_1_568' title='bbox 717 2694 758 2720; x_wconf 82' lang='grc' dir='ltr'><strong>οὑ.</strong></span> 
     </span>
    </p>
   </div>
   <div class='ocr_carea' id='block_1_80' title="bbox 227 2727 688 2763">
    <p class='ocr_par' dir='ltr' id='par_1_80' title="bbox 227 2727 688 2763">
     <span class='ocr_line' id='line_1_80' title="bbox 227 2727 688 2763; baseline 0 -9"><span class='ocrx_word' id='word_1_569' title='bbox 227 2727 270 2760; x_wconf 65' lang='grc'><strong>48)</strong></span> <span class='ocrx_word' id='word_1_570' title='bbox 290 2728 357 2754; x_wconf 80' lang='grc' dir='ltr'>Καί.</span> <span class='ocrx_word' id='word_1_571' title='bbox 374 2728 450 2754; x_wconf 76' lang='lat' dir='ltr'><strong>Deest</strong></span> <span class='ocrx_word' id='word_1_572' title='bbox 469 2729 494 2754; x_wconf 93' lang='lat' dir='ltr'><strong>in</strong></span> <span class='ocrx_word' id='word_1_573' title='bbox 508 2728 592 2755; x_wconf 87' lang='lat' dir='ltr'><strong>tribus</strong></span> <span class='ocrx_word' id='word_1_574' title='bbox 605 2728 688 2763; x_wconf 69' lang='lat' dir='ltr'><strong>llegg.</strong></span> 
     </span>
    </p>
   </div>
   <div class='ocr_carea' id='block_1_81' title="bbox 227 2763 962 2798">
    <p class='ocr_par' dir='ltr' id='par_1_81' title="bbox 227 2763 962 2798">
     <span class='ocr_line' id='line_1_81' title="bbox 227 2763 962 2798; baseline 0.001 -9"><span class='ocrx_word' id='word_1_575' title='bbox 227 2763 271 2798; x_wconf 72' lang='lat'><strong>49)</strong></span> <span class='ocrx_word' id='word_1_576' title='bbox 291 2763 371 2796; x_wconf 81' lang='grc' dir='ltr'><strong>Βέλη</strong></span> <span class='ocrx_word' id='word_1_577' title='bbox 388 2764 441 2790; x_wconf 83' lang='grc' dir='ltr'><strong>τοῦ</strong></span> <span class='ocrx_word' id='word_1_578' title='bbox 457 2764 603 2797; x_wconf 82' lang='grc' dir='ltr'>Πονηροῦ.</span> <span class='ocrx_word' id='word_1_579' title='bbox 619 2763 664 2790; x_wconf 81' lang='lat' dir='ltr'><strong>Sic</strong></span> <span class='ocrx_word' id='word_1_580' title='bbox 677 2769 793 2798; x_wconf 82' lang='lat' dir='ltr'><strong>quatuor</strong></span> <span class='ocrx_word' id='word_1_581' title='bbox 805 2763 897 2798; x_wconf 73' lang='lat' dir='ltr'><strong>Regg.,</strong></span> <span class='ocrx_word' id='word_1_582' title='bbox 915 2772 962 2790; x_wconf 83' lang='lat' dir='ltr'><strong>no-</strong></span> 
     </span>
    </p>
   </div>
   <div class='ocr_carea' id='block_1_82' title="bbox 180 2798 962 2837">
    <p class='ocr_par' dir='ltr' id='par_1_82' title="bbox 180 2798 962 2837">
     <span class='ocr_line' id='line_1_82' title="bbox 180 2798 962 2837; baseline 0.004 -14"><span class='ocrx_word' id='word_1_583' title='bbox 180 2805 240 2824; x_wconf 73' lang='lat' dir='ltr'><strong>vem</strong></span> <span class='ocrx_word' id='word_1_584' title='bbox 255 2798 346 2837; x_wconf 87' lang='lat' dir='ltr'><strong>Co_lb.,</strong></span> <span class='ocrx_word' id='word_1_585' title='bbox 364 2798 416 2825; x_wconf 89' lang='lat' dir='ltr'><strong>duo</strong></span> <span class='ocrx_word' id='word_1_586' title='bbox 428 2798 521 2831; x_wconf 67' lang='grc' dir='ltr'><strong>(Ζοιει.⁷</strong></span> <span class='ocrx_word' id='word_1_587' title='bbox 535 2805 587 2826; x_wconf 87' lang='lat' dir='ltr'><strong>etc.</strong></span> <span class='ocrx_word' id='word_1_588' title='bbox 609 2798 694 2826; x_wconf 66' lang='grc' dir='ltr'><strong>Ρηιέ</strong></span> <span class='ocrx_word' id='word_1_589' title='bbox 713 2799 739 2825; x_wconf 80' lang='grc' dir='ltr'><strong>ιιι</strong></span> <span class='ocrx_word' id='word_1_590' title='bbox 756 2799 811 2832; x_wconf 86' lang='lat' dir='ltr'><strong>ed.,</strong></span> <span class='ocrx_word' id='word_1_591' title='bbox 827 2799 895 2834; x_wconf 80' lang='grc' dir='ltr'>μέλη</span> <span class='ocrx_word' id='word_1_592' title='bbox 915 2799 962 2826; x_wconf 81' lang='grc' dir='ltr'>τοῦ</span> 
     </span>
    </p>
   </div>
   <div class='ocr_carea' id='block_1_83' title="bbox 181 2840 963 2939">
    <p class='ocr_par' dir='ltr' id='par_1_83' title="bbox 181 2840 963 2939">
     <span class='ocr_line' id='line_1_83' title="bbox 181 2840 963 2939; baseline -0.013 -41"><span class='ocrx_word' id='word_1_593' title='bbox 181 2840 465 2939; x_wconf 50' lang='grc' dir='ltr'><strong>ἒὲξξῗᾜροσϐάλῃ-</strong></span> <span class='ocrx_word' id='word_1_594' title='bbox 487 2868 570 2904; x_wconf 69' lang='lat' dir='ltr'><strong>ttcgg-</strong></span> <span class='ocrx_word' id='word_1_595' title='bbox 595 2869 649 2902; x_wconf 83' lang='lat' dir='ltr'><strong>bm,</strong></span> <span class='ocrx_word' id='word_1_596' title='bbox 671 2868 706 2903; x_wconf 81' lang='lat' dir='ltr'><strong>ph</strong></span> <span class='ocrx_word' id='word_1_597' title='bbox 728 2873 754 2896; x_wconf 88' lang='lat' dir='ltr'><strong>et</strong></span> <span class='ocrx_word' id='word_1_598' title='bbox 773 2868 878 2902; x_wconf 56' lang='lat' dir='ltr'><strong>Come,</strong></span> <span class='ocrx_word' id='word_1_599' title='bbox 899 2879 963 2906; x_wconf 73' lang='grc' dir='ltr'>προ,</span> 
     </span>
    </p>
   </div>
   <div class='ocr_carea' id='block_1_84' title="bbox 1047 1335 1797 1372">
    <p class='ocr_par' dir='ltr' id='par_1_84' title="bbox 1047 1335 1797 1372">
     <span class='ocr_line' id='line_1_84' title="bbox 1047 1335 1797 1372; baseline 0 -8"><span class='ocrx_word' id='word_1_600' title='bbox 1047 1336 1081 1364; x_wconf 81' lang='grc' dir='ltr'><strong>Χ.</strong></span> <span class='ocrx_word' id='word_1_601' title='bbox 1099 1335 1127 1363; x_wconf 90' lang='lat' dir='ltr'><strong>Si</strong></span> <span class='ocrx_word' id='word_1_602' title='bbox 1143 1340 1169 1363; x_wconf 84' lang='lat' dir='ltr'><strong>te</strong></span> <span class='ocrx_word' id='word_1_603' title='bbox 1184 1336 1292 1363; x_wconf 91' lang='lat' dir='ltr'><strong>luminis</strong></span> <span class='ocrx_word' id='word_1_604' title='bbox 1317 1342 1472 1371; x_wconf 86' lang='lat' dir='ltr'><strong>persecutor</strong></span> <span class='ocrx_word' id='word_1_605' title='bbox 1489 1342 1514 1364; x_wconf 89' lang='lat' dir='ltr'><strong>et</strong></span> <span class='ocrx_word' id='word_1_606' title='bbox 1535 1342 1652 1364; x_wconf 85' lang='lat' dir='ltr'><strong>tentator</strong></span> <span class='ocrx_word' id='word_1_607' title='bbox 1671 1342 1730 1372; x_wconf 90' lang='lat' dir='ltr'><strong>post</strong></span> <span class='ocrx_word' id='word_1_608' title='bbox 1747 1339 1797 1365; x_wconf 83' lang='lat' dir='ltr'><strong>ba-</strong></span> 
     </span>
    </p>
   </div>
   <div class='ocr_carea' id='block_1_85' title="bbox 1012 1382 1799 1419">
    <p class='ocr_par' dir='ltr' id='par_1_85' title="bbox 1012 1382 1799 1419">
     <span class='ocr_line' id='line_1_85' title="bbox 1012 1382 1799 1419; baseline 0.001 -9"><span class='ocrx_word' id='word_1_609' title='bbox 1012 1384 1138 1418; x_wconf 86' lang='lat' dir='ltr'><strong>ptismum</strong></span> <span class='ocrx_word' id='word_1_610' title='bbox 1153 1383 1264 1410; x_wconf 81' lang='lat' dir='ltr'><strong>adortus</strong></span> <span class='ocrx_word' id='word_1_611' title='bbox 1278 1382 1359 1411; x_wconf 81' lang='lat' dir='ltr'><strong>fuerit</strong></span> <span class='ocrx_word' id='word_1_612' title='bbox 1376 1384 1415 1419; x_wconf 87' lang='lat' dir='ltr'><strong>(et</strong></span> <span class='ocrx_word' id='word_1_613' title='bbox 1433 1389 1505 1411; x_wconf 85' lang='lat' dir='ltr'><strong>certe</strong></span> <span class='ocrx_word' id='word_1_614' title='bbox 1520 1385 1673 1418; x_wconf 83' lang='lat' dir='ltr'><strong>adorietur;</strong></span> <span class='ocrx_word' id='word_1_615' title='bbox 1691 1392 1751 1411; x_wconf 89' lang='lat' dir='ltr'><strong>nam</strong></span> <span class='ocrx_word' id='word_1_616' title='bbox 1771 1389 1799 1411; x_wconf 89' lang='lat' dir='ltr'><strong>et</strong></span> 
     </span>
    </p>
   </div>
   <div class='ocr_carea' id='block_1_86' title="bbox 1014 1427 1797 1463">
    <p class='ocr_par' dir='ltr' id='par_1_86' title="bbox 1014 1427 1797 1463">
     <span class='ocr_line' id='line_1_86' title="bbox 1014 1427 1797 1463; baseline 0 -7"><span class='ocrx_word' id='word_1_617' title='bbox 1014 1427 1146 1460; x_wconf 86' lang='lat' dir='ltr'><strong>Verbum,</strong></span> <span class='ocrx_word' id='word_1_618' title='bbox 1163 1433 1189 1455; x_wconf 89' lang='lat' dir='ltr'><strong>et</strong></span> <span class='ocrx_word' id='word_1_619' title='bbox 1215 1427 1298 1455; x_wconf 89' lang='lat' dir='ltr'><strong>Deum</strong></span> <span class='ocrx_word' id='word_1_620' title='bbox 1320 1435 1419 1462; x_wconf 88' lang='lat' dir='ltr'><strong>meum,</strong></span> <span class='ocrx_word' id='word_1_621' title='bbox 1438 1433 1546 1463; x_wconf 88' lang='lat' dir='ltr'><strong>propter</strong></span> <span class='ocrx_word' id='word_1_622' title='bbox 1563 1430 1652 1457; x_wconf 86' lang='lat' dir='ltr'><strong>carnis</strong></span> <span class='ocrx_word' id='word_1_623' title='bbox 1676 1429 1797 1457; x_wconf 85' lang='lat' dir='ltr'><strong>velamen</strong></span> 
     </span>
    </p>
   </div>
   <div class='ocr_carea' id='block_1_87' title="bbox 1012 1474 1796 1515">
    <p class='ocr_par' dir='ltr' id='par_1_87' title="bbox 1012 1474 1796 1515">
     <span class='ocr_line' id='line_1_87' title="bbox 1012 1474 1796 1515; baseline 0.001 -15"><span class='ocrx_word' id='word_1_624' title='bbox 1012 1481 1168 1508; x_wconf 77' lang='lat' dir='ltr'><strong>oppugnare</strong></span> <span class='ocrx_word' id='word_1_625' title='bbox 1180 1481 1323 1508; x_wconf 74' lang='lat' dir='ltr'><strong>aggressus</strong></span> <span class='ocrx_word' id='word_1_626' title='bbox 1337 1480 1388 1507; x_wconf 80' lang='lat' dir='ltr'><strong>est,</strong></span> <span class='ocrx_word' id='word_1_627' title='bbox 1402 1475 1502 1508; x_wconf 87' lang='lat' dir='ltr'><strong>lumen,</strong></span> <span class='ocrx_word' id='word_1_628' title='bbox 1517 1475 1635 1509; x_wconf 85' lang='lat' dir='ltr'><strong>inquam,</strong></span> <span class='ocrx_word' id='word_1_629' title='bbox 1650 1474 1714 1502; x_wconf 86' lang='lat' dir='ltr'><strong>illud</strong></span> <span class='ocrx_word' id='word_1_630' title='bbox 1732 1474 1796 1515; x_wconf 72' lang='lat' dir='ltr'><strong>abs-</strong></span> 
     </span>
    </p>
   </div>
   <div class='ocr_carea' id='block_1_88' title="bbox 1012 1512 1798 1555">
    <p class='ocr_par' dir='ltr' id='par_1_88' title="bbox 1012 1512 1798 1555">
     <span class='ocr_line' id='line_1_88' title="bbox 1012 1512 1798 1555; baseline -0.001 -8"><span class='ocrx_word' id='word_1_631' title='bbox 1012 1521 1165 1552; x_wconf 88' lang='lat' dir='ltr'><strong>conditum,</strong></span> <span class='ocrx_word' id='word_1_632' title='bbox 1187 1512 1297 1555; x_wconf 81' lang='lat' dir='ltr'><strong>propter</strong></span> <span class='ocrx_word' id='word_1_633' title='bbox 1319 1521 1511 1547; x_wconf 84' lang='lat' dir='ltr'><strong>humanitatem</strong></span> <span class='ocrx_word' id='word_1_634' title='bbox 1536 1528 1595 1555; x_wconf 75' lang='lat' dir='ltr'><strong>qua:</strong></span> <span class='ocrx_word' id='word_1_635' title='bbox 1618 1512 1798 1554; x_wconf 65' lang='lat' dir='ltr'><strong>inaspectum</strong></span> 
     </span>
    </p>
   </div>
   <div class='ocr_carea' id='block_1_89' title="bbox 1013 1565 1799 1601">
    <p class='ocr_par' dir='ltr' id='par_1_89' title="bbox 1013 1565 1799 1601">
     <span class='ocr_line' id='line_1_89' title="bbox 1013 1565 1799 1601; baseline 0.001 -10"><span class='ocrx_word' id='word_1_636' title='bbox 1013 1565 1114 1601; x_wconf 83' lang='lat' dir='ltr'><strong>cadit);</strong></span> <span class='ocrx_word' id='word_1_637' title='bbox 1133 1566 1281 1601; x_wconf 76' lang='lat' dir='ltr'><strong>habesquo</strong></span> <span class='ocrx_word' id='word_1_638' title='bbox 1298 1574 1359 1593; x_wconf 89' lang='lat' dir='ltr'><strong>eum</strong></span> <span class='ocrx_word' id='word_1_639' title='bbox 1376 1574 1505 1600; x_wconf 85' lang='lat' dir='ltr'><strong>superes;</strong></span> <span class='ocrx_word' id='word_1_640' title='bbox 1522 1574 1554 1593; x_wconf 91' lang='lat' dir='ltr'><strong>ne</strong></span> <span class='ocrx_word' id='word_1_641' title='bbox 1568 1570 1702 1593; x_wconf 83' lang='lat' dir='ltr'><strong>certamen</strong></span> <span class='ocrx_word' id='word_1_642' title='bbox 1716 1565 1799 1592; x_wconf 80' lang='lat' dir='ltr'><strong>refor-</strong></span> 
     </span>
    </p>
   </div>
   <div class='ocr_carea' id='block_1_90' title="bbox 1013 1610 1801 1647">
    <p class='ocr_par' dir='ltr' id='par_1_90' title="bbox 1013 1610 1801 1647">
     <span class='ocr_line' id='line_1_90' title="bbox 1013 1610 1801 1647; baseline -0.001 -9"><span class='ocrx_word' id='word_1_643' title='bbox 1013 1612 1108 1639; x_wconf 88' lang='lat' dir='ltr'><strong>mides.</strong></span> <span class='ocrx_word' id='word_1_644' title='bbox 1126 1612 1229 1647; x_wconf 82' lang='lat' dir='ltr'><strong>Aquam</strong></span> <span class='ocrx_word' id='word_1_645' title='bbox 1244 1613 1373 1640; x_wconf 83' lang='lat' dir='ltr'><strong>adversus</strong></span> <span class='ocrx_word' id='word_1_646' title='bbox 1388 1619 1449 1639; x_wconf 87' lang='lat' dir='ltr'><strong>eum</strong></span> <span class='ocrx_word' id='word_1_647' title='bbox 1466 1619 1581 1647; x_wconf 87' lang='lat' dir='ltr'><strong>oppone,</strong></span> <span class='ocrx_word' id='word_1_648' title='bbox 1596 1619 1701 1646; x_wconf 88' lang='lat' dir='ltr'><strong>oppone</strong></span> <span class='ocrx_word' id='word_1_649' title='bbox 1714 1610 1801 1645; x_wconf 85' lang='lat' dir='ltr'><strong>Spiri-</strong></span> 
     </span>
    </p>
   </div>
   <div class='ocr_carea' id='block_1_91' title="bbox 1013 1657 1797 1697">
    <p class='ocr_par' dir='ltr' id='par_1_91' title="bbox 1013 1657 1797 1697">
     <span class='ocr_line' id='line_1_91' title="bbox 1013 1657 1797 1697; baseline -0.004 -9"><span class='ocrx_word' id='word_1_650' title='bbox 1013 1666 1079 1695; x_wconf 86' lang='lat' dir='ltr'><strong>tum,</strong></span> <span class='ocrx_word' id='word_1_651' title='bbox 1096 1662 1122 1688; x_wconf 92' lang='lat' dir='ltr'><strong>in</strong></span> <span class='ocrx_word' id='word_1_652' title='bbox 1142 1670 1195 1696; x_wconf 90' lang='lat' dir='ltr'><strong>quo</strong></span> <span class='ocrx_word' id='word_1_653' title='bbox 1214 1657 1296 1697; x_wconf 73' lang='lat' dir='ltr'><strong>ignita</strong></span> <span class='ocrx_word' id='word_1_654' title='bbox 1314 1662 1404 1689; x_wconf 86' lang='lat' dir='ltr'><strong>omnia</strong></span> <span class='ocrx_word' id='word_1_655' title='bbox 1428 1661 1503 1695; x_wconf 89' lang='lat' dir='ltr'><strong>pravi</strong></span> <span class='ocrx_word' id='word_1_656' title='bbox 1528 1660 1600 1687; x_wconf 87' lang='lat' dir='ltr'><strong>illius</strong></span> <span class='ocrx_word' id='word_1_657' title='bbox 1624 1660 1675 1687; x_wconf 88' lang='lat' dir='ltr'><strong>tela</strong></span> <span class='ocrx_word' id='word_1_658' title='bbox 1693 1659 1797 1687; x_wconf 83' lang='lat' dir='ltr'><strong>exstin-</strong></span> 
     </span>
    </p>
   </div>
   <div class='ocr_carea' id='block_1_92' title="bbox 1013 1706 1798 1744">
    <p class='ocr_par' dir='ltr' id='par_1_92' title="bbox 1013 1706 1798 1744">
     <span class='ocr_line' id='line_1_92' title="bbox 1013 1706 1798 1744; baseline -0.003 -9"><span class='ocrx_word' id='word_1_659' title='bbox 1013 1714 1128 1743; x_wconf 77' lang='lat' dir='ltr'><strong>gucntnr</strong></span> <span class='ocrx_word' id='word_1_660' title='bbox 1142 1709 1174 1735; x_wconf 70' lang='grc'><strong>⁸³.</strong></span> <span class='ocrx_word' id='word_1_661' title='bbox 1191 1708 1308 1744; x_wconf 78' lang='lat' dir='ltr'><strong>Spiritus</strong></span> <span class='ocrx_word' id='word_1_662' title='bbox 1323 1708 1431 1743; x_wconf 87' lang='lat' dir='ltr'><strong>quidem</strong></span> <span class='ocrx_word' id='word_1_663' title='bbox 1448 1712 1499 1739; x_wconf 86' lang='lat' dir='ltr'><strong>est,</strong></span> <span class='ocrx_word' id='word_1_664' title='bbox 1522 1714 1615 1734; x_wconf 81' lang='lat' dir='ltr'><strong>verum</strong></span> <span class='ocrx_word' id='word_1_665' title='bbox 1630 1706 1676 1741; x_wconf 91' lang='lat' dir='ltr'><strong>qui</strong></span> <span class='ocrx_word' id='word_1_666' title='bbox 1693 1711 1798 1733; x_wconf 79' lang='lat' dir='ltr'><strong>montes</strong></span> 
     </span>
    </p>
   </div>
   <div class='ocr_carea' id='block_1_93' title="bbox 1013 1751 1799 1787">
    <p class='ocr_par' dir='ltr' id='par_1_93' title="bbox 1013 1751 1799 1787">
     <span class='ocr_line' id='line_1_93' title="bbox 1013 1751 1799 1787; baseline -0.004 -8"><span class='ocrx_word' id='word_1_667' title='bbox 1013 1753 1150 1780; x_wconf 82' lang='lat' dir='ltr'><strong>dissolvat.</strong></span> <span class='ocrx_word' id='word_1_668' title='bbox 1166 1753 1250 1787; x_wconf 86' lang='lat' dir='ltr'><strong>&#39;Aqua</strong></span> <span class='ocrx_word' id='word_1_669' title='bbox 1272 1752 1379 1787; x_wconf 88' lang='lat' dir='ltr'><strong>quidem</strong></span> <span class='ocrx_word' id='word_1_670' title='bbox 1396 1757 1447 1784; x_wconf 86' lang='lat' dir='ltr'><strong>est,</strong></span> <span class='ocrx_word' id='word_1_671' title='bbox 1464 1753 1510 1779; x_wconf 88' lang='lat' dir='ltr'><strong>sed</strong></span> <span class='ocrx_word' id='word_1_672' title='bbox 1532 1759 1592 1786; x_wconf 69' lang='lat' dir='ltr'><strong>qure</strong></span> <span class='ocrx_word' id='word_1_673' title='bbox 1607 1751 1676 1786; x_wconf 88' lang='lat' dir='ltr'><strong>ignis</strong></span> <span class='ocrx_word' id='word_1_674' title='bbox 1695 1751 1799 1777; x_wconf 81' lang='lat' dir='ltr'><strong>exstin~</strong></span> 
     </span>
    </p>
   </div>
   <div class='ocr_carea' id='block_1_94' title="bbox 1013 1793 1799 1833">
    <p class='ocr_par' dir='ltr' id='par_1_94' title="bbox 1013 1793 1799 1833">
     <span class='ocr_line' id='line_1_94' title="bbox 1013 1793 1799 1833; baseline -0.008 -9"><span class='ocrx_word' id='word_1_675' title='bbox 1013 1798 1108 1833; x_wconf 77' lang='lat' dir='ltr'><strong>guendi</strong></span> <span class='ocrx_word' id='word_1_676' title='bbox 1121 1797 1173 1824; x_wconf 84' lang='lat' dir='ltr'><strong>vim</strong></span> <span class='ocrx_word' id='word_1_677' title='bbox 1187 1797 1294 1824; x_wconf 86' lang='lat' dir='ltr'><strong>habeat.</strong></span> <span class='ocrx_word' id='word_1_678' title='bbox 1308 1796 1336 1823; x_wconf 86' lang='lat' dir='ltr'><strong>Si</strong></span> <span class='ocrx_word' id='word_1_679' title='bbox 1351 1796 1466 1830; x_wconf 78' lang='lat' dir='ltr'><strong>inopiam</strong></span> <span class='ocrx_word' id='word_1_680' title='bbox 1482 1795 1528 1822; x_wconf 87' lang='lat' dir='ltr'><strong>tibi</strong></span> <span class='ocrx_word' id='word_1_681' title='bbox 1542 1793 1710 1829; x_wconf 82' lang='lat' dir='ltr'><strong>proposuerit.</strong></span> <span class='ocrx_word' id='word_1_682' title='bbox 1724 1793 1799 1827; x_wconf 77' lang='lat' dir='ltr'><strong>(nam</strong></span> 
     </span>
    </p>
   </div>
   <div class='ocr_carea' id='block_1_95' title="bbox 1013 1838 1799 1878">
    <p class='ocr_par' dir='ltr' id='par_1_95' title="bbox 1013 1838 1799 1878">
     <span class='ocr_line' id='line_1_95' title="bbox 1013 1838 1799 1878; baseline -0.008 -8"><span class='ocrx_word' id='word_1_683' title='bbox 1013 1843 1063 1870; x_wconf 90' lang='lat' dir='ltr'><strong>hoc</strong></span> <span class='ocrx_word' id='word_1_684' title='bbox 1086 1850 1191 1878; x_wconf 89' lang='lat' dir='ltr'><strong>quoque</strong></span> <span class='ocrx_word' id='word_1_685' title='bbox 1215 1842 1323 1870; x_wconf 89' lang='lat' dir='ltr'><strong>Christo</strong></span> <span class='ocrx_word' id='word_1_686' title='bbox 1346 1849 1494 1877; x_wconf 85' lang='lat' dir='ltr'><strong>proponere</strong></span> <span class='ocrx_word' id='word_1_687' title='bbox 1517 1848 1569 1868; x_wconf 91' lang='lat' dir='ltr'><strong>non</strong></span> <span class='ocrx_word' id='word_1_688' title='bbox 1591 1838 1743 1871; x_wconf 85' lang='lat' dir='ltr'><strong>dubitavit),</strong></span> <span class='ocrx_word' id='word_1_689' title='bbox 1767 1845 1799 1865; x_wconf 85' lang='lat' dir='ltr'><strong>ac</strong></span> 
     </span>
    </p>
   </div>
   <div class='ocr_carea' id='block_1_96' title="bbox 1014 1885 1799 1923">
    <p class='ocr_par' dir='ltr' id='par_1_96' title="bbox 1014 1885 1799 1923">
     <span class='ocr_line' id='line_1_96' title="bbox 1014 1885 1799 1923; baseline -0.005 -9"><span class='ocrx_word' id='word_1_690' title='bbox 1014 1889 1111 1915; x_wconf 79' lang='lat' dir='ltr'><strong>famem</strong></span> <span class='ocrx_word' id='word_1_691' title='bbox 1131 1888 1166 1915; x_wconf 89' lang='lat' dir='ltr'><strong>ob</strong></span> <span class='ocrx_word' id='word_1_692' title='bbox 1179 1889 1269 1915; x_wconf 87' lang='lat' dir='ltr'><strong>oculos</strong></span> <span class='ocrx_word' id='word_1_693' title='bbox 1285 1896 1400 1923; x_wconf 87' lang='lat' dir='ltr'><strong>ponens,</strong></span> <span class='ocrx_word' id='word_1_694' title='bbox 1417 1887 1570 1922; x_wconf 83' lang='lat' dir='ltr'><strong>postularit,</strong></span> <span class='ocrx_word' id='word_1_695' title='bbox 1591 1891 1619 1913; x_wconf 93' lang='lat' dir='ltr'><strong>ul</strong></span> <span class='ocrx_word' id='word_1_696' title='bbox 1636 1885 1737 1919; x_wconf 86' lang='lat' dir='ltr'><strong>lapides</strong></span> <span class='ocrx_word' id='word_1_697' title='bbox 1751 1891 1799 1918; x_wconf 86' lang='lat' dir='ltr'><strong>pa-</strong></span> 
     </span>
    </p>
   </div>
   <div class='ocr_carea' id='block_1_97' title="bbox 1014 1931 1799 1969">
    <p class='ocr_par' dir='ltr' id='par_1_97' title="bbox 1014 1931 1799 1969">
     <span class='ocr_line' id='line_1_97' title="bbox 1014 1931 1799 1969; baseline -0.008 -7"><span class='ocrx_word' id='word_1_698' title='bbox 1014 1942 1060 1962; x_wconf 83' lang='lat' dir='ltr'><strong>nes</strong></span> <span class='ocrx_word' id='word_1_699' title='bbox 1077 1935 1140 1961; x_wconf 87' lang='lat' dir='ltr'><strong>liant</strong></span> <span class='ocrx_word' id='word_1_700' title='bbox 1150 1935 1189 1967; x_wconf 68' lang='lat'><strong>9°;</strong></span> <span class='ocrx_word' id='word_1_701' title='bbox 1203 1943 1236 1962; x_wconf 91' lang='lat' dir='ltr'><strong>ne</strong></span> <span class='ocrx_word' id='word_1_702' title='bbox 1250 1935 1319 1961; x_wconf 89' lang='lat' dir='ltr'><strong>illius</strong></span> <span class='ocrx_word' id='word_1_703' title='bbox 1334 1935 1510 1969; x_wconf 80' lang='lat' dir='ltr'><strong>cogitationes</strong></span> <span class='ocrx_word' id='word_1_704' title='bbox 1527 1933 1643 1968; x_wconf 83' lang='lat' dir='ltr'><strong>ignores.</strong></span> <span class='ocrx_word' id='word_1_705' title='bbox 1660 1931 1729 1958; x_wconf 87' lang='lat' dir='ltr'><strong>Doce</strong></span> <span class='ocrx_word' id='word_1_706' title='bbox 1739 1937 1799 1966; x_wconf 68' lang='lat' dir='ltr'><strong>qua:</strong></span> 
     </span>
    </p>
   </div>
   <div class='ocr_carea' id='block_1_98' title="bbox 1015 1977 1799 2015">
    <p class='ocr_par' dir='ltr' id='par_1_98' title="bbox 1015 1977 1799 2015">
     <span class='ocr_line' id='line_1_98' title="bbox 1015 1977 1799 2015; baseline -0.005 -9"><span class='ocrx_word' id='word_1_707' title='bbox 1015 1989 1066 2007; x_wconf 90' lang='lat' dir='ltr'><strong>non</strong></span> <span class='ocrx_word' id='word_1_708' title='bbox 1082 1981 1194 2012; x_wconf 82' lang='lat' dir='ltr'><strong>didicit;</strong></span> <span class='ocrx_word' id='word_1_709' title='bbox 1220 1988 1323 2015; x_wconf 88' lang='lat' dir='ltr'><strong>oppone</strong></span> <span class='ocrx_word' id='word_1_710' title='bbox 1347 1981 1454 2007; x_wconf 88' lang='lat' dir='ltr'><strong>vitalem</strong></span> <span class='ocrx_word' id='word_1_711' title='bbox 1479 1980 1552 2006; x_wconf 90' lang='lat' dir='ltr'><strong>illum</strong></span> <span class='ocrx_word' id='word_1_712' title='bbox 1578 1985 1740 2009; x_wconf 80' lang='lat' dir='ltr'><strong>sermonem.</strong></span> <span class='ocrx_word' id='word_1_713' title='bbox 1754 1977 1799 2012; x_wconf 90' lang='lat' dir='ltr'><strong>qui</strong></span> 
     </span>
    </p>
   </div>
   <div class='ocr_carea' id='block_1_99' title="bbox 1014 2022 1799 2060">
    <p class='ocr_par' dir='ltr' id='par_1_99' title="bbox 1014 2022 1799 2060">
     <span class='ocr_line' id='line_1_99' title="bbox 1014 2022 1799 2060; baseline -0.003 -9"><span class='ocrx_word' id='word_1_714' title='bbox 1014 2027 1091 2060; x_wconf 81' lang='lat' dir='ltr'><strong>panis</strong></span> <span class='ocrx_word' id='word_1_715' title='bbox 1102 2031 1142 2053; x_wconf 76' lang='lat' dir='ltr'><strong>est</strong></span> <span class='ocrx_word' id='word_1_716' title='bbox 1156 2027 1261 2054; x_wconf 55' lang='lat' dir='ltr'><strong>coalitus</strong></span> <span class='ocrx_word' id='word_1_717' title='bbox 1275 2027 1381 2058; x_wconf 80' lang='lat' dir='ltr'><strong>missus,</strong></span> <span class='ocrx_word' id='word_1_718' title='bbox 1391 2033 1421 2052; x_wconf 83' lang='lat' dir='ltr'><strong>ac</strong></span> <span class='ocrx_word' id='word_1_719' title='bbox 1436 2025 1535 2052; x_wconf 83' lang='lat' dir='ltr'><strong>mundo</strong></span> <span class='ocrx_word' id='word_1_720' title='bbox 1547 2024 1627 2051; x_wconf 89' lang='lat' dir='ltr'><strong>vitam</strong></span> <span class='ocrx_word' id='word_1_721' title='bbox 1642 2023 1753 2058; x_wconf 80' lang='lat' dir='ltr'><strong>largitur</strong></span> <span class='ocrx_word' id='word_1_722' title='bbox 1764 2022 1799 2049; x_wconf 82' lang='lat'><strong>&quot;.</strong></span> 
     </span>
    </p>
   </div>
   <div class='ocr_carea' id='block_1_100' title="bbox 1015 2068 1799 2105">
    <p class='ocr_par' dir='ltr' id='par_1_100' title="bbox 1015 2068 1799 2105">
     <span class='ocr_line' id='line_1_100' title="bbox 1015 2068 1799 2105; baseline -0.004 -8"><span class='ocrx_word' id='word_1_723' title='bbox 1015 2071 1042 2097; x_wconf 80' lang='lat' dir='ltr'><strong>Si</strong></span> <span class='ocrx_word' id='word_1_724' title='bbox 1060 2070 1106 2097; x_wconf 89' lang='lat' dir='ltr'><strong>tibi</strong></span> <span class='ocrx_word' id='word_1_725' title='bbox 1123 2078 1169 2104; x_wconf 87' lang='lat' dir='ltr'><strong>per</strong></span> <span class='ocrx_word' id='word_1_726' title='bbox 1186 2072 1291 2097; x_wconf 83' lang='lat' dir='ltr'><strong>inanem</strong></span> <span class='ocrx_word' id='word_1_727' title='bbox 1305 2071 1417 2105; x_wconf 85' lang='lat' dir='ltr'><strong>gloriam</strong></span> <span class='ocrx_word' id='word_1_728' title='bbox 1431 2070 1541 2096; x_wconf 84' lang='lat' dir='ltr'><strong>insidias</strong></span> <span class='ocrx_word' id='word_1_729' title='bbox 1557 2068 1680 2095; x_wconf 86' lang='lat' dir='ltr'><strong>moliatur</strong></span> <span class='ocrx_word' id='word_1_730' title='bbox 1696 2068 1799 2102; x_wconf 91' lang='lat' dir='ltr'><strong>(quem-</strong></span> 
     </span>
    </p>
   </div>
   <div class='ocr_carea' id='block_1_101' title="bbox 1015 2114 1799 2150">
    <p class='ocr_par' dir='ltr' id='par_1_101' title="bbox 1015 2114 1799 2150">
     <span class='ocr_line' id='line_1_101' title="bbox 1015 2114 1799 2150; baseline -0.001 -9"><span class='ocrx_word' id='word_1_731' title='bbox 1015 2116 1156 2142; x_wconf 87' lang='lat' dir='ltr'><strong>admodum</strong></span> <span class='ocrx_word' id='word_1_732' title='bbox 1185 2121 1211 2143; x_wconf 85' lang='lat' dir='ltr'><strong>et</strong></span> <span class='ocrx_word' id='word_1_733' title='bbox 1240 2117 1286 2146; x_wconf 83' lang='lat' dir='ltr'><strong>illi.</strong></span> <span class='ocrx_word' id='word_1_734' title='bbox 1306 2123 1365 2143; x_wconf 86' lang='lat' dir='ltr'><strong>cum</strong></span> <span class='ocrx_word' id='word_1_735' title='bbox 1389 2117 1415 2143; x_wconf 93' lang='lat' dir='ltr'><strong>in</strong></span> <span class='ocrx_word' id='word_1_736' title='bbox 1439 2115 1529 2150; x_wconf 91' lang='lat' dir='ltr'><strong>templi</strong></span> <span class='ocrx_word' id='word_1_737' title='bbox 1544 2114 1717 2150; x_wconf 79' lang='lat' dir='ltr'><strong>pinuaCulum</strong></span> <span class='ocrx_word' id='word_1_738' title='bbox 1739 2121 1799 2140; x_wconf 90' lang='lat' dir='ltr'><strong>eum</strong></span> 
     </span>
    </p>
   </div>
   <div class='ocr_carea' id='block_1_102' title="bbox 1015 2160 1792 2197">
    <p class='ocr_par' dir='ltr' id='par_1_102' title="bbox 1015 2160 1792 2197">
     <span class='ocr_line' id='line_1_102' title="bbox 1015 2160 1792 2197; baseline -0.003 -9"><span class='ocrx_word' id='word_1_739' title='bbox 1015 2163 1122 2188; x_wconf 60' lang='lat' dir='ltr'><strong>sustulit</strong></span> <span class='ocrx_word' id='word_1_740' title='bbox 1136 2170 1167 2188; x_wconf 87' lang='lat' dir='ltr'><strong>ac</strong></span> <span class='ocrx_word' id='word_1_741' title='bbox 1184 2163 1250 2189; x_wconf 73' lang='lat' dir='ltr'><strong>dixit</strong></span> <span class='ocrx_word' id='word_1_742' title='bbox 1264 2172 1270 2189; x_wconf 88' lang='lat'>:</span> <span class='ocrx_word' id='word_1_743' title='bbox 1289 2162 1395 2197; x_wconf 75' lang='lat' dir='ltr'><strong>Projite</strong></span> <span class='ocrx_word' id='word_1_744' title='bbox 1411 2167 1434 2188; x_wconf 83' lang='lat' dir='ltr'><strong>te</strong></span> <span class='ocrx_word' id='word_1_745' title='bbox 1446 2162 1566 2188; x_wconf 73' lang='lat' dir='ltr'><strong>deorsum</strong></span> <span class='ocrx_word' id='word_1_746' title='bbox 1578 2161 1611 2192; x_wconf 74' lang='grc' dir='ltr'><strong>θ’,</strong></span> <span class='ocrx_word' id='word_1_747' title='bbox 1634 2165 1663 2187; x_wconf 87' lang='grc' dir='ltr'><strong>ιιι</strong></span> <span class='ocrx_word' id='word_1_748' title='bbox 1678 2160 1792 2187; x_wconf 79' lang='lat' dir='ltr'><strong>divinita</strong></span> 
     </span>
    </p>
   </div>
   <div class='ocr_carea' id='block_1_103' title="bbox 1016 2205 1787 2244">
    <p class='ocr_par' dir='ltr' id='par_1_103' title="bbox 1016 2205 1787 2244">
     <span class='ocr_line' id='line_1_103' title="bbox 1016 2205 1787 2244; baseline -0.003 -10"><span class='ocrx_word' id='word_1_749' title='bbox 1016 2209 1050 2235; x_wconf 84' lang='lat' dir='ltr'><strong>tis</strong></span> <span class='ocrx_word' id='word_1_750' title='bbox 1069 2208 1202 2242; x_wconf 77' lang='lat' dir='ltr'><strong>specimen</strong></span> <span class='ocrx_word' id='word_1_751' title='bbox 1216 2209 1302 2243; x_wconf 81' lang='lat' dir='ltr'><strong>edas),</strong></span> <span class='ocrx_word' id='word_1_752' title='bbox 1317 2217 1350 2236; x_wconf 90' lang='lat' dir='ltr'><strong>ne</strong></span> <span class='ocrx_word' id='word_1_753' title='bbox 1371 2215 1418 2244; x_wconf 86' lang='lat' dir='ltr'><strong>per</strong></span> <span class='ocrx_word' id='word_1_754' title='bbox 1438 2207 1520 2234; x_wconf 81' lang='lat' dir='ltr'><strong>animi</strong></span> <span class='ocrx_word' id='word_1_755' title='bbox 1535 2206 1677 2234; x_wconf 85' lang='lat' dir='ltr'><strong>elationem</strong></span> <span class='ocrx_word' id='word_1_756' title='bbox 1693 2205 1787 2240; x_wconf 73' lang='lat' dir='ltr'><strong>dejitia</strong></span> 
     </span>
    </p>
   </div>
   <div class='ocr_carea' id='block_1_104' title="bbox 1019 2253 1799 2289">
    <p class='ocr_par' dir='ltr' id='par_1_104' title="bbox 1019 2253 1799 2289">
     <span class='ocr_line' id='line_1_104' title="bbox 1019 2253 1799 2289; baseline -0.003 -9"><span class='ocrx_word' id='word_1_757' title='bbox 1019 2255 1066 2281; x_wconf 86' lang='lat' dir='ltr'><strong>ris.</strong></span> <span class='ocrx_word' id='word_1_758' title='bbox 1085 2254 1150 2281; x_wconf 83' lang='lat' dir='ltr'><strong>Nam</strong></span> <span class='ocrx_word' id='word_1_759' title='bbox 1173 2255 1195 2282; x_wconf 89' lang='lat' dir='ltr'><strong>si</strong></span> <span class='ocrx_word' id='word_1_760' title='bbox 1218 2256 1266 2282; x_wconf 82' lang='lat' dir='ltr'><strong>hoc</strong></span> <span class='ocrx_word' id='word_1_761' title='bbox 1279 2256 1400 2288; x_wconf 77' lang='lat' dir='ltr'><strong>eviccrit,</strong></span> <span class='ocrx_word' id='word_1_762' title='bbox 1417 2262 1586 2289; x_wconf 85' lang='lat' dir='ltr'><strong>nequaquam</strong></span> <span class='ocrx_word' id='word_1_763' title='bbox 1602 2254 1645 2281; x_wconf 91' lang='lat' dir='ltr'><strong>hic</strong></span> <span class='ocrx_word' id='word_1_764' title='bbox 1661 2253 1799 2280; x_wconf 82' lang='lat' dir='ltr'><strong>consistet.</strong></span> 
     </span>
    </p>
   </div>
   <div class='ocr_carea' id='block_1_105' title="bbox 1016 2298 1799 2335">
    <p class='ocr_par' dir='ltr' id='par_1_105' title="bbox 1016 2298 1799 2335">
     <span class='ocr_line' id='line_1_105' title="bbox 1016 2298 1799 2335; baseline -0.001 -9"><span class='ocrx_word' id='word_1_765' title='bbox 1016 2299 1186 2335; x_wconf 74' lang='lat' dir='ltr'><strong>hiexplebilis</strong></span> <span class='ocrx_word' id='word_1_766' title='bbox 1210 2306 1261 2333; x_wconf 79' lang='lat' dir='ltr'><strong>est,</strong></span> <span class='ocrx_word' id='word_1_767' title='bbox 1276 2302 1308 2327; x_wconf 71' lang='lat' dir='ltr'><strong>ad</strong></span> <span class='ocrx_word' id='word_1_768' title='bbox 1333 2301 1423 2328; x_wconf 84' lang='lat' dir='ltr'><strong>omnia</strong></span> <span class='ocrx_word' id='word_1_769' title='bbox 1445 2305 1594 2335; x_wconf 85' lang='lat' dir='ltr'><strong>grassatur.</strong></span> <span class='ocrx_word' id='word_1_770' title='bbox 1625 2298 1799 2333; x_wconf 79' lang='lat' dir='ltr'><strong>Benignitatis</strong></span> 
     </span>
    </p>
   </div>
   <div class='ocr_carea' id='block_1_106' title="bbox 1017 2343 1800 2382">
    <p class='ocr_par' dir='ltr' id='par_1_106' title="bbox 1017 2343 1800 2382">
     <span class='ocr_line' id='line_1_106' title="bbox 1017 2343 1800 2382; baseline -0.004 -10"><span class='ocrx_word' id='word_1_771' title='bbox 1017 2347 1123 2380; x_wconf 83' lang='lat' dir='ltr'><strong>quidem</strong></span> <span class='ocrx_word' id='word_1_772' title='bbox 1137 2348 1226 2382; x_wconf 73' lang='lat' dir='ltr'><strong>specie</strong></span> <span class='ocrx_word' id='word_1_773' title='bbox 1243 2347 1421 2380; x_wconf 81' lang='lat' dir='ltr'><strong>lenocinatur,</strong></span> <span class='ocrx_word' id='word_1_774' title='bbox 1431 2355 1523 2374; x_wconf 86' lang='lat' dir='ltr'><strong>verum</strong></span> <span class='ocrx_word' id='word_1_775' title='bbox 1540 2347 1565 2373; x_wconf 90' lang='lat' dir='ltr'><strong>in</strong></span> <span class='ocrx_word' id='word_1_776' title='bbox 1579 2345 1678 2373; x_wconf 88' lang='lat' dir='ltr'><strong>malum</strong></span> <span class='ocrx_word' id='word_1_777' title='bbox 1693 2343 1800 2371; x_wconf 84' lang='lat' dir='ltr'><strong>desinit.</strong></span> 
     </span>
    </p>
   </div>
   <div class='ocr_carea' id='block_1_107' title="bbox 1018 2388 1803 2428">
    <p class='ocr_par' dir='ltr' id='par_1_107' title="bbox 1018 2388 1803 2428">
     <span class='ocr_line' id='line_1_107' title="bbox 1018 2388 1803 2428; baseline -0.005 -10"><span class='ocrx_word' id='word_1_778' title='bbox 1018 2391 1080 2418; x_wconf 62' lang='grc' dir='ltr'>ιιι-ο</span> <span class='ocrx_word' id='word_1_779' title='bbox 1093 2397 1134 2419; x_wconf 85' lang='lat' dir='ltr'><strong>est</strong></span> <span class='ocrx_word' id='word_1_780' title='bbox 1147 2393 1217 2420; x_wconf 85' lang='lat' dir='ltr'><strong>illius</strong></span> <span class='ocrx_word' id='word_1_781' title='bbox 1233 2393 1367 2428; x_wconf 87' lang='lat' dir='ltr'><strong>pugnandi</strong></span> <span class='ocrx_word' id='word_1_782' title='bbox 1384 2393 1463 2420; x_wconf 88' lang='lat' dir='ltr'><strong>ratio.</strong></span> <span class='ocrx_word' id='word_1_783' title='bbox 1482 2393 1569 2426; x_wconf 82' lang='lat' dir='ltr'><strong>Atque</strong></span> <span class='ocrx_word' id='word_1_784' title='bbox 1584 2391 1664 2418; x_wconf 87' lang='lat' dir='ltr'><strong>etiam</strong></span> <span class='ocrx_word' id='word_1_785' title='bbox 1683 2388 1803 2422; x_wconf 86' lang='lat' dir='ltr'><strong>Scriptu-</strong></span> 
     </span>
    </p>
   </div>
   <div class='ocr_carea' id='block_1_108' title="bbox 1018 2435 1803 2472">
    <p class='ocr_par' dir='ltr' id='par_1_108' title="bbox 1018 2435 1803 2472">
     <span class='ocr_line' id='line_1_108' title="bbox 1018 2435 1803 2472; baseline -0.005 -8"><span class='ocrx_word' id='word_1_786' title='bbox 1018 2445 1110 2464; x_wconf 80' lang='lat' dir='ltr'><strong>rarutn</strong></span> <span class='ocrx_word' id='word_1_787' title='bbox 1124 2439 1226 2472; x_wconf 83' lang='lat' dir='ltr'><strong>peritus</strong></span> <span class='ocrx_word' id='word_1_788' title='bbox 1244 2444 1285 2466; x_wconf 86' lang='lat' dir='ltr'><strong>est</strong></span> <span class='ocrx_word' id='word_1_789' title='bbox 1310 2440 1353 2466; x_wconf 88' lang='lat' dir='ltr'><strong>hic</strong></span> <span class='ocrx_word' id='word_1_790' title='bbox 1373 2438 1454 2465; x_wconf 83' lang='lat' dir='ltr'><strong>latro.</strong></span> <span class='ocrx_word' id='word_1_791' title='bbox 1476 2437 1544 2464; x_wconf 83' lang='lat' dir='ltr'><strong>Hinc</strong></span> <span class='ocrx_word' id='word_1_792' title='bbox 1565 2437 1628 2464; x_wconf 90' lang='lat' dir='ltr'><strong>illud</strong></span> <span class='ocrx_word' id='word_1_793' title='bbox 1642 2456 1648 2468; x_wconf 93' lang='lat'><strong>,</strong></span> <span class='ocrx_word' id='word_1_794' title='bbox 1670 2435 1803 2469; x_wconf 77' lang='lat' dir='ltr'><strong>Scriptum</strong></span> 
     </span>
    </p>
   </div>
   <div class='ocr_carea' id='block_1_109' title="bbox 1274 2513 1754 2550">
    <p class='ocr_par' dir='ltr' id='par_1_109' title="bbox 1274 2513 1754 2550">
     <span class='ocr_line' id='line_1_109' title="bbox 1274 2513 1754 2550; baseline -0.01 -6"><span class='ocrx_word' id='word_1_795' title='bbox 1274 2518 1294 2533; x_wconf 77' lang='lat'>“</span> <span class='ocrx_word' id='word_1_796' title='bbox 1312 2517 1390 2544; x_wconf 85' lang='lat' dir='ltr'><strong>Joan.</strong></span> <span class='ocrx_word' id='word_1_797' title='bbox 1405 2524 1441 2550; x_wconf 83' lang='grc' dir='ltr'><strong>νι,</strong></span> <span class='ocrx_word' id='word_1_798' title='bbox 1455 2516 1500 2543; x_wconf 77' lang='grc'><strong>55.</strong></span> <span class='ocrx_word' id='word_1_799' title='bbox 1532 2515 1553 2530; x_wconf 85' lang='grc'><strong>⁹¹</strong></span> <span class='ocrx_word' id='word_1_800' title='bbox 1566 2514 1659 2541; x_wconf 89' lang='lat' dir='ltr'><strong>Matth.</strong></span> <span class='ocrx_word' id='word_1_801' title='bbox 1676 2521 1713 2546; x_wconf 86' lang='lat' dir='ltr'><strong>tv,</strong></span> <span class='ocrx_word' id='word_1_802' title='bbox 1728 2513 1754 2540; x_wconf 81' lang='lat'><strong>6.</strong></span> 
     </span>
    </p>
   </div>
   <div class='ocr_carea' id='block_1_110' title="bbox 1036 2581 1800 2628">
    <p class='ocr_par' dir='ltr' id='par_1_110' title="bbox 1036 2581 1800 2628">
     <span class='ocr_line' id='line_1_110' title="bbox 1036 2581 1800 2628; baseline -0.008 -14"><span class='ocrx_word' id='word_1_803' title='bbox 1036 2588 1107 2628; x_wconf 79' lang='lat'><strong>_(51)</strong></span> <span class='ocrx_word' id='word_1_804' title='bbox 1131 2586 1166 2626; x_wconf 62' lang='grc' dir='ltr'><strong>Τὸ</strong></span> <span class='ocrx_word' id='word_1_805' title='bbox 1184 2585 1306 2613; x_wconf 60' lang='lat' dir='ltr'><strong>neu-sita</strong></span> <span class='ocrx_word' id='word_1_806' title='bbox 1334 2586 1378 2612; x_wconf 88' lang='lat' dir='ltr'><strong>Sic</strong></span> <span class='ocrx_word' id='word_1_807' title='bbox 1394 2585 1461 2620; x_wconf 79' lang='lat' dir='ltr'><strong>Reg.</strong></span> <span class='ocrx_word' id='word_1_808' title='bbox 1483 2584 1516 2619; x_wconf 88' lang='lat' dir='ltr'><strong>ph</strong></span> <span class='ocrx_word' id='word_1_809' title='bbox 1530 2588 1558 2610; x_wconf 83' lang='lat' dir='ltr'><strong>el.</strong></span> <span class='ocrx_word' id='word_1_810' title='bbox 1569 2581 1651 2610; x_wconf 82' lang='lat' dir='ltr'><strong>Coisl.</strong></span> <span class='ocrx_word' id='word_1_811' title='bbox 1665 2582 1691 2608; x_wconf 77' lang='lat' dir='ltr'><strong>L</strong></span> <span class='ocrx_word' id='word_1_812' title='bbox 1704 2581 1731 2608; x_wconf 84' lang='lat' dir='ltr'><strong>In</strong></span> <span class='ocrx_word' id='word_1_813' title='bbox 1746 2582 1800 2614; x_wconf 91' lang='lat' dir='ltr'><strong>ed.,</strong></span> 
     </span>
    </p>
   </div>
   <div class='ocr_carea' id='block_1_111' title="bbox 1015 2631 1457 2689">
    <p class='ocr_par' dir='ltr' id='par_1_111' title="bbox 1015 2631 1457 2689">
     <span class='ocr_line' id='line_1_111' title="bbox 1015 2631 1174 2655; baseline -0.006 -6"><span class='ocrx_word' id='word_1_814' title='bbox 1015 2632 1053 2649; x_wconf 81' lang='grc' dir='ltr'>τω</span> <span class='ocrx_word' id='word_1_815' title='bbox 1068 2631 1174 2655; x_wconf 64' lang='lat' dir='ltr'><strong>new-qv.</strong></span> 
     </span>
     <span class='ocr_line' id='line_1_112' title="bbox 1039 2649 1457 2689; baseline -0.007 -6"><span class='ocrx_word' id='word_1_816' title='bbox 1039 2649 1106 2689; x_wconf 48' lang='grc' dir='ltr'><strong>ηερ)</strong></span> <span class='ocrx_word' id='word_1_817' title='bbox 1134 2656 1211 2683; x_wconf 78' lang='grc' dir='ltr'><strong>Ἐάν.</strong></span> <span class='ocrx_word' id='word_1_818' title='bbox 1225 2655 1270 2682; x_wconf 87' lang='lat' dir='ltr'><strong>Or.</strong></span> <span class='ocrx_word' id='word_1_819' title='bbox 1293 2656 1300 2681; x_wconf 90' lang='grc' dir='ltr'><strong>ι</strong></span> <span class='ocrx_word' id='word_1_820' title='bbox 1320 2655 1404 2686; x_wconf 84' lang='lat' dir='ltr'><strong>addit,</strong></span> <span class='ocrx_word' id='word_1_821' title='bbox 1419 2654 1457 2681; x_wconf 79' lang='grc' dir='ltr'><strong>δέ.</strong></span> 
     </span>
    </p>
   </div>
   <div class='ocr_carea' id='block_1_112' title="bbox 1051 2687 1749 2726">
    <p class='ocr_par' dir='ltr' id='par_1_112' title="bbox 1051 2687 1749 2726">
     <span class='ocr_line' id='line_1_113' title="bbox 1051 2687 1749 2726; baseline -0.009 -7"><span class='ocrx_word' id='word_1_822' title='bbox 1134 2692 1341 2723; x_wconf 75' lang='grc' dir='ltr'><strong>Ἐπιόου.1εὐῃ.</strong></span> <span class='ocrx_word' id='word_1_823' title='bbox 1357 2689 1383 2715; x_wconf 91' lang='lat' dir='ltr'><strong>In</strong></span> <span class='ocrx_word' id='word_1_824' title='bbox 1400 2688 1544 2726; x_wconf 78' lang='lat' dir='ltr'><strong>nonnullis,</strong></span> <span class='ocrx_word' id='word_1_825' title='bbox 1559 2687 1749 2726; x_wconf 60' lang='grc' dir='ltr'>ἐπιϐουλερσῃ.</span> 
     </span>
    </p>
   </div>
   <div class='ocr_carea' id='block_1_113' title="bbox 1051 2723 1802 2761">
    <p class='ocr_par' dir='ltr' id='par_1_113' title="bbox 1051 2723 1802 2761">
     <span class='ocr_line' id='line_1_114' title="bbox 1051 2723 1802 2761; baseline -0.008 -7"><span class='ocrx_word' id='word_1_826' title='bbox 1126 2728 1179 2753; x_wconf 77' lang='grc' dir='ltr'><strong>Καὶ</strong></span> <span class='ocrx_word' id='word_1_827' title='bbox 1206 2726 1260 2760; x_wconf 80' lang='grc' dir='ltr'><strong>γὰρ</strong></span> <span class='ocrx_word' id='word_1_828' title='bbox 1282 2725 1394 2756; x_wconf 71' lang='grc' dir='ltr'>ἐκείνῳ.</span> <span class='ocrx_word' id='word_1_829' title='bbox 1413 2725 1458 2750; x_wconf 64' lang='lat' dir='ltr'><strong>Sic</strong></span> <span class='ocrx_word' id='word_1_830' title='bbox 1475 2723 1564 2761; x_wconf 79' lang='lat' dir='ltr'><strong>plures</strong></span> <span class='ocrx_word' id='word_1_831' title='bbox 1581 2725 1658 2761; x_wconf 79' lang='lat' dir='ltr'><strong>codd.</strong></span> <span class='ocrx_word' id='word_1_832' title='bbox 1687 2723 1751 2761; x_wconf 54' lang='lat' dir='ltr'><strong>(leg.</strong></span> <span class='ocrx_word' id='word_1_833' title='bbox 1772 2730 1802 2761; x_wconf 81' lang='lat' dir='ltr'><strong>_c,</strong></span> 
     </span>
    </p>
   </div>
   <div class='ocr_carea' id='block_1_114' title="bbox 1018 2757 1802 2805">
    <p class='ocr_par' dir='ltr' id='par_1_114' title="bbox 1018 2757 1802 2797">
     <span class='ocr_line' id='line_1_115' title="bbox 1018 2757 1802 2797; baseline -0.005 -9"><span class='ocrx_word' id='word_1_834' title='bbox 1018 2757 1148 2797; x_wconf 72' lang='grc' dir='ltr'>κάκείνῳ.</span> <span class='ocrx_word' id='word_1_835' title='bbox 1180 2757 1319 2793; x_wconf 76' lang='lat' dir='ltr'><strong>Nonnulli,</strong></span> <span class='ocrx_word' id='word_1_836' title='bbox 1353 2757 1487 2786; x_wconf 71' lang='grc' dir='ltr'>κάκεῖνον.</span> <span class='ocrx_word' id='word_1_837' title='bbox 1523 2759 1550 2785; x_wconf 90' lang='lat' dir='ltr'><strong>lu</strong></span> <span class='ocrx_word' id='word_1_838' title='bbox 1580 2760 1638 2792; x_wconf 83' lang='lat' dir='ltr'><strong>ed.,</strong></span> <span class='ocrx_word' id='word_1_839' title='bbox 1671 2757 1802 2794; x_wconf 62' lang='grc' dir='ltr'>καὶγὰρ</span> 
     </span>
    </p>
   </div>
   <div class='ocr_carea' id='block_1_115' title="bbox 1019 2800 1495 2866">
    <p class='ocr_par' dir='ltr' id='par_1_115' title="bbox 1019 2800 1495 2866">
     <span class='ocr_line' id='line_1_116' title="bbox 1019 2800 1115 2826; baseline -0.01 -1"><span class='ocrx_word' id='word_1_840' title='bbox 1019 2800 1115 2826; x_wconf 76' lang='grc' dir='ltr'>ἐκεῖνο.</span> 
     </span>
     <span class='ocr_line' id='line_1_117' title="bbox 1054 2830 1495 2866; baseline -0.009 -7"><span class='ocrx_word' id='word_1_841' title='bbox 1054 2833 1109 2866; x_wconf 73' lang='grc'><strong>(55)</strong></span> <span class='ocrx_word' id='word_1_842' title='bbox 1131 2832 1232 2859; x_wconf 80' lang='grc' dir='ltr'><strong>Τοῦτο.</strong></span> <span class='ocrx_word' id='word_1_843' title='bbox 1248 2831 1316 2866; x_wconf 80' lang='lat' dir='ltr'><strong>Reg.</strong></span> <span class='ocrx_word' id='word_1_844' title='bbox 1331 2831 1376 2864; x_wconf 85' lang='lat' dir='ltr'><strong>ph,</strong></span> <span class='ocrx_word' id='word_1_845' title='bbox 1391 2830 1495 2866; x_wconf 76' lang='grc' dir='ltr'>τούτου.</span> 
     </span>
    </p>
   </div>
   <div class='ocr_carea' id='block_1_116' title="bbox 1053 2864 1576 2908">
    <p class='ocr_par' dir='ltr' id='par_1_116' title="bbox 1053 2864 1576 2908">
     <span class='ocr_line' id='line_1_118' title="bbox 1053 2864 1576 2908; baseline -0.006 -14"><span class='ocrx_word' id='word_1_846' title='bbox 1053 2864 1110 2903; x_wconf 70' lang='grc'><strong>(515)</strong></span> <span class='ocrx_word' id='word_1_847' title='bbox 1129 2867 1262 2902; x_wconf 61' lang='grc' dir='ltr'>Χρηστῴ.</span> <span class='ocrx_word' id='word_1_848' title='bbox 1276 2864 1342 2894; x_wconf 76' lang='lat' dir='ltr'><strong>Tres</strong></span> <span class='ocrx_word' id='word_1_849' title='bbox 1356 2866 1443 2899; x_wconf 77' lang='lat' dir='ltr'><strong>Culb.,</strong></span> <span class='ocrx_word' id='word_1_850' title='bbox 1457 2864 1576 2908; x_wconf 76' lang='grc' dir='ltr'>Χριστῷ.</span> 
     </span>
    </p>
   </div>
  </div>
