2029 3127
130 173 187 203 577

597 176 726 206 oumo
746 172 802 206 XL.
824 195 856 200 —
876 179 910 207 IN
934 179 1099 208 SANCTL‘M
1121 167 1303 208 mrum.

1711 182 1764 210 ὅτε

131 239 222 265 τερον.
243 230 296 257 κᾶν
320 231 391 266 μέγα
407 233 509 268 φρονῇς
531 235 564 269 τῇ
578 235 708 272 εἱκόνι;),
724 237 741 272 ἠ
767 237 848 269 πότος
871 237 926 272 (94)

979 239 1076 273 puerit,
1094 238 1132 263 vel
1156 240 1263 264 inorth
1281 237 1456 265 exstmxerit‘.
1481 238 1520 264 vi-l
1537 239 1603 265 mica
1618 239 1703 273 panis,
1718 248 1762 268 res

133 277 296 308 πλεονάσας,
313 277 330 312 ἢ
347 278 446 313 ἄνεμος
463 280 625 314 κρημνίσας,
641 281 658 316 ἢ
676 282 760 313 ἵππος
786 283 924 318 συναρπά-

133 331 193 353 σας,
215 321 230 358 ἢ
252 323 398 358 φάρμακον
421 323 476 360 (95)
503 325 536 351 ἐκ
564 327 693 362 προνοίας
717 328 923 360 ὲπιῧουλεῦσαν,

131 368 213 402 τυχὸν
234 368 262 395 δὲ
288 369 334 395 καὶ
360 369 418 396 ἀντὶ
436 371 570 406 σωτηρίου
599 373 682 406 φανὲν
709 372 881 409 δηλητήριον,
907 375 923 411 ἢ

131 414 263 449 δικαστὴς
287 415 479 450 ἀπάνθρωπος,
496 416 512 452 ἦ
529 417 625 452 δήμιος
647 419 702 453 (96)
726 419 923 455 ἀπαραίτητος,

131 459 148 494 ἧ
163 469 189 486 τι
204 459 260 486 τῶν
284 461 334 487 ὃσα
353 461 483 496 ταχίστην
506 464 578 489 ποιεῖ
602 456 651 500 τὴν
678 465 853 500 μετάστασιν,
881 468 926 494 καὶ

132 505 259 541 βοηθείας
275 507 461 542 ἰσχυροτέραν.

980 284 1106 311 vilissima
1121 304 1129 316 ,
1154 290 1307 311 transverse
1332 291 1379 318 per
1404 285 1495 311 fauces
1533 292 1645 311 currens
1682 286 1762 321 (quid

978 331 1048 356 enim
1066 329 1184 357 hominis
1204 330 1313 357 interitu
1338 329 1459 360 facilius,
1479 331 1648 364 quntuinvis
1667 331 1701 358 ob
1724 332 1764 358 di-

976 376 1066 402 vinam
1085 377 1226 411 imaginem
1246 375 1410 412 glorieris?),
1429 376 1470 403 vel
1487 376 1626 404 immodica
1642 378 1762 412 crapula,

976 422 1018 449 vel
1030 428 1125 449 ventus
1137 423 1162 449 in
1179 430 1297 457 pra-ceps
1308 429 1390 455 agens
1401 441 1408 454 ,
1423 421 1464 448 vel
1477 428 1561 456 equus
1574 429 1707 449 sessorem
1722 430 1764 448 se-

977 475 1038 495 cum
1055 468 1205 502 abripiens,
1222 468 1262 494 vel
1280 467 1456 501 pharmacum
1471 467 1504 493 de
1522 467 1652 493 industria
1670 467 1702 493 ad
1724 467 1764 493 in-

978 513 1061 540 sidias
1079 518 1280 547 comparatmn,
1298 512 1412 538 fortasse
1427 517 1508 538 etiam
1526 519 1573 546 pro
1590 512 1700 539 Salutari
1717 520 1763 546 pc-

132 551 260 579 stiferum
273 553 423 586 inventum,
441 554 482 582 vel
497 554 659 583 inhumanus
671 557 764 590 judex,
777 557 817 585 vel
847 558 1021 586 inexorabilis
1039 560 1173 592 carnifex,
1187 558 1228 586 vel
1241 558 1357 593 denique
1387 558 1522 593 quidpiam
1559 565 1668 591 eorum,
1705 567 1765 592 qua:

133 596 252 624 celerem
270 602 395 631 mortem,
411 603 490 633 atque
504 600 577 627 omni
590 609 640 635 ope
653 607 680 628 et
693 603 793 629 auxilio
809 604 976 638 validiorem,
987 605 1114 633 cilicium.

168 643 219 669 lE'.
239 643 270 669 Εί
284 643 311 669 δὲ
325 644 541 679 προκαταλάϐοις
554 646 665 672 σεαυτὸν
678 648 710 682 τῇ
724 648 863 683 σφραγῖδι,
877 649 925 675 καὶ

131 687 163 714 τὸ
182 688 280 724 μέλλον
295 690 458 724 ἀσφαλίσαιο
476 692 515 727 τῷ
529 693 663 729 καλλίστῳ
675 695 728 721 τῶν
743 694 924 730 βοηθημάτων

133 734 182 760 καὶ
202 736 385 772 στερροτάτῳ,
411 737 574 772 σημειωθεὶς
597 739 643 767 καὶ
660 740 748 775 ψυχὴν
767 741 814 766 καὶ
833 741 923 776 σῶμα,

132 779 172 814 τῷ
191 781 321 816 χρίσματι
346 783 392 809 καὶ
414 782 453 818 τῷ
472 783 619 819 Πνεύματι,
642 785 680 816 ὡς
700 786 714 811 ό
735 786 790 821 (97)
815 786 923 822 Ἰσραὴλ

134 825 220 852 πάλαι
239 826 279 861 τῷ
297 828 446 864 νυκτερινῷ
463 829 510 855 καὶ
530 829 688 865 φυλακτικῷ
705 830 759 857 τῶν
785 832 923 866 πρωτοτό-

1013 649 1071 677 XV.
1089 650 1123 676 At
1135 649 1156 676 si
1174 656 1222 683 per
1245 648 1407 683 baptismqu
1429 648 1543 682 teipsum
1559 647 1764 682 pratmunieris,

977 704 1010 723 ac
1023 696 1208 730 pulcherrimo
1220 700 1245 722 et
1259 694 1413 722 ﬁrmissimo
1424 694 1526 721 auxilio
1539 694 1586 720 tibi
1601 694 1626 720 in
1643 693 1762 720 futurum

977 742 1090 773 caveris.
1108 741 1226 768 animum
1244 741 1346 768 scilicet
1365 746 1392 767 et
1407 747 1504 774 corpus
1522 739 1647 766 unctione
1663 744 1690 766 et
1705 740 1764 773 Spi-

976 788 1028 814 ritu
1051 788 1224 821 consignatis,
1238 787 1461 821 quemadmodum
1476 785 1539 812 olim
1556 785 1637 812 lsrael
1654 790 1764 812 noctur—

976 840 1012 860 no
1029 832 1073 859 illo
1086 839 1193 864 cruore,
1211 833 1254 866 qui
1281 832 1446 866 primigcnos
1465 832 1607 863 tuebatur;
1627 831 1690 865 quid
1717 831 1763 858 tibi

134 879 190 897 κων
205 872 302 907 αἵματι
314 874 370 908 (98)
381 882 388 888 ·
404 874 430 900 τί
450 883 490 901 σοι
505 876 686 911 συμϐήσεται,
703 877 750 903 καὶ
765 877 791 903 τί
812 886 852 903 σοι
871 886 920 904 πε-

979 879 1091 911 accidet,
1107 884 1135 906 et
1157 879 1227 913 quod
1253 879 1298 905 tibi
1320 878 1472 913 prmsidium
1495 883 1678 912 comparatum
1695 877 1767 904 erit?

134 917 364 952 πραγμάτευταις
380 919 440 946 Τῶν
452 920 611 956 Παροιμιῶν
625 921 742 948 ἄκουσον
751 930 757 937 ’
780 923 849 949 Ἐὰν
867 923 921 958 γὰρ

134 962 225 1003 κάθῃ,
253 964 346 998 φησὶν,
376 965 488 1000 ἄφοϐος
513 966 588 1001 ἔσῃ·
621 968 689 994 Ἐὰν
715 968 742 995 δὲ
766 969 922 1003 καθεύδῃς,

134 1007 230 1042 ἡδέως
244 1009 404 1045 ὐπνώσεις.
419 1011 473 1038 Καὶ
489 1012 563 1048 παρὰ
581 1012 626 1038 τοῦ
639 1013 720 1040 Ama
731 1013 924 1049 εὐαγγελίσθτι-

133 1062 181 1081 τιο
203 1055 244 1082 οὐ
263 1056 421 1091 φοϐηθήσῃ
446 1057 505 1084 ἀπὸ
530 1059 624 1092 φόϐου
651 1060 836 1093 νυκτερινοῦ,
865 1060 924 1086 ἀπὸ

132 1101 364 1136 συμπτώματος,
381 1103 429 1130 καὶ
447 1103 601 1138 δαιμονίου
616 1105 831 1138 μεσημϐρινοῦ.
857 1105 924 1131 Τοῦ-

134 1145 166 1172 τό
188 1155 229 1173 σοι
243 1148 291 1174 κα).
308 1147 389 1180 ζῶντι
409 1150 537 1184 μέγιστον
557 1151 596 1182 εἰς
608 1150 766 1183 ἀσφάλειαν.
786 1151 925 1186 Πρόόατον

134 1191 190 1227 γὰρ
205 1193 423 1230 ἐσφραγισμένον
442 1196 472 1222 οὺ
492 1196 591 1231 ῥᾳδίως
611 1197 827 1228 ἑπισουλεύεται,
845 1198 876 1224 τὸ
897 1197 925 1224 δὲ

134 1238 292 1274 ἀσήμαντον
308 1241 437 1273 κλέπταις
450 1242 584 1268 εὐάλωτον
596 1251 603 1258 ·
619 1243 666 1269 καὶ
679 1243 822 1270 ἀπελθόντι
840 1242 926 1275 δεξιὸν

133 1285 273 1320 ἐντάφιον,
290 1286 404 1322 ἐσθῆτος
417 1287 615 1324 λαμπρότερον,
634 1288 735 1324 χρυσοῦ
753 1288 925 1324 τιμιώτερον,

135 1331 222 1365 τάφου
239 1332 539 1369 μεγαλοπρεπέστερον,
556 1334 660 1368 ἀγόνων
678 1334 748 1370 χοῶν
768 1335 928 1361 εὐσεϋέστε-

137 1384 184 1411 ρον
201 1377 268 1412 (99),
286 1379 476 1414 ἀπαργμάτων
497 1379 586 1414 ὡρίων
607 1379 795 1416 καιριώτερον,
814 1377 851 1407 ὧν
871 1381 928 1412 τοῖς

136 1425 245 1458 νεκροῖς
264 1425 288 1450 oi
305 1426 395 1460 νεκροὶ
407 1425 573 1461 χαρίζονται,
591 1426 672 1461 νόμον
688 1426 866 1462 ποιησάμενοι
881 1425 927 1462 τὴν

137 1468 294 1504 συνήθειαν.
313 1470 405 1497 Πάντα
421 1471 535 1506 οἰχέσθω
551 1480 601 1504 σοι,
619 1473 706 1498 πάντα
725 1471 926 1508 διαρπαζέσθω,

137 1513 279 1548 χρήματα,
310 1516 446 1551 κτήματα,
469 1516 569 1551 θρόνοι,
594 1517 795 1553 λαμπρότητες,
809 1518 859 1544 ὅσα
879 1519 928 1553 τῆς

974 923 1043 949 Audi
1064 922 1215 949 Salomonis
1245 922 1391 949 Proverbia
1408 932 1414 949 :
1432 923 1460 949 Si
1478 923 1588 954 sederis,
1613 922 1660 954 ait,
1686 923 1765 949 intre-

974 967 1050 1001 pidus
1072 967 1141 998 eris;
1158 968 1180 992 si
1197 967 1346 999 dormieris,
1369 975 1472 993 suavem
1487 975 1606 993 somnum
1629 975 1719 1001 carpes
1730 968 1763 995 ".

975 1013 1043 1039 ﬁmdi
1057 1013 1136 1039 etiam
1152 1013 1214 1047 quid
1236 1014 1281 1039 tibi
1298 1013 1351 1039 latti
1373 1013 1477 1038 nuntiet
1492 1012 1574 1038 David
1592 1020 1599 1038 :
1616 1011 1677 1039 Non
1691 1013 1765 1038 lime-

975 1057 1032 1090 bis,
1051 1057 1155 1092 inquit,
1172 1067 1186 1084 a
1199 1058 1292 1084 timore
1311 1063 1448 1088 ιιοειιινηο,
1466 1058 1498 1084 ab
1514 1059 1638 1088 incursu,
1654 1063 1677 1084 et
1708 1059 1764 1084 dw-

975 1104 1064 1129 mom'o
1079 1103 1223 1130 meridiano
1239 1105 1258 1130 ¹.
1272 1103 1327 1130 Hoc
1341 1104 1385 1130 libi
1398 1110 1423 1130 et
1436 1105 1547 1136 viventi,
1569 1105 1714 1130 maximum
1730 1106 1764 1130 ad

975 1148 1150 1175 securitatem
1175 1154 1339 1176 momentum
1353 1149 1448 1176 afferet
1463 1150 1556 1184 (pecus
1573 1151 1643 1176 enini
1660 1150 1763 1184 signata

976 1201 1030 1221 non
1057 1194 1137 1222 facile
1163 1194 1270 1222 insidiis
1286 1196 1432 1230 appetitur,
1457 1203 1516 1230 qua:
1545 1201 1633 1223 autem
1655 1196 1764 1222 minime

977 1240 1082 1274 signata
1106 1245 1164 1273 cst,
1188 1249 1202 1268 a
1228 1241 1331 1268 furibus
1348 1241 1427 1268 facile
1443 1243 1502 1276 capi
1525 1242 1644 1277 potest);
1670 1243 1762 1269 etvita

977 1285 1118 1320 perfuncto
1129 1308 1136 1319 ,
1149 1287 1318 1313 cotntnodum
1335 1287 1467 1321 quoddam
1481 1307 1488 1319 ,
1505 1292 1632 1322 tanquam
1651 1287 1765 1315 funebre

978 1339 1093 1365 munus,
1107 1331 1226 1359 futurum
1241 1337 1301 1364 est,
1315 1337 1390 1360 veste
1413 1333 1577 1367 splendidius
1589 1354 1596 1366 ,
1615 1342 1681 1360 auro
1695 1342 1764 1368 pra:-

978 1378 1105 1410 stantius,
1117 1377 1219 1405 tumulo
1232 1378 1457 1413 magnificentius,
1471 1379 1644 1406 infructuosis
1655 1379 1764 1406 ibanti-

979 1423 1057 1451 nibus
1084 1424 1247 1458 religiosius,
1275 1428 1443 1451 maturorum
1475 1424 1606 1452 fructuunt
1636 1425 1763 1459 primitiis

979 1470 1179 1504 tempestivius,
1196 1470 1282 1504 iisque
1300 1470 1425 1498 omnibus
1451 1471 1532 1498 rebus
1543 1491 1551 1503 ,
1567 1479 1633 1504 quas
1644 1471 1757 1498 .mortui

980 1516 1093 1543 tnortuis
1115 1516 1274 1551 largiuntur,
1291 1517 1512 1544 consuetudinem
1530 1524 1579 1551 pro
1596 1517 1652 1552 lege
1664 1517 1761 1544 obser-

137 1559 214 1585 κάτω
230 1562 398 1596 περιφορᾶς·
418 1562 449 1588 σὺ
472 1562 501 1588 δὲ
518 1562 556 1597 (1)
575 1563 724 1590 κατάλυσον
745 1564 774 1589 ἐν
795 1563 927 1599 ἀσφαλείᾳ

980 1567 1083 1589 vantcs.
1101 1562 1197 1589 Omnia
1216 1562 1261 1589 tibi
1275 1568 1386 1598 pereant
1400 1583 1407 1595 ,
1423 1563 1514 1590 omnia
1531 1563 1703 1598 diripiantur,
1719 1570 1765 1597 pe-

137 1604 182 1631 τὺν
195 1605 264 1640 βίον,
280 1607 362 1641 μηδὲν
375 1607 523 1643 ζημιωθεὶς
536 1608 574 1643 (2)
589 1608 642 1635 τῶν
654 1609 687 1636 ἐκ
701 1609 768 1636 Θεοῦ
783 1617 823 1635 σοι
838 1608 928 1635 δοθέν-

138 1659 192 1677 των
206 1652 247 1684 είς
267 1653 403 1688 σωτηρίαν
421 1653 611 1689 βοηθημάτων.

978 1608 1076 1640 cunite,
1093 1608 1190 1643 prandia
1204 1628 1212 1641 ,
1228 1608 1317 1635 throni
1330 1628 1339 1642 ,
1354 1608 1509 1643 splendores
1519 1628 1527 1641 ,
1541 1616 1572 1636 ac
1586 1608 1696 1642 cretei-2;
1706 1615 1766 1643 qua:

979 1661 1053 1688 vaga:
1067 1659 1147 1687 atque
1164 1654 1274 1680 iucerta-
1287 1654 1365 1688 hujus
1379 1655 1440 1681 vita:
1454 1660 1516 1680 sunt
1529 1664 1536 1682 ;
1552 1658 1580 1680 tu
1593 1661 1655 1681 vero
1670 1661 1765 1681 secura

138 1702 165 1725 et
183 1699 328 1732 tranquilla
345 1705 434 1727 mente
446 1701 515 1728 dictu
532 1702 654 1729 ultimum
672 1703 778 1733 claude.
796 1702 870 1730 nullo
888 1710 919 1729 ex
940 1702 1077 1734 omnibus,
1105 1710 1165 1737 quae
1190 1702 1236 1729 Dei
1263 1703 1392 1730 beneficio
1421 1703 1468 1730 tibi
1509 1703 1543 1730 ad
1570 1703 1684 1730 salutent
1700 1710 1766 1730 eou-

138 1751 214 1771 cessa
228 1748 302 1776 sunt,
318 1745 419 1771 auxilio
435 1745 590 1773 destitutus.

174 1790 232 1824 Ιςῖ
260 1791 341 1818 Ἀλλὰ
362 1793 442 1828 φοϐῇ,
459 1793 496 1829 μὴ
508 1793 668 1830 διαφθείρῃς
686 1794 717 1820 τὸ
733 1793 866 1830 χάρισμα,
885 1794 931 1820 καὶ

139 1837 183 1864 διὰ
204 1837 283 1864 τοῦτο
301 1838 440 1874 ἀναϐάλλῃ
459 1839 508 1874 τὴν
530 1839 674 1874 κάθαρσιν,
686 1840 723 1871 ὡς
740 1839 867 1874 δευτέραν
881 1839 931 1866 οὐκ

139 1884 226 1919 ἔχων;
242 1884 274 1910 Τί
291 1884 348 1915 δαί;
363 1885 400 1910 Οὐ
420 1884 500 1920 φοϐῇ,
516 1885 553 1920 μὴ
573 1885 673 1920 διώκτῃ
689 1885 778 1920 καιρῷ
793 1885 931 1911 κινδυνεύ-

140 1937 200 1965 σῃς,
217 1929 265 1955 καὶ
283 1929 312 1955 τὸ
325 1930 451 1964 μέγιστον
471 1927 509 1956 ὧν
522 1929 604 1965 ἔχεις,
619 1929 770 1965 ἀφαιρεθῇς
791 1930 908 1965 Χριστὸν
922 1938 928 1962 ;

139 1973 203 2010 Ἆρ’
216 1973 263 2001 οὖν
283 1975 327 2001 διὰ
345 1975 426 2001 τοῦτο
447 1975 531 2011 φεύξῃ
547 1975 595 2002 καὶ
613 1975 644 2002 τὸ
659 1975 784 2010 γενέσθαι
800 1976 930 2011 Χριστια-

139 2020 201 2052 voc;
217 2021 324 2054 Ἀπαγε
337 2021 342 2047 !
359 2021 414 2056 Οὐχ
425 2021 614 2054 ὑγιαίνοντοςὸ
630 2020 711 2055 φόϐος
724 2021 772 2055 (5),
788 2029 929 2056 παραφρο-

140 2065 248 2097 νοῦντος
265 2067 278 2092 ὁ
290 2065 428 2101 λογισμός.
445 2067 476 2092 Ὢ
487 2067 535 2102 τῆς
549 2065 712 2097 ἀντωλαϐοῦς
731 2065 883 2097 εὐλαϐείας,
905 2066 929 2092 εἰ

140 2111 182 2137 δεῖ
194 2111 272 2137 τοῦτο
287 2111 389 2138 εἰπεῖνῐ
415 2111 437 2138 ὣ
456 2111 511 2138 τῶν
531 2111 578 2137 τοῦ
597 2111 714 2147 πονηροῦ
737 2111 927 2145 σοφισμάτωνὲ

144 2158 245 2189 Ὄντως
257 2158 352 2189 σκότος
367 2158 435 2188 ἐστὶ,
448 2158 495 2184 καὶ
508 2157 566 2191 φῶς
582 2157 763 2193 ὑποκρίνεται.
782 2157 864 2183 Ὅταν
878 2166 930 2192 μη-

142 2202 185 2229 δὲν
201 2203 298 2239 ἰσχύσῃ
322 2203 445 2239 φανερῶς
464 2203 600 2240 πολεμῶν,
618 2203 729 2238 ἀφανῶς
751 2203 927 2230 ἐπιϐουλεύει.

176 2261 199 2276 ”
218 2260 297 2287 Prov.
313 2268 354 2292 ιιι,
373 2260 418 2288 21.
458 2260 466 2275 ¹
486 2259 558 2288 Psal.
574 2267 618 2293 xc,
634 2259 662 2289 5.

178 2328 234 2364 (96)
254 2329 357 2360 Πότος.
390 2328 426 2364 In,
444 2328 599 2362 nonnullis,
628 2333 655 2355 et
683 2329 789 2363 quidem
824 2329 969 2363 optimaeD

144 2369 222 2424 aulae,
240 2363 373 2398 ποταμός,
395 2363 511 2391 «fluvius
527 2364 692 2392 exundans.»
707 2364 752 2392 Sic
771 2364 852 2391 etiam
866 2364 931 2399 legit

169 2404 260 2424 icetas.

169 2404 260 2425 icetas.

179 2433 233 2468 (95)
251 2434 286 2461 Ἡ
310 2433 478 2468 φάρμακον,
496 2437 549 2460 etc.
573 2433 682 2461 Nicetas
708 2433 734 2461 id
759 2433 871 2468 exponit
897 2434 930 2459 de

144 2468 292 2502 pharmaco
309 2470 431 2496 consulto
459 2473 619 2502 temperato,
636 2476 683 2496 seu
703 2476 816 2500 veneno,
837 2468 878 2495 vel
897 2468 930 2495 de

144 2503 291 2537 pharmaco
308 2504 342 2530 ad
363 2503 550 2538 purgationem
566 2504 674 2537 quidem
692 2509 720 2530 et
735 2504 859 2535 salutent,
877 2511 931 2530 me-

145 2537 266 2564 dicorum
291 2537 429 2572 opinione,
454 2543 597 2572 porrecto;
621 2545 714 2565 verum
738 2539 797 2572 ipso
820 2543 928 2570 eventu,

145 2572 252 2600 exitiale
270 2580 302 2600 ac
317 2573 415 2600 letliale
429 2573 548 2599 invento.

179 2608 236 2643 (96)
251 2609 291 2635 ’Ἠ
301 2607 418 2642 δήμιος,
434 2612 487 2635 etc.
505 2607 593 2635 Nicet.
611 2608 628 2643 ἢ
642 2608 738 2643 δῆμος,
760 2616 771 2634 ι
792 2607 832 2634 vel
851 2607 931 2634 factio

145 2641 230 2675 plebis
245 2641 433 2678 inexorabilis,
447 2652 456 2668 »
469 2649 522 2677 qua
533 2650 604 2678 sape
615 2641 736 2678 contigit,
751 2647 780 2670 ut
795 2643 845 2670 viri
863 2643 929 2670 insi-

145 2684 209 2710 gnes
226 2676 365 2711 perierint.

180 2713 236 2746 (97)
257 2713 308 2745 Ὠς
329 2714 355 2741 ό.
375 2712 422 2740 Sic
439 2713 558 2748 quinque
582 2713 667 2748 Regg.
688 2718 714 2740 et
735 2720 829 2741 novem
853 2713 928 2743 Colb.

142 2744 254 2773 Decst’d
273 2744 301 2774 iii
317 2748 362 2774 ed.

186 2782 242 2816 (98)
255 2782 371 2817 Αῗματι.
386 2782 431 2810 Sic
439 2782 528 2817 plures
539 2782 622 2818 Regg.
635 2786 661 2810 et
677 2781 751 2809 Colb.
767 2782 813 2809 0r.
827 2784 852 2816 1,
864 2788 928 2816 etc.,

142 2824 264 2853 quorum
278 2818 437 2845 auctoritate
459 2818 616 2850 delevimus,
633 2818 681 2845 καὶ
693 2818 842 2853 χρίσματι,
870 2827 879 2844 ι
903 2825 931 2846 et

143 2852 354 2887 unctionibus,»
378 2860 437 2886 quae
461 2853 488 2879 in
512 2853 556 2880 ed.
581 2852 734 2880 immediate
761 2852 927 2887 sequuntur.

142 2886 198 2915 Has
214 2887 301 2914 etiam
315 2893 395 2915 voces
408 2894 456 2915 nec
467 2887 576 2916 Hicetas
586 2895 636 2917 nec
646 2888 740 2916 Billius
752 2886 910 2922 agnoscunt.

1021 1790 1090 1818 XVI.
1104 1791 1137 1817 At
1156 1791 1268 1822 metuis.
1285 1799 1319 1819 ne
1333 1791 1447 1826 gratiam
1463 1799 1637 1824 corrumpas,
1653 1799 1684 1818 ac
1703 1799 1766 1825 pro-

981 1837 1043 1863 inde
1058 1837 1209 1870 purgationi
1226 1845 1328 1863 moram
1343 1838 1468 1871 producis
1481 1857 1488 1868 ,
1510 1842 1602 1870 utpote
1616 1837 1716 1863 nullam
1728 1837 1767 1863 al—

981 1882 1132 1916 teratnjam
1150 1883 1217 1909 ultra
1243 1883 1363 1910 habens?
1385 1883 1464 1917 702
1486 1883 1553 1915 Quid
1576 1883 1683 1909 autem?
1708 1883 1766 1910 Non

979 1929 1091 1961 vereris,
1111 1936 1145 1955 ne
1161 1929 1356 1963 persecutionis
1373 1934 1492 1963 leutpme
1511 1930 1536 1955 in
1552 1929 1701 1963 perieulum
1717 1931 1764 1956 ad-

979 1974 1105 2007 ducaris,
1130 1981 1162 2001 ac
1183 1974 1292 2001 Christo
1307 1995 1314 2006 ,
1338 1976 1511 2009 possessione
1539 1976 1678 2007 omnium,
1699 1983 1768 2010 quas

981 2019 1081 2051 habes,
1109 2021 1350 2054 pratstantissima.
1372 2021 1514 2055 spolieris?
1538 2021 1604 2047 Num
1628 2021 1708 2055 igitur
1732 2022 1767 2048 0|»

981 2067 1051 2094 hanc
1062 2075 1170 2094 causam
1186 2076 1200 2095 a
1218 2069 1389 2103 suscipiendo
1406 2069 1615 2095 (lliristianismo
1630 2069 1767 2104 refugies?

980 2111 1078 2141 Absit!
1094 2113 1150 2141 Non
1171 2119 1213 2141 est
1231 2115 1290 2140 sani
1316 2114 1433 2141 hominis
1447 2114 1490 2141 hic
1507 2120 1595 2142 metus
1611 2124 1618 2142 :
1634 2115 1767 2150 desipien-

981 2159 1016 2186 tis
1042 2163 1084 2186 est
1106 2159 1163 2186 luce
1187 2160 1326 2194 cogitatio.
1342 2160 1364 2187 0
1382 2160 1537 2193 incautam,
1556 2165 1584 2187 ut
1605 2161 1639 2187 ita
1662 2161 1766 2196 loquar,

983 2205 1152 2232 cautionem!
1173 2205 1196 2233 0
1215 2206 1336 2241 ingentes
1350 2206 1424 2240 pravi
1448 2206 1519 2233 illius
1533 2207 1681 2234 versutias!
1700 2206 1767 2234 Vere

1019 2328 1075 2363 (99)
1098 2328 1227 2363 Ἀγ-όνων
1242 2329 1321 2363 χοῶν
1335 2328 1560 2362 εὐσεϐέστερον.
1585 2328 1676 2356 Schol.
1705 2328 1766 2356 Τῶν

983 2366 1039 2395 τοῖς
1060 2366 1166 2398 νεκροῖς
1189 2364 1349 2399 διδομένων·
1383 2374 1392 2390 ι
1408 2363 1548 2391 Libat-tina
1572 2371 1631 2397 quae
1655 2366 1767 2391 mortuis

983 2399 1200 2427 offerebantur.»
1226 2399 1270 2425 Illa
1296 2407 1376 2433 porro
1401 2400 1561 2426 coustabant
1587 2399 1658 2431 vino,
1675 2399 1764 2431 melle,

983 2435 1052 2462 lacte
1066 2439 1091 2460 et
1106 2435 1175 2465 oleo,
1202 2442 1232 2460 ac
1255 2438 1420 2460 mortuorum
1435 2434 1566 2468 sepulcris
1581 2441 1593 2459 a
1609 2435 1765 2467 parentibus

981 2475 1009 2497 et
1020 2469 1175 2503 propinquis
1184 2469 1403 2496 infundebantur.
1413 2470 1540 2495 int-untur
1550 2469 1763 2501 «infructuosa,»

983 2504 1052 2538 quod
1074 2505 1251 2530 cadaveribus
1263 2505 1491 2537 impemlerentur.
1507 2503 1534 2529 ln
1546 2503 1587 2529 his
1604 2509 1691 2530 autem
1706 2510 1766 2531 erat

983 2539 1104 2573 quaedam
1120 2539 1214 2572 pietas,
1235 2539 1313 2571 idque
1328 2543 1430 2571 spectat
1448 2538 1568 2571 Gregorii
1584 2539 1760 2572 comparatio.

985 2574 1078 2601 Billius
1106 2574 1131 2600 in
1162 2574 1233 2600 notis
1261 2581 1320 2600 cum
1348 2574 1491 2604 llcrvagio,
1517 2575 1684 2600 commodius
1712 2574 1761 2608 legi

984 2609 1108 2643 ἀγώνων,
1127 2617 1137 2633 ι
1148 2609 1295 2635 certamina
1312 2618 1320 2633 ι
1333 2609 1490 2638 arbitratur,
1506 2609 1566 2640 quia
1584 2609 1686 2635 scilicet
1699 2609 1763 2635 olim

983 2645 1059 2670 varia
1080 2644 1227 2670 certamina
1248 2643 1273 2668 in
1300 2643 1438 2670 funeribus
1462 2643 1672 2670 clarissimorum
1690 2644 1763 2670 viro-

984 2687 1044 2706 rum
1067 2678 1295 2712 proponebantur.
1317 2678 1370 2704 Sed
1396 2677 1462 2704 nihil
1486 2685 1553 2710 opus
1574 2683 1612 2705 cst
1639 2678 1763 2713 Gregorii

984 2713 1184 2740 similitudinem
1198 2715 1230 2738 ad
1243 2714 1297 2748 lia-c
1310 2713 1457 2739 certamina
1470 2713 1642 2748 detorquere,
1651 2719 1680 2741 ut
1693 2719 1766 2742 recte

983 2748 1160 2776 Combetisins
1174 2753 1268 2774 contra
1284 2747 1388 2774 Billium
1403 2748 1537 2774 observat.

1033 2784 1057 2817 l)
1074 2782 1116 2809 Σὺ
1131 2781 1174 2808 δέ.
1195 2783 1259 2817 Heg.
1276 2784 1310 2816 ph
1323 2782 1407 2814 addit,
1429 2783 1481 2816 μοί.

1029 2819 1058 2845 2t
1077 2818 1246 2851 Ζημιωθείςι
1264 2817 1344 2853 Coisl.
1364 2818 1390 2848 1,
1403 2817 1554 2853 ζημιωθῇς.

1019 2854 1058 2881 t5)
1079 2854 1185 2886 Φόϐος.
1200 2853 1306 2886 Conib.,
1323 2852 1412 2884 λόγος,
1430 2863 1438 2879 ι
1449 2852 1546 2881 seruio.
1556 2863 1568 2880 ι
