2013 3134
237 129 290 157 ’579

839 127 868 156 5.
890 127 1055 156 GREGORII
1075 125 1251 154 THEOLOGI

1817 125 1886 153 580

236 187 283 215 ille
310 184 398 220 caligo
419 188 471 218 est,
490 189 518 212 et
539 185 626 212 lucem
652 184 810 212 ementitur.
838 185 906 212 Cum
933 190 1026 221 aperto

1081 185 1131 212 Καὶ
1150 185 1254 219 γίνεται
1267 183 1418 220 σύμϐουλος
1429 184 1466 215 ὡς
1483 184 1599 220 χρηστὸς
1616 183 1664 220 (ι),
1679 184 1717 210 ὢν
1731 185 1862 219 πονηρός
1877 190 1886 197 ·

235 237 323 261 marte
337 231 402 258 nihil
417 231 534 266 perﬁcit,
551 231 663 258 insidias
677 232 792 258 obscure
805 232 907 265 tendit;
923 236 950 259 et
963 239 1023 259 cum

235 286 335 314 pravus
348 278 393 310 sit,
410 277 486 312 quasi
504 277 637 304 humanus
651 284 684 304 ac
706 277 775 304 bene
789 276 918 310 allectus,
934 277 1025 305 consi-

236 324 301 351 lium
314 325 370 355 dat,
387 328 415 350 ιιι
439 323 569 350 alterutro
586 329 660 350 certe
678 324 757 351 modo
772 325 896 358 superior
916 325 1025 351 omnino

236 369 368 402 discedat,
384 377 433 396 nec
447 368 500 396 ulla
516 368 620 395 ratione
633 369 716 403 ipsius
731 369 845 396 insidias
855 369 1023 404 eﬁ'ugiainus.

236 415 265 443 1ι1
283 416 354 451 quod
382 415 426 443 hic
445 423 562 450 quoque,
576 416 718 450 perspicue
737 416 858 443 molitur.
881 415 948 442 Nam
964 424 1024 443 cum

238 460 285 489 tibi
316 461 341 487 in
367 460 487 487 animum
515 459 645 487 inducere
670 464 798 494 nequeat,
817 464 847 486 ιιι
862 459 1024 495 baptismum

237 507 326 543 palam
351 511 497 542 aperteque
517 511 675 533 contemnas
695 514 727 533 ac
750 514 798 541 pro
819 506 903 534 nihilo
925 507 1024 539 ducas,

237 560 288 588 per
311 554 401 580 ﬁctam
426 552 579 579 cautionem
602 557 627 579 le
651 559 683 578 eo
707 553 840 584 mulctat,
856 557 884 580 ut
911 553 937 580 in
965 560 1024 580 eam

238 599 376 632 fraudem,
395 606 475 632 quam
494 598 592 624 metuis
605 617 612 628 ,
633 597 790 632 imprudens
806 605 854 632 per
869 603 968 625 metum
985 599 1025 625 in-

237 642 334 675 cidas;
348 647 376 669 et
391 641 455 669 dum
471 642 560 675 times,
573 649 607 669 ne
624 642 722 669 donum
739 650 909 678 corrumpas,
923 651 954 670 ea
968 646 1024 677 ipsa

238 689 271 715 de
282 696 363 716 causa
382 688 416 716 ab
434 688 485 715 hoc
499 695 612 723 prorsus
625 689 745 715 exeidas.
757 689 845 722 Atque
862 689 904 715 ille
916 689 1024 723 quidem

237 734 290 762 hoc
312 735 420 770 ingenio
443 739 504 767 est,
523 743 573 762 nec
590 742 707 769 unquam
724 735 848 761 versutia:
871 742 926 761 sua:
945 736 1023 762 linem

238 784 349 812 statuet,
364 780 481 815 quandiu
497 788 546 808 nos
558 780 591 808 ad
607 781 707 807 caelum
722 786 898 815 properantes
913 782 1024 815 videbit,

238 825 311 853 unde
327 825 385 861 ipse
407 826 526 861 dejeetus
543 831 593 853 est.
613 825 651 852 Tu
667 830 768 860 autem,
784 835 800 853 ο
818 827 897 853 homo
912 827 969 858 Dei,
984 828 1026 854 l'ae

238 870 387 898 adversarii
401 871 515 898 insidias
538 871 661 906 cognitas
680 871 790 898 habeas.
805 871 910 899 Etenim
929 873 1025 899 adver-
1042 874 1063 900 B

239 923 285 943 sus
315 916 478 949 habentem,
511 922 538 943 et
565 917 597 944 de
621 917 700 944 rebus
726 918 866 949 maximis,
889 923 1025 945 certamen

240 963 335 990 initur.
353 963 392 990 Ne
406 964 510 991 hostem
532 964 558 990 in
573 964 715 990 consilium
732 965 875 996 adhibeas;
893 972 925 991 ne
942 964 1027 991 ﬁdelis

240 1010 299 1037 ﬁeri
314 1017 346 1037 ac
360 1010 493 1037 nominari
509 1010 698 1045 parvipendas.
712 1010 835 1043 Quaudiu
853 1011 879 1037 in
900 1012 1027 1038 catechu-

239 1062 379 1081 menorum
392 1062 503 1081 numero
517 1062 562 1087 es,
579 1055 605 1081 in
631 1055 738 1089 pietatis
751 1055 884 1083 vestibulo
898 1059 1026 1084 versaris.

240 1098 344 1126 Intrare
358 1104 383 1126 te
400 1104 518 1134 oportet,
534 1100 633 1126 atrium
651 1100 828 1134 pel-transire.
852 1105 946 1128 sancta
962 1109 1027 1128 con-

241 1145 321 1177 tueri,
343 1145 370 1172 in
391 1145 490 1172 Sancta
517 1151 674 1172 sanctorum
695 1145 864 1180 prospicere,
881 1154 943 1174 cum
966 1147 1024 1174 Tri-

241 1191 325 1217 nitate
336 1190 474 1225 conjungi.
486 1190 581 1224 Magna
594 1195 656 1217 sunt
666 1199 710 1223 ea,
724 1191 758 1218 oh
772 1199 832 1225 qum
845 1194 1023 1227 oppugnarjs;

242 1244 341 1270 magno
361 1244 468 1271 quoque
483 1237 610 1272 praesidio
625 1244 692 1270 opus
704 1237 796 1265 habes.
813 1238 946 1270 Quocirca
964 1239 1025 1266 ﬁdei

241 1281 362 1316 clypeum
377 1282 505 1309 adversus
526 1289 587 1309 eum
607 1282 703 1316 obiice.
722 1282 809 1309 Timet
822 1288 849 1310 te
863 1291 924 1310 cum
944 1285 1027 1312 armis

1080 233 1114 259 ἵν’
1131 233 1171 259 ἐν(
1186 241 1217 267 γε
1232 231 1270 267 τῷ
1284 231 1377 267 τρόπῳ
1394 231 1502 263 πάντως
1518 231 1624 267 ἰσχύσῃ,
1643 231 1689 258 καὶ
1712 232 1886 267 μηδαμόθεν

1079 277 1161 304 αὐτοῦ
1176 277 1225 313 τὴν
1239 277 1385 312 ἐπιϐουλὴν
1395 277 1579 312 διαφύγωμεν.
1596 276 1684 312 Ὅπερ
1694 276 1741 304 οὖν
1757 277 1884 305 κάνταῦ-

1079 324 1113 350 θα
1134 324 1228 358 σαφῶς
1240 322 1409 359 τεχνάζεται.
1427 323 1463 349 Τὸ
1477 323 1531 358 γὰρ
1544 323 1667 359 φανερῶς
1687 326 1885 360 καταφρονεῖν

1078 369 1124 395 τοῦ
1141 369 1329 404 βαπτίσματος
1345 368 1447 395 πείθειν
1459 368 1508 395 οὐκ
1520 368 1597 403 ἔχων,
1611 369 1704 402 ζημιοῖ
1719 377 1748 395 σε
1760 369 1806 395 διὰ
1821 369 1884 404 τῆς

1079 416 1198 451 πλαστῆς
1215 415 1374 450 ἀσφαλείας,
1399 415 1431 441 ἵν’
1452 414 1466 440 ὂ
1487 415 1554 449 φοϐῇ
1570 423 1601 448 γε
1616 414 1666 448 (5),
1685 414 1766 441 τοῦτο
1786 415 1882 450 λάθῃς

1079 461 1173 489 παοὼν
1188 462 1232 488 διὰ
1243 461 1290 488 τοῦ
1306 460 1388 495 φόϐοι,
1405 469 1411 476 ·
1421 460 1468 487 καὶ
1481 460 1511 487 τὸ
1524 460 1631 496 φθεῖραι
1649 460 1697 495 τὴν
1707 461 1814 496 δωρεὰν
1827 462 1880 487 δε-

1078 507 1184 539 δοικὼς,
1205 507 1280 542 αὐτῷ
1292 506 1379 541 τούτῳ
1394 505 1431 540 (6)
1442 507 1492 541 τῆς
1507 506 1611 541 δωρεᾶς
1626 506 1756 542 ἐκπέσῃς.
1777 507 1806 532 '0
1821 507 1879 541 μὲν

1078 552 1124 580 οὖν
1135 553 1253 584 τοιοῦτός
1265 554 1334 584 ἐστι,
1349 553 1394 578 καὶ
1406 552 1503 579 οὔποτε
1519 552 1650 579 παύσεται
1662 552 1712 586 τῆς
1722 552 1820 578 ἑαυτοῦ
1831 553 1878 578 δι-

1079 599 1173 634 πλῆης,
1200 598 1252 630 ’ἐως
1280 599 1313 625 ἂν
1337 598 1422 633 βλέπῃ
1445 598 1513 633 πρὸς
1535 598 1647 633 οὐρανὸν
1674 598 1876 633 ἐπειγομένους

1078 645 1162 680 ἡμᾶς,
1184 644 1245 670 ὅθεν
1266 644 1347 675 αὐτὸς
1362 643 1538 670 ἐκπέπτωκεν
1555 644 1602 677 (7).
1619 643 1655 670 Σὺ
1667 643 1705 675 δὲ,
1719 640 1742 669 ὦ
1764 642 1876 678 ἄνθρω-

1079 698 1112 715 πε
1132 689 1169 723 (8)
1183 689 1229 715 τοῦ
1245 688 1325 721 Θεοῦ,
1343 687 1427 722 γνῶθι
1451 688 1500 723 τὴν
1515 688 1660 723 ἐπιϐουλὴν
1683 687 1729 714 τοῦ
1747 688 1875 714 ἀντικει-

1081 734 1170 770 μένου.
1188 735 1258 770 Πρὸς
1275 735 1329 770 γὰρ
1345 734 1389 760 τὸν
1412 733 1506 768 ἔχοντα
1525 734 1574 768 (ll),
1592 733 1638 760 καὶ
1657 733 1726 768 ὑπὲρ
1743 733 1798 759 τῶν
1822 741 1874 768 με-

1079 780 1188 814 γίστων,
1208 781 1225 814 ἡ
1249 779 1334 815 μάχη.
1354 779 1398 814 Μὴ
1414 779 1499 814 λάϐῃς
1516 778 1666 813 σύμϐουλον
1685 777 1732 804 τὸν
1752 777 1870 813 ἐχθρόν·

1081 826 1118 862 μὴ
1132 826 1343 862 καταφρονήσῃς
1358 825 1405 851 τοῦ
1421 825 1534 851 ἀκοῦσαι
1555 824 1602 851 καὶ
1618 823 1743 858 γενέσθαι
1762 823 1870 855 πιστός.

1078 871 1150 902 Ἕως
1166 868 1191 896 εἷ
1212 869 1424 905 κατηχούμενος,
1451 869 1480 895 ἐν
1503 869 1648 905 προθύροις
1673 867 1699 895 εἴ
1721 869 1773 904 τῆς
1797 869 1873 895 εὖτε-

1077 917 1164 948 6εξας,
1180 917 1252 943 Εῑσω
1262 916 1390 950 γενέσθαι
1403 924 1433 941 σε
1446 915 1496 948 δεῖ,
1518 915 1566 950 τὴν
1580 915 1664 950 αὐλὴν
1679 915 1817 950 διαϐῆναι,
1836 915 1871 941 τὰ

1078 963 1143 997 ᾶγια
1169 963 1362 994 κατοπτεῦσαι,
1387 963 1426 994 εις
1449 961 1577 995 τὰἋγια
1593 962 1647 988 τῶν
1680 962 1766 996 ἁγίων
1785 968 1871 996 παρα-

1078 1009 1173 1044 κύψαι,
1205 1009 1273 1045 μετὰ
1294 1010 1343 1044 τῆς
1368 1009 1481 1045 Τριάόος
1501 1008 1637 1043 γενέσθαι.
1664 1007 1780 1041 Μεγάλα
1797 1008 1869 1033 ἐστὶν

1079 1056 1149 1091 ὑπὲρ
1164 1052 1202 1082 ὧν
1218 1055 1323 1090 πολεμῇ
1336 1055 1390 1090 (10)
1403 1063 1409 1070 ·
1424 1054 1545 1090 μεγάλης
1556 1055 1596 1081 δεῖ
1608 1062 1646 1080 σοι
1661 1054 1708 1080 καὶ
1724 1054 1776 1088 τῆς
1786 1054 1870 1088 ἀσφα-

1079 1101 1163 1133 λείας.
1186 1101 1327 1136 Προϐαλοῡ
1353 1101 1398 1127 τὸν
1420 1100 1515 1136 θυρεὸν
1530 1101 1580 1136 τῆς
1595 1100 1722 1132 πίστεως.
1745 1099 1869 1126 Φοόεῐταί

1079 1156 1109 1174 σε
1123 1147 1191 1182 μετὰ
1207 1147 1254 1174 τοῦ
1267 1147 1348 1173 ὅπλου
1364 1147 1515 1182 μαχόμενον
1526 1154 1532 1160 “
1548 1147 1594 1173 καὶ
1602 1146 1645 1173 διὰ
1658 1146 1714 1182 (11)
1728 1146 1809 1172 τοῦτο
1823 1155 1869 1180 γυ·

1081 1198 1142 1232 μνοῖ
1171 1205 1200 1223 σε
1231 1196 1277 1223 τοῦ
1303 1197 1481 1231 χαρίσματος,
1510 1196 1554 1222 ἵνα
1579 1195 1703 1231 κρατήσῃ
1732 1194 1797 1230 ῥᾷόν
1822 1201 1867 1219 σοι)

1079 1243 1180 1269 ἄοπλον
1208 1243 1255 1270 καὶ
1283 1242 1448 1277 ἀφυλάκτου.
1478 1241 1572 1276 Πάσης
1603 1241 1711 1276 ἡλικίας
1742 1241 1868 1273 ἅπτεται,

1080 1288 1170 1323 πάσης
1183 1288 1252 1319 ἰδέας
1269 1288 1337 1322 βίου.
1355 1287 1404 1314 Διὰ
1420 1287 1526 1314 πάντων
1543 1286 1767 1322 ἁποκρουσθήτω.

242 1328 430 1361 dimicantem;
445 1336 477 1355 ac
494 1334 631 1363 propterea
649 1334 674 1355 te
688 1329 852 1357 charismate
871 1330 977 1365 spoliat,
992 1337 1020 1358 ut
1041 1333 1171 1361 inermem
1194 1338 1221 1361 et
1251 1335 1385 1360 incautum
1414 1333 1518 1360 facilius
1535 1333 1679 1367 opprimat.
1691 1332 1791 1359 Omnes
1806 1336 1869 1359 teta-

206 1379 208 1382 '
243 1380 297 1401 tum
315 1376 423 1408 gradus,
441 1376 529 1402 omnia
545 1376 605 1403 vita:
622 1383 719 1409 genera
733 1381 759 1402 et
773 1376 894 1404 instituta
908 1378 1025 1413 attingit.
1047 1380 1135 1413 Quare
1156 1381 1229 1407 omni
1244 1381 1330 1407 studio
1347 1381 1528 1414 propulsetur.

279 1420 361 1448 XVII.
382 1420 492 1447 Juvenis
503 1421 552 1447 es?
566 1423 666 1448 contra
682 1429 779 1456 pravos
792 1422 914 1455 allectus,
930 1423 955 1450 iu
969 1425 1026 1452 acie
1041 1428 1063 1458 ε

242 1474 303 1494 cum
323 1467 443 1493 subsidio
456 1471 507 1499 sta,
522 1467 549 1493 iu
568 1466 614 1493 Dei
629 1467 760 1502 phalange
778 1476 875 1496 nomen
890 1470 1026 1504 profuere,

244 1512 376 1538 adversus
398 1511 506 1538 Goliath
527 1516 638 1538 strenue
651 1520 754 1547 pugna,
771 1513 843 1539 mille
856 1533 863 1545 ,
880 1514 922 1540 vel
938 1515 1028 1542 decies

245 1559 355 1585 totidem
371 1559 464 1585 hostes
477 1566 555 1592 cape,
569 1566 601 1585 ac
616 1559 663 1586 tibi
679 1560 792 1594 subiice.
806 1560 844 1587 lla
864 1560 928 1588 ﬁore
942 1563 1028 1590 astatis

244 1605 350 1637 fruere;
363 1612 412 1631 nec
427 1606 672 1640 Iuamjuvenlutem
683 1614 850 1634 marcescere
859 1608 969 1641 susﬁne,
979 1608 1029 1635 im-

243 1648 360 1684 perfecta
378 1649 458 1684 703
470 1649 521 1676 ﬁde
543 1655 676 1676 mortuam
690 1654 716 1676 et
729 1651 900 1678 exstinctam.
912 1651 1028 1678 Senilem

243 1700 348 1722 :etatcui
364 1696 432 1730 agis,
451 1703 499 1722 nec
511 1703 525 1721 a
546 1697 700 1724 necessarie
719 1696 872 1731 praestituto
893 1697 936 1724 die
952 1697 1029 1732 longe

243 1739 332 1767 abes?
345 1739 434 1767 Canos
446 1747 586 1773 reverere;
603 1741 785 1776 prudentiam,
801 1749 860 1776 qua:
875 1749 888 1767 a
905 1746 930 1769 te
943 1743 1031 1777 requi-

243 1786 324 1820 ritur,
337 1794 385 1820 pro
399 1793 441 1819 ea,
454 1794 507 1821 qua
521 1795 592 1814 nunc
606 1787 716 1818 teneris,
731 1787 899 1819 inﬁrmitate,
914 1793 1028 1822 prmsta;

245 1834 339 1868 paucis
353 1833 397 1860 his
413 1833 507 1860 diebus
520 1854 527 1866 ,
543 1830 615 1868 quos
629 1832 748 1867 reliquos
767 1833 849 1860 habes
861 1853 868 1865 ,
882 1841 1028 1866 succurre;

244 1880 431 1914 purgationem
456 1880 588 1906 senectuti
627 1880 779 1906 committe.
808 1879 876 1912 Quid
902 1880 929 1906 in
951 1879 1029 1906 ell‘eta

244 1930 385 1953 senectute
415 1930 496 1960 atque
523 1929 646 1952 extremo
670 1924 732 1951 vita:
759 1925 874 1959 spiritu,
903 1925 1031 1958 juvenilis

243 1972 333 1999 aetatis
348 1971 412 1998 vitia
437 1971 629 2006 pertimcseis?
656 1971 695 1997 An
718 1975 747 1997 tu
769 1971 849 1998 etiam
872 1976 1029 2006 exspectas,

243 2018 306 2045 dum
322 2022 454 2049 mortuus,
467 2017 584 2051 nonjam
602 2016 814 2044 misericordiam
831 2017 915 2051 magis
926 2037 934 2049 ,
949 2024 1029 2052 quam

244 2064 281 2090 tui
301 2063 392 2090 odium
421 2069 552 2094 movens,
572 2062 709 2089 abluaris?
723 2062 763 2088 An
784 2063 948 2097 voluptatum
967 2063 1030 2089 reli-

243 2111 323 2144 quias
335 2110 361 2136 in
379 2109 421 2136 his
435 2110 496 2136 vitae
513 2108 634 2143 reliquiis
653 2108 777 2142 expetis?
794 2108 883 2142 Turpe
896 2113 954 2140 est,
967 2116 1028 2135 eum

243 2160 324 2182 aetate.
340 2155 515 2182 consenueris
544 2162 576 2181 ac
591 2154 753 2187 deﬂuxeris,
772 2154 881 2181 libidine
898 2159 986 2182 tamen
1002 2160 1028 2182 te

243 2202 355 2230 minime
380 2202 571 2234 consenuisse;
594 2201 659 2233 sed,
684 2201 725 2227 vel
747 2208 778 2227 ea
804 2200 888 2233 allici,
905 2201 945 2227 vel
969 2209 1027 2228 eam

243 2254 316 2277 certe
328 2247 494 2284 opinionem,
514 2255 562 2282 per
574 2247 703 2282 baptismi
720 2246 893 2280 dilationem,
911 2247 1029 2274 homini-

280 2329 318 2364 (4)
338 2329 386 2362 Ὠς
400 2329 542 2364 χρηστός.
558 2329 603 2356 Sic
616 2328 682 2364 Reg.
695 2328 739 2356 bm
765 2328 848 2357 Cnisl.
865 2327 877 2354 l
893 2333 920 2355 et
937 2327 1033 2358 Comb.

242 2364 324 2392 Deest
339 2364 376 2396 ὡς
393 2367 419 2390 in
433 2365 475 2390 ed.

278 2400 317 2433 (5)
333 2399 412 2433 Φοϐῆ
427 2408 470 2434 γε.
488 2399 564 2426 Deest
579 2408 610 2434 γε
626 2407 651 2426 ιη
666 2406 711 2426 sex
727 2399 808 2434 Regg.

263 2434 412 2495 ὑ(ἐξ)
424 2435 528 2466 τούτῳ.
545 2434 590 2461 Sic
602 2435 693 2470 plures
706 2434 788 2470 Regg.
803 2439 829 2461 et
844 2435 920 2463 Colb.
936 2435 964 2462 In
976 2435 1032 2468 ed.,

243 2478 310 2496 αυτο
325 2478 422 2496 τουτο).

280 2504 317 2538 (τ)
336 2498 541 2539 γἘκέτέτττωκε.
559 2501 642 2539 Regg.
660 2512 674 2530 a
691 2509 717 2531 et
729 2504 786 2536 Iun,
800 2504 908 2532 ἔπεσεν.

281 2540 319 2574 (8)
335 2538 368 2575 ᾮ
397 2541 542 2573 ἄνθρωπε.
569 2538 699 2567 ὃὶιίιτος
726 2539 810 2575 chg.
839 2546 866 2567 et
879 2546 934 2568 tres
954 2539 1031 2568 Colb.

244 2573 325 2603 Deest
344 2573 368 2602 ὦ
381 2575 408 2601 in
421 2576 464 2602 ed.

280 2609 316 2643 (9)
327 2610 403 2643 Πρὸς
410 2610 465 2644 γὰρ
474 2610 528 2637 τὸν
536 2610 655 2645 ἔχοντα.
668 2610 749 2646 Forte
762 2609 912 2644 legendum,
924 2610 1031 2646 ἐχθραί-

245 2653 336 2677 νοντα,
367 2655 375 2670 ι
390 2646 527 2672 inimicum
540 2655 548 2671 ι
574 2646 700 2680 quamvis
722 2645 830 2672 Niretas
848 2646 961 2680 innuat,
974 2648 1030 2672 lucc

245 2679 339 2716 verba,
359 2680 427 2715 πρὸς
451 2680 505 2715 γὰρ
524 2680 569 2707 τὸν
593 2680 688 2715 ἔχοντα
705 2680 784 2716 ἕρπει
805 2681 819 2706 ὁ
838 2679 943 2716 olidi/0;,
962 2680 1030 2707 cha-

246 2714 360 2750 hentein.
371 2714 442 2741 enim
465 2714 564 2742 invidia
581 2714 764 2749 persequitur,
780 2725 788 2740 ι
808 2723 843 2742 ex.
857 2715 989 2750 Sophocle
1003 2716 1029 2742 in

245 2748 339 2784 Ajacis
355 2751 498 2784 tragmdia,
513 2758 527 2776 a
544 2748 675 2784 Gregorio
690 2755 811 2777 mutuata
828 2748 923 2778 fuisse.

285 2784 342 2816 (10)
362 2785 491 2819 Πολεμῇ.
510 2785 577 2819 Reg.
596 2785 650 2815 hm,
669 2784 790 2820 πολεμεῖ.

284 2819 339 2882 (EH)
351 2819 403 2847 Kal
414 2819 471 2847 διά.
485 2819 528 2847 Sic
541 2824 655 2855 quatuor
667 2819 762 2855 Regg.,
772 2825 824 2848 etc.
840 2820 868 2848 ln
882 2821 924 2849 ed.
941 2821 1031 2855 deest,

248 2863 304 2882 και.

1114 1427 1161 1452 1Ζ¹.
1180 1426 1249 1458 Νέος
1274 1424 1314 1457 εἷς
1335 1426 1415 1460 Στῇοι
1443 1424 1513 1451 κατὰ
1539 1424 1592 1451 τῶν
1613 1423 1707 1451 παθῶν
1734 1423 1804 1459 μετὰ
1821 1424 1869 1458 τῆς

1080 1472 1237 1507 συμμαχίας
1263 1471 1330 1506 (12),
1361 1472 1400 1502 εἰς
1424 1470 1490 1497 Θεοῦ
1519 1470 1669 1506 παράταξιν
1690 1469 1868 1505 ἁριθμήῡηττ,

1078 1517 1238 1552 ἀριστεύσον
1253 1517 1307 1551 (13)
1324 1517 1395 1543 κατὰ
1409 1517 1455 1542 τοῦ
1471 1516 1576 1549 Γολιὰο,
1590 1516 1654 1542 λάϐε
1668 1515 1717 1547 τὰς
1734 1515 1867 1550 χιλιάδας.

1079 1565 1095 1599 ἢ
1110 1564 1158 1595 τὰς
1175 1563 1316 1599 μυριάδας.
1335 1563 1412 1590 Οὕτω
1424 1563 1472 1598 τῆς
1490 1563 1595 1598 ἡλικίας
1612 1562 1783 1589 ἀπόλαυσον·
1802 1561 1869 1588 ἀλλᾶ

1081 1611 1118 1646 μὴ
1134 1610 1237 1646 ἀνάσχῃ
1258 1609 1430 1645 μαρανῦῆναι
1458 1618 1504 1635 σου
1528 1609 1576 1644 τὴν
1591 1609 1714 1643 νεότητα,
1729 1608 1768 1643 τῷ
1781 1608 1870 1634 ἀτελεῖ

1079 1655 1128 1689 τῆς
1145 1655 1262 1686 πίστεως
1274 1654 1466 1689 νεκρωθεῖσαν.
1483 1654 1596 1689 Γηραιὸς
1611 1651 1646 1685 εἷ,
1664 1654 1769 1689 καὶτῆς
1783 1655 1869 1687 ἀναγ-

1080 1702 1160 1732 καίας
1172 1702 1254 1735 ἐγγὺς
1270 1700 1453 1737 προθεσμίας
1470 1700 1518 1736 τὴν
1538 1700 1633 1727 πολιὰν
1649 1700 1804 1735 αἰδέσθητιέ
1825 1700 1869 1731 δὸς

1080 1747 1113 1782 ἣν
1136 1747 1236 1782 ἀπαιτῇ
1256 1747 1312 1782 (14)
1339 1747 1480 1783 φρόνησιν,
1503 1746 1560 1773 ἀνθ’
1575 1744 1609 1782 ἧς
1631 1746 1678 1773 νῦν
1699 1746 1770 1781 ἔχεις
1790 1746 1869 1773 ἀσθε-

1080 1793 1168 1824 νείας’
1183 1794 1242 1824 ταῖς
1258 1792 1362 1827 ὀλέγαις
1378 1793 1495 1828 ἡμέραις
1509 1792 1656 1827 βοήθησον·
1673 1793 1818 1819 πίστευσον
1830 1792 1869 1827 τῷ

1080 1839 1153 1873 γήρᾳ
1173 1839 1221 1874 τὴν
1237 1838 1378 1874 κάθαρσιν.
1400 1838 1432 1863 Τί
1454 1837 1523 1873 φοϐῇ
1546 1837 1579 1864 τὰ
1602 1837 1727 1873 νεότητος
1746 1838 1776 1865 ὲν
1794 1837 1871 1873 βαθεῖ

1080 1885 1165 1920 γήρᾳ,
1182 1884 1230 1910 καὶ
1250 1885 1310 1916 ταῖς
1330 1883 1457 1919 ἐσχάταις
1473 1884 1635 1916 ἀναπνοαῖς;
1650 1885 1683 1910 Ἣ
1707 1885 1753 1911 καὶ
1772 1886 1804 1912 σὺ
1823 1885 1870 1921 μέ-

1081 1939 1146 1962 νεις,
1165 1930 1260 1966 νεκρὸς
1282 1930 1420 1965 λουθῆναι,
1438 1930 1467 1956 οὐ
1488 1930 1587 1965 μᾶλλον
1604 1930 1771 1965 ἐλεούμενος,
1787 1931 1803 1966 ἦ
1826 1940 1870 1966 μι-

1083 1975 1129 2002 σού
1134 1984 1213 2010 μενος
1222 1984 1228 2007 ;
1246 1976 1280 2002 ’Π
1295 1975 1386 2006 ποθεῖς
1392 1975 1447 2002 τῶν
1455 1975 1554 2011 ἡδονῶν
1564 1975 1598 2002 τὰ
1605 1976 1718 2011 λείψανα
1730 1976 1798 2011 (15),
1810 1976 1868 2012 βίου

1081 2021 1205 2056 λείψανον
1221 2021 1275 2054 ὥν;
1291 2021 1408 2057 Merlpr
1423 2021 1472 2056 τὴν
1491 2022 1539 2056 μὲν
1555 2021 1660 2057 ἠλικίαν
1679 2023 1868 2057 παρακμάσαι.

1083 2067 1119 2102 μὴ
1145 2067 1325 2102 παρακμάσαι
1347 2067 1384 2102 δὲ,
1397 2067 1445 2102 τὴν
1468 2067 1626 2101 ἀσέλγειαν·
1642 2067 1731 2102 ἀλλ’ἢ
1756 2069 1868 2103 πάσχειν

1081 2111 1169 2142 τοῦτο,
1182 2112 1198 2146 ἦ
1213 2111 1311 2143 δοκεῖν,
1327 2111 1504 2145 διαμέλλοντα
1514 2112 1569 2146 (16)
1584 2112 1650 2148 πρὸς
1664 2113 1713 2146 τὴν
1724 2113 1867 2148 κάθαρσιν.

1080 2158 1186 2193 Νήπιον
1210 2157 1267 2183 ἔστι
1290 2166 1348 2189 σοις
1365 2158 1410 2194 Μὴ
1437 2157 1541 2184 λαϐέτω
1569 2158 1663 2194 καιρὸν
1685 2159 1700 2193 ἡ
1721 2160 1821 2186 κακία·
1838 2161 1870 2186 ἐκ

1083 2202 1199 2238 βρέφους
1226 2202 1392 2237 ἁγιασθήτω,
1421 2202 1450 2234 ἐξ
1478 2203 1580 2238 ὀνύχων
1609 2203 1804 2240 καθιερωῦἡτω
1831 2205 1870 2241 τῷ

1084 2249 1232 2285 [Ινεύματι.
1249 2249 1284 2275 Σὺ
1301 2248 1355 2284 (17)
1368 2248 1488 2280 δέδοικας
1506 2248 1553 2284 τὴν
1570 2249 1702 2285 σφραγῖδα
1722 2249 1765 2276 διὰ
1778 2251 1808 2276 τὺ
1821 2251 1870 2285 τῆς

1123 2329 1178 2363 (12)
1203 2329 1283 2356 Μετὰ
1309 2329 1364 2363 τῆς
1392 2330 1573 2364 συμμαχίας.
1597 2329 1683 2355 «Cum
1715 2329 1867 2359 suhsidio.»

1088 2371 1193 2398 nempe.
1213 2365 1392 2399 baptismatis.
1419 2365 1491 2397 BulL,
1507 2374 1515 2389 ι
1530 2365 1596 2391 Cum
1624 2364 1801 2390 auxiliaribus
1825 2372 1870 2388 ron

1081 2399 1143 2433 piis.
1162 2409 1171 2425 ι
1189 2399 1275 2426 Minus
1288 2405 1349 2434 apte.
1363 2400 1487 2434 quidem;
1505 2400 1585 2426 David
1601 2399 1683 2429 enim.
1699 2407 1751 2425 non
1770 2409 1779 2423 ι
1792 2400 1870 2425 auxi-

1081 2435 1193 2461 liarihus
1209 2435 1304 2468 copiis,
1323 2444 1332 2460 ι
1352 2436 1397 2461 sed
1418 2435 1462 2461 Dei
1480 2434 1719 2468 prmripueauxilio
1738 2435 1869 2466 munitus,

1079 2471 1209 2504 pugnavit
1226 2471 1353 2496 adversus
1376 2469 1493 2497 Goliath.
1513 2469 1549 2495 Ea
1567 2473 1640 2495 certe
1657 2469 1777 2503 Gregorii
1794 2477 1869 2496 mens

1080 2509 1131 2536 est,
1148 2505 1352 2531 utChriinanus
1371 2504 1540 2539 hapti~matis
1553 2504 1651 2531 auxilio
1664 2505 1758 2536 l'retus,
1775 2505 1870 2530 adVer-

1083 2547 1128 2567 sus
1145 2540 1279 2566 diahnlum
1293 2540 1318 2566 in
1334 2540 1392 2565 acie
1400 2544 1463 2566 stet.

1118 2574 1173 2610 (15)
1189 2575 1394 2610 ῘΑρίστειισον.
1413 2574 1458 2601 Sic
1473 2574 1590 2609 quinque
1603 2573 1698 2609 llcgg.,
1711 2573 1794 2601 Cois].
1814 2574 1825 2601 l
1844 2578 1871 2600 et

1081 2608 1128 2636 0r;
1142 2611 1166 2636 1.
1188 2608 1223 2636 In'
1236 2610 1290 2640 (HL.
1311 2610 1448 2644 ὰρῖστευε.

1110 2645 1169 2688 (14)
1203 2643 1338 2678 Ἀπαιτῇζ
1363 2644 1446 2680 Regg.
1474 2645 1529 2677 bm,
1548 2644 1583 2679 ph
1609 2651 1633 2670 et
1661 2643 1709 2670 Or.
1736 2643 1762 2675 1,
1785 2645 1869 2671 ἁπαι-

1084 2689 1172 2757 Εῗιὰῧ)
1211 2715 1250 2757 Τὰ
1280 2715 1422 2749 λείψανα.
1453 2714 1498 2742 Sic
1529 2719 1644 2748 quatuor
1675 2713 1758 2748 Regg.
1793 2715 1872 2742 Deest

1079 2750 1170 2820 “(1163.)
1185 2751 1403 2821 iilojxéxlorm.
1421 2785 1526 2819 Cnmb.,
1543 2783 1751 2820 ὲμΰραδύνοντα.

1115 2821 1171 2856 (17)
1192 2820 1339 2850 Σύζυοίει.
1355 2822 1380 2856 1,
1400 2821 1431 2847 σὺ
1445 2820 1483 2848 δέ.
