2013 3134
252 134 309 164 sss
860 136 889 165 s.
910 136 1075 165 cnseonu
1095 128 1268 166 TIIEOLOG'I
1833 135 1905 162 :58:

252 195 330 229 cipe;
357 195 404 229 qui
423 194 513 222 servili
538 195 670 229 premeris
682 216 691 230 ,
708 195 838 232 :equalem
854 197 964 225 honoris
977 205 1039 232 gra-

1092 198 1164 233 ήμᾶς
1180 206 1210 232 γε
1229 196 1328 228 αὐτοὺς
1348 195 1378 222 οὗ
1398 194 1583 230 δυνησόμεθα·
1606 194 1643 225 ὠς
1657 193 1686 220 τό
1701 201 1732 228 γε
1748 193 1809 220 καθ’
1823 194 1907 220 ἐαυ-

253 241 335 272 dum;
352 240 397 274 qui
413 240 439 266 in
462 248 579 268 utcerore
603 242 720 269 versaris
731 262 738 274 ,
753 242 897 275 solatium;
919 243 964 278 qui
980 244 1039 271 lano

1093 243 1140 270 τοῦ
1152 244 1271 276 παίζειν,
1287 242 1347 269 λίαν
1360 241 1509 276 ἐπισφαλὲς
1525 239 1573 266 καὶ
1586 239 1708 274 ἀνόητον.

251 290 334 320 atque
358 285 435 313 hilari
458 293 488 313 es
502 287 604 320 animo,
640 287 824 322 disciplinam;
857 289 902 323 qui
916 297 1004 316 rerum
1039 290 1129 326 inopia
1152 290 1276 320 laboras,
1307 295 1374 324 Opes
1396 293 1485 319 ttttas,
1509 294 1558 314 nec
1578 285 1721 321 direptioni
1736 285 1901 318 obnoxias;

251 333 298 366 qui
319 333 422 359 divitiis
445 331 550 366 ailluis,
571 334 728 366 prmelaratn
753 334 909 362 facultatum
933 340 1039 363 tuarum
1077 336 1351 364 administrationem.
1391 333 1463 362 Nihil
1489 333 1618 360 adversus
1639 332 1736 358 animae
1762 336 1814 358 tua:
1840 337 1901 358 sa—

251 377 334 404 lutem
348 378 467 412 captiose
478 379 694 411 comminiscere,
709 380 776 407 nihil
792 381 956 409 machinare.
974 381 1041 409 Nam
1062 382 1127 409 licet
1143 383 1204 410 aliis
1235 381 1327 409 fucum
1356 380 1496 411 faciamus,
1513 379 1590 406 nobis
1608 378 1715 412 quidem
1731 377 1796 411 ipsis
1813 384 1898 403 nun-

251 431 332 458 quam
359 424 515 459 poterimus.
539 425 578 452 Ac
609 426 732 460 profecto
759 427 890 454 adversus
917 428 1036 462 seipsum
1056 429 1159 460 ludere,
1178 428 1321 455 admodum
1337 425 1519 462 periculosum
1540 429 1566 452 et
1582 424 1708 452 stolidum
1730 427 1783 450 est;

289 469 360 496 XIX.
377 470 411 496 At
426 470 453 496 itt
470 471 558 497 media
581 471 718 498 hominum
737 472 887 506 frequentia
902 474 1020 501 versaris
1031 494 1040 507 ,

251 523 284 542 ac
302 515 468 549 publicarum
486 524 574 543 rerum
601 525 667 544 cura
692 523 720 545 et
743 519 978 546 administratione
1001 520 1042 546 itt-

251 561 391 595 quiuaris:
409 565 489 595 atque
506 561 606 588 ideirco
631 563 728 589 metuis
743 584 750 593 ,
776 570 809 590 ne
835 564 1020 591 misericordia
1032 584 1040 597 ,

251 614 331 641 quam
348 613 395 641 per
408 607 571 641 baptismum
583 614 746 636 consecutus
759 616 798 640 es,
812 610 958 644 depereat?
973 610 1041 638 Sitn-

252 653 313 687 plici
331 652 456 688 oratione
479 657 567 680 tecum
591 661 679 688 agant.
698 654 798 681 Forum
814 663 922 690 quoque
936 656 1039 691 ipsum,

251 699 273 725 si
290 698 348 726 tleri
362 704 460 733 potest,
478 707 539 726 cum
563 700 676 734 pulchro
691 701 820 728 comitatu
836 701 898 736 fuge
909 722 916 733 ,
932 702 1039 737 aquilae,

251 743 304 776 vu-l,
320 748 349 770 ut
372 745 456 780 magis
474 745 594 779 apposite
609 745 697 772 dicant
708 766 715 776 ,
732 746 864 774 coluntbrc
878 748 976 781 pennis
992 748 1040 776 tibi

251 790 301 824 ipsi
326 790 468 824 impositis.
495 790 585 824 (Quid
611 791 681 818 enim
701 792 748 818 tibi
770 800 830 819 cum
849 793 972 828 Caesare,
994 799 1041 821 aut

1127 474 1177 500 lB'.
1204 473 1274 499 Ἀλλ’
1290 474 1319 499 ὲν
1341 472 1417 507 μέσῳ
1441 470 1555 506 στρέφῃ,
1573 470 1620 496 καὶ
1642 468 1743 504 μολύνῃ
1767 469 1823 499 τοῖς
1837 468 1874 504 δη
1892 479 1898 481 ~

1093 520 1195 555 μοσίοις
1206 529 1212 535 ·
1229 520 1276 546 καὶ
1289 518 1385 550 δεινὴν,
1401 518 1427 544 af
1447 526 1487 543 σοι
1500 513 1737 550 δαπανηθήσεσθαι
1749 513 1781 540 το
1794 513 1894 548 φιλάν-

1091 565 1215 601 θρωπον;
1238 563 1356 595 ’Λπλοῦς
1371 563 1384 588 ὁ
1396 563 1474 596 λόγος
1485 569 1491 576 ”
1504 562 1534 588 Εἰ
1551 561 1601 596 μὲν
1621 557 1677 587 οἷόν
1692 568 1734 592 τε,
1748 559 1818 594 φύγε
1836 559 1893 586 καὶ

1090 611 1138 647 τὴν
1153 610 1257 646 ἀγορὰν
1279 609 1347 646 μετὰ
1370 609 1419 644 τῆς
1433 607 1517 643 καλῆς
1532 605 1664 639 συνοδίας,
1682 605 1824 640 πτέρυγας
1838 605 1891 630 ἀε-

1089 656 1136 683 τοῦ
1155 656 1261 691 σεαυτῷ
1282 655 1413 691 περιθεὶς,
1436 654 1452 690 ἢ
1477 653 1650 688 περιστερᾶς,
1671 652 1704 678 ἶν’
1720 651 1889 686 οἰκειότερον

1093 702 1163 729 εἴπω
1177 703 1218 737 (τὶ
1237 702 1290 737 γάρ
1307 709 1347 727 σοι
1367 700 1412 727 καὶ
1428 699 1558 734 Καίσαρι,
1576 697 1592 733 ἢ
1612 698 1669 729 τοῖς
1695 696 1884 732 Καίσαρος;).

1094 749 1167 780 Ἕως
1180 746 1210 776 οὗ
1223 747 1401 783 καταπαύσῃς
1414 746 1480 780 (52),
1491 743 1522 772 οὗ
1539 745 1576 780 μὴ
1595 744 1669 770 ἔστιν
1680 744 1813 778 ἁμαρτία,
1830 751 1885 778 μη-

1093 794 1120 820 δὲ
1149 793 1308 829 μελὰνωσις,
1332 792 1398 827 μηδὲ
1421 790 1524 817 δάκνων
1541 790 1602 824 ὄφις
1622 789 1664 824 ἐφ’
1681 788 1753 820 ὁδοῦ,
1771 787 1883 814 κωλύων

250 835 366 862 thsarls
383 836 500 871 rebus?)
516 838 602 871 Atque
626 837 662 863 ita
681 837 756 872 fuge,
778 843 805 864 ut
822 847 874 866 non
895 843 958 867 ante
974 847 1039 867 con-

1093 848 1138 866 σου
1158 839 1192 865 τὰ
1213 838 1284 866 κατᾶ
1299 838 1365 865 Θεὸν
1381 836 1547 872 διαῦἡματα.
1569 836 1710 870 Ἅρπασον
1735 834 1786 870 τὴν
1806 842 1884 860 σεαυ-

251 881 386 915 quiescas,
397 889 477 916 quant
490 890 522 909 eo
533 883 697 915 perveneris,
710 884 755 910 ubi
775 891 824 910 nec
836 890 974 919 peccatum
987 891 1039 916 est,

250 934 301 954 nec
314 927 470 959 ittt’ttscatio,
486 935 535 954 nec
548 935 661 963 serpens
677 929 701 955 itt
715 929 757 955 via
773 930 911 962 mordens,
930 931 1041 966 piosque

251 977 311 1000 tuos
326 980 434 1008 gressus
456 973 616 1008 impediens.
644 974 744 1008 Abripe
767 975 883 1001 animam
911 981 984 1002 tuam
1006 983 1040 1004 ex

251 1017 303 1044 ltoe
319 1019 432 1050 mundo;
449 1018 511 1053 fuge
528 1019 673 1046 Sodomaut
685 1028 692 1052 ;
706 1019 857 1047 incendium
875 1020 952 1055 fuge;
970 1022 1040 1048 irre-

252 1068 322 1091 torto
334 1064 412 1092 oculo
431 1065 544 1099 gradere
554 1085 562 1097 ,
578 1073 610 1091 ne
625 1065 650 1091 in
663 1065 728 1092 salis
740 1065 853 1099 lapidem
868 1074 1038 1094 concrescas.

252 1107 279 1134 lu
298 1112 415 1135 montem
431 1108 527 1135 salutis
547 1116 628 1135 causa
642 1113 667 1136 te
683 1109 786 1140 confer,
804 1117 837 1136 tte
859 1109 938 1136 simul
954 1109 1040 1137 corri-

251 1154 346 1187 piaris.
373 1153 449 1186 Quod
475 1154 497 1181 si
518 1154 574 1188 jam
597 1159 746 1188 occupatus
768 1162 813 1186 es,
831 1162 862 1181 ac
880 1155 1041 1183 necessariis

251 1199 366 1226 \inculis
388 1199 526 1232 astrictus,
543 1200 579 1226 ita
605 1204 692 1226 tecttat
716 1200 773 1233 ipse
789 1200 907 1234 disputa,
925 1201 968 1228 vel
991 1209 1040 1235 ego

251 1245 341 1279 potius
361 1249 447 1272 tecum
464 1245 615 1280 disputabo.
630 1245 744 1272 Praestat
758 1246 878 1280 quident,
895 1251 922 1272 et
937 1247 1037 1274 bonum

250 1290 395 1325 consequi,
412 1295 439 1317 et
455 1291 639 1326 purgationem
657 1291 725 1318 tueri
741 1299 773 1318 ac
791 1299 955 1320 conservare
971 1301 978 1319 :
994 1301 1040 1320 ve-

251 1344 310 1363 rum
332 1337 354 1364 si
375 1341 518 1372 utrumque
541 1346 593 1364 non
614 1338 703 1371 datur,
730 1338 794 1364 illud
817 1343 891 1365 certe
915 1343 1038 1372 pnestat,

251 1381 331 1418 705
353 1382 378 1408 in
405 1390 494 1409 rerum
521 1382 690 1416 publicarunt
711 1383 945 1410 administratione
971 1391 1039 1410 uou-

250 1429 317 1454 niltil
341 1429 474 1455 interdum
495 1429 614 1455 sordium
632 1429 811 1461 contraxisse,
831 1436 912 1463 quant
930 1429 1040 1456 omnino

251 1481 265 1499 ιι
280 1474 365 1508 gratia
387 1474 531 1501 excidere:
556 1474 782 1508 quemadmodum
798 1475 902 1502 scilicet
928 1483 942 1501 a
964 1481 1039 1508 patre

1091 885 1138 912 τοῦ
1154 885 1208 921 (33)
1222 885 1310 920 ψυχὴν
1333 884 1365 910 ἐκ
1383 883 1431 909 τοῦ
1447 883 1564 917 κόσμου·
1581 882 1650 916 φύγε
1667 881 1773 916 Σόδομα
1784 888 1791 895 ’
1814 880 1882 915 φύγε

1091 931 1136 957 τὸν
1160 930 1326 966 ὲμπρησμόν
1340 938 1346 944 “
1363 929 1473 956 ὃδευσον
1497 927 1714 962 ἀμεταστρεπτὶ,
1739 926 1777 961 μὴ
1793 927 1881 960 παγῇς

1090 976 1162 1007 λίθος
1173 976 1236 1007 ἁλός
1249 984 1255 990 ·
1279 976 1318 1006 εἰς
1335 975 1365 1000 τὸ
1384 975 1446 1010 ὅρος
1466 972 1562 1005 σώζου,
1579 973 1617 1008 μὴ
1634 967 1880 1006 συμπαραληφθῇς-

1090 1020 1123 1046 Εἰ
1147 1020 1175 1046 δὲ
1201 1019 1356 1055 προκατέχῃ
1384 1018 1451 1052 (5-4),
1479 1018 1525 1045 καὶ
1546 1017 1652 1044 δέδεσαι
1667 1016 1778 1050 δεσμοῖς
1799 1016 1882 1049 ἀναγ-

1091 1065 1188 1098 καίοις,
1204 1066 1292 1091 ἐκεῖνο
1309 1064 1413 1100 σεαυτῷ
1427 1063 1590 1099 διαλέχθητι,
1608 1062 1708 1098 μᾶλλον
1724 1062 1753 1088 δὲ
1779 1061 1821 1088 σοὶ
1837 1061 1882 1088 αὑ-

1090 1113 1135 1143 τὸς
1167 1110 1398 1146 διαλεχθήσομαι·
1417 1111 1550 1146 Κρεῖσσον
1583 1109 1630 1144 μὲν
1654 1109 1700 1134 καὶ
1721 1108 1813 1142 τυχεῖν
1830 1107 1881 1141 (35)

1089 1156 1137 1183 τοῦ
1157 1157 1269 1191 ἀγαθοῦ,
1290 1157 1336 1182 καὶ
1357 1156 1504 1190 φυλάσσειν
1520 1155 1568 1190 τὴν
1583 1154 1715 1189 κάθαρσιν
1725 1161 1732 1168 ο
1750 1154 1776 1179 εἰ
1789 1152 1818 1179 δὲ
1832 1153 1884 1188 ἀμ-

1090 1203 1191 1238 φότερα
1203 1202 1252 1238 μὲν
1267 1202 1414 1237 ἐνδέχεται,
1431 1201 1557 1236 κρεῖσσόν
1573 1208 1637 1226 ποτε
1654 1198 1741 1234 μικρὰ
1752 1198 1884 1233 μολυνθῆ-

1090 1257 1133 1276 ναι
1149 1250 1205 1280 τοῖς
1226 1250 1283 1280 σοῖς
1299 1247 1448 1283 δημοσίοις,
1467 1247 1483 1282 ἢ
1498 1247 1670 1273 παντάπασιν
1693 1246 1823 1271 ἐκπεσεῖν
1835 1244 1883 1279 τῆς

1090 1296 1220 1331 χάριτος·
1250 1295 1354 1330 ὥσπερ,
1379 1293 1467 1329 οἶμαι,
1493 1295 1619 1329 κρεῖσσον
1644 1291 1840 1327 ἐπιτιμηθῆναί
1858 1299 1884 1316 τι

1090 1341 1165 1376 παρᾶ
1176 1340 1279 1375 πατρὸς
1295 1340 1343 1366 καὶ
1353 1340 1493 1371 δεσπότου,
1507 1339 1524 1373 ἢ
1537 1338 1710 1373 ἀπωσθῆναι·
1725 1337 1772 1363 καὶ
1787 1336 1884 1371 μικρὸν

1091 1386 1269 1420 αὐγάζεσθαι,
1287 1386 1303 1421 ἢ
1321 1385 1459 1417 παντελῶς
1474 1383 1655 1415 σκοτίζεσθαι.
1672 1383 1823 1419 Σωφρόνων
1844 1382 1883 1413 δὲ,

1089 1432 1185 1467 ὥσπερ
1203 1431 1258 1459 τῶν
1272 1431 1382 1466 ἀγαθῶν
1402 1431 1436 1458 τὰ
1463 1430 1548 1466 μείζω
1567 1430 1612 1456 καὶ
1635 1427 1798 1463 τελεώτερα,
1814 1427 1886 1454 οὕτω

1091 1477 1138 1503 καὶ
1163 1476 1218 1510 (56)
1247 1476 1302 1502 τῶν
1326 1476 1419 1502 κακῶν
1447 1474 1581 1511 αἱρεῖσθαι
1606 1473 1641 1500 τὰ
1662 1473 1766 1500 ἐλάττω
1788 1481 1817 1499 τε
1839 1472 1885 1498 καὶ

250 1525 277 1547 et
294 1521 359 1547 hero
372 1520 532 1554 quandoque
548 1519 684 1555 obiurgari
698 1521 784 1547 satius
796 1527 848 1550 est.
863 1529 944 1555 quant
957 1523 1038 1548 domo

1092 1523 1252 1558 κουφότερα.
1267 1522 1316 1549 Διὰ
1329 1522 1406 1548 τοῦτο
1420 1522 1457 1557 μὴ
1471 1521 1531 1548 λίαν
1543 1519 1663 1555 φοϐηθῇς
1675 1514 1724 1554 τὴν
1738 1519 1882 1554 κάθαρσιν.

251 1566 310 1601 ejiei
325 1574 333 1593 :
351 1571 377 1592 et
392 1566 489 1600 exiguo
504 1565 646 1600 splendore
662 1566 816 1601 pcrstringi,
834 1574 916 1601 quam
930 1574 1039 1601 prorsus

251 1611 402 1638 obscurari.
420 1610 583 1638 Prudentutn
599 1618 681 1646 porro
694 1617 720 1639 ct
732 1613 904 1640 cordatorutn
919 1614 1038 1640 virorum

251 1662 309 1686 est.
331 1661 360 1683 ut
385 1657 411 1683 in
438 1657 514 1683 bonis
533 1657 642 1684 meliora
665 1663 693 1685 et
718 1658 908 1686 excelletttiora
924 1679 932 1690 ,
957 1660 992 1686 ita
1012 1660 1039 1687 in

252 1701 330 1728 malis
345 1702 448 1728 minora
465 1707 491 1728 et
507 1702 606 1729 leviora
619 1703 730 1738 eligere.
747 1705 879 1737 Quocirca
895 1713 928 1732 ne
946 1710 1038 1732 tauto-

251 1754 315 1781 pere
335 1748 520 1782 purgationem
536 1747 674 1776 formides.
690 1749 728 1776 Ea
745 1750 817 1777 enim
828 1771 835 1782 ,
852 1758 912 1785 quae
927 1757 1000 1778 recte
1012 1757 1040 1778 et

251 1802 312 1821 eum
332 1794 411 1821 laude
428 1795 546 1829 gerimus
557 1815 565 1827 ,
581 1802 596 1821 a
610 1795 682 1828 justo
698 1800 726 1824 et
746 1797 862 1832 benigno
882 1806 972 1825 reruut
991 1806 1039 1825 ιιο-

251 1841 368 1868 str‘arnm
383 1841 473 1874 judice
494 1849 599 1875 semper
614 1842 647 1868 ad
663 1843 722 1869 vita:
741 1848 839 1870 nostra:
855 1844 943 1871 studia
960 1849 1041 1879 atqtte

252 1887 385 1919 instituta,
400 1892 528 1922 tamquam
541 1889 574 1915 ad
586 1890 713 1916 amussim
722 1890 876 1924 quamdam,
888 1891 1040 1926 exiguntur.

251 1933 338 1967 Atque
351 1932 387 1959 ita
405 1934 562 1968 plerumque
579 1933 687 1965 accidit,
706 1939 735 1961 ut
755 1935 799 1968 qui
818 1935 843 1961 itt
859 1936 928 1962 civili
945 1936 998 1962 vita
1013 1941 1040 1963 et.

251 1979 278 2006 in
297 1979 384 2007 ittedio
402 1980 488 2014 posita
501 2001 508 2012 ,
525 1980 626 2014 aliqttid
652 1982 764 2008 honeste
780 1987 807 2009 et
823 1989 855 2008 ex
874 1982 973 2010 virtute
998 1983 1038 2010 fe-

250 2025 329 2057 cerit,
343 2025 369 2052 in
385 2026 486 2052 meliori
506 2033 586 2053 causa
603 2026 648 2059 sit,
665 2034 744 2061 quam
759 2027 804 2062 qui
820 2036 834 2054 a
849 2028 963 2061 publicis
978 2037 1039 2056 ntu-

251 2071 362 2098 neriltus
380 2071 508 2104 feriatus,
527 2072 615 2099 cilicio
634 2080 682 2099 suo
699 2081 751 2100 uott
767 2081 960 2108 usquequaque
978 2083 1038 2108 per—

251 2115 360 2144 functus
380 2118 459 2144 fuerit
474 2127 480 2145 :
496 2119 731 2152 quemadtttodunt,
750 2124 778 2145 ttt
795 2127 854 2146 mea
869 2119 922 2147 fert
934 2121 1034 2154 opinio,

1088 1568 1217 1603 Κρίνεται
1238 1568 1292 1603 γὰρ
1310 1568 1354 1594 ἀεὶ
1377 1567 1446 1602 μετὰ
1461 1567 1514 1592 τῶν
1528 1565 1753 1601 ἐπιτηδευμάτων
1777 1564 1806 1590 τὸ
1819 1571 1885 1590 κατ-

1088 1614 1261 1650 ορθούμενον,
1280 1613 1354 1649 παρὰ
1372 1613 1417 1640 τοῦ
1435 1613 1540 1640 δικαίου
1560 1613 1606 1639 καὶ
1623 1610 1818 1647 φιλανθρώπου
1831 1609 1885 1636 τῶν

1088 1660 1228 1696 ἡμετέρων
1245 1660 1350 1694 κριτοῦ.
1367 1659 1421 1686 Καὶ
1437 1659 1540 1694 μικρὸν
1562 1657 1737 1694 κατορθώσας
1753 1656 1884 1687 πολλάκις

1088 1707 1102 1732 ὁ
1119 1707 1146 1732 ἐν
1164 1705 1202 1741 τῷ
1220 1706 1304 1741 μέσῳ,
1322 1705 1403 1731 πλέον
1419 1705 1475 1740 (Ξῖ)
1496 1705 1558 1740 ἔσχε
1572 1704 1619 1730 τοῦ
1640 1705 1668 1730 ὲν
1690 1703 1832 1738 ἐλευθερία
1846 1701 1884 1737 μὴ

1088 1752 1119 1778 τὸ
1133 1753 1184 1778 πᾶν
1199 1751 1436 1787 κατορθώσαντος
1453 1751 1558 1786 ὥσπερ,
1569 1748 1655 1785 οἶμαι,
1670 1748 1884 1783 παραδοξότερον

1090 1800 1118 1825 ὲν
1129 1798 1224 1829 πέδαις
1238 1797 1324 1834 μικρὰ
1338 1797 1505 1833 προὸαίνειν,
1522 1797 1538 1831 ἢ
1551 1796 1657 1831 τρέχειν
1674 1795 1768 1830 μηδεν)⁵
1786 1793 1884 1829 βαρού-

1092 1853 1171 1879 μενον
1182 1854 1189 1861 ·
1211 1845 1257 1870 καὶ
1267 1843 1310 1870 διὰ
1323 1844 1453 1879 βορϐόρου
1471 1842 1556 1878 μικρὰ
1567 1841 1752 1878 ραντίζεσθαι,
1768 1840 1785 1876 ἦ
1797 1840 1883 1867 καθει-

1092 1888 1138 1924 ρὸν
1158 1887 1226 1914 εἶναι
1240 1888 1284 1914 διὰ
1297 1888 1422 1923 καθαρᾶς
1435 1888 1494 1914 ὁδοῦ
1509 1887 1668 1922 φερόμενον.
1683 1887 1839 1921 Τεκμήριον
1855 1885 1884 1912 δὲ

1090 1936 1138 1962 τοῦ
1160 1935 1249 1970 λόγου,
1265 1936 1313 1962 καὶ
1333 1935 1417 1962 Ῥαὰὸ
1432 1934 1480 1969 τὴν
1496 1934 1598 1968 πόρνην
1620 1932 1649 1958 ἓν
1669 1932 1812 1958 ἐδικαίωσε
1836 1931 1883 1966 μό-

1088 1991 1132 2009 νον
1153 1982 1217 2015 (38),
1241 1983 1257 2017 ἡ
1277 1980 1420 2016 φιλοξενία,
1439 1979 1523 2006 τᾶλλα
1536 1980 1586 2005 οὐκ
1606 1978 1822 2013 ἐπαινουμένην*
1837 1977 1883 2003 καὶ

1087 2028 1132 2054 τὸν
1157 2027 1276 2063 τελώνην
1300 2027 1329 2053 ἓν
1352 2027 1468 2062 ὕψωσεν,
1488 2027 1506 2062 ἡ
1529 2025 1704 2057 ταπείνωσις,
1721 2025 1798 2051 οὐδὲν
1820 2023 1883 2051 ἄλλο

1089 2074 1314 2110 μαρτυρηθέντα·
1348 2074 1391 2100 ἵνα
1421 2073 1452 2098 σὺ
1480 2072 1584 2108 μάθῃς,
1619 2070 1733 2098 σεαυτοῦ
1765 2070 1804 2106 μὴ
1832 2071 1882 2106 ῥα-

1086 2121 1150 2152 δίως
1163 2121 1218 2155 (59)
1233 2120 1444 2154 ἀπογινώσκειν.

250 2163 402 2191 mirabilius
417 2169 458 2191 est
473 2166 608 2192 hominem
621 2166 794 2200 compedibus
810 2166 927 2193 vinctum
945 2167 1066 2194 nonnihil
1082 2169 1218 2203 progredi,
1231 2175 1311 2202 quant
1335 2167 1408 2194 nullo
1437 2174 1519 2194 onere
1550 2166 1718 2200 impeditum,
1752 2171 1881 2192 currere:

251 2208 402 2235 mirabilius
419 2209 492 2241 item,
515 2217 587 2241 cum,
605 2210 651 2244 qui
671 2218 718 2243 per
738 2218 844 2237 caenum
863 2211 986 2244 incedat,
1019 2211 1113 2240 leviter
1144 2213 1266 2248 aspergi,
1284 2221 1364 2247 quant
1399 2220 1460 2239 euut
1473 2233 1480 2244 ,
1516 2213 1561 2246 qui
1577 2220 1643 2245 pura
1665 2212 1706 2238 via
1721 2211 1772 2238 iter
1787 2210 1881 2240 faciat.

251 2261 347 2290 purum
358 2255 392 2281 ab
402 2256 474 2281 omni
489 2255 592 2282 macula
604 2263 724 2284 manere.
744 2257 909 2290 Argutnettto
931 2263 971 2284 est
1000 2258 1074 2285 Raab
1094 2259 1220 2286 meretrix
1234 2279 1241 2291 ,
1262 2259 1316 2291 cui,
1335 2259 1433 2292 alioqui
1449 2266 1543 2292 paruttt
1562 2258 1691 2288 laudate,
1713 2257 1883 2292 hospitalitas

251 2300 308 2327 sola
341 2300 454 2334 justitia:
490 2301 594 2327 laudent
613 2301 718 2334 attulit;
748 2306 776 2328 et
793 2302 971 2336 publicanus,
995 2312 1074 2339 quem
1096 2313 1148 2332 una
1171 2310 1272 2332 tantum
1301 2305 1439 2332 humilitas
1462 2306 1576 2337 extulit,
1601 2305 1672 2331 nullo
1695 2305 1748 2331 alio
1777 2305 1884 2330 nomine

251 2348 484 2380 c0tmtteudatutu;
513 2352 540 2374 ut
563 2347 608 2373 tibi
630 2347 791 2374 documento
810 2348 860 2381 sit,
885 2357 917 2376 tte
937 2351 969 2377 de
994 2355 1036 2377 tua
1058 2351 1144 2378 salute
1162 2356 1262 2377 temere
1274 2350 1409 2384 desperes.

287 2393 347 2420 XX.
369 2394 484 2426 Verum,
502 2394 572 2420 dicet
587 2393 720 2427 quispiam
731 2413 739 2426 ,
756 2395 818 2429 quid
835 2396 899 2422 tttilti
915 2403 945 2422 ex
964 2403 996 2423 ea
1010 2404 1039 2423 re

1127 2398 1169 2422 K'.
1193 2396 1272 2422 Ἀλλὰ
1299 2395 1324 2422 τί
1348 2404 1393 2430 μοι
1417 2396 1508 2427 πλέον,
1534 2395 1614 2430 φησὶ,
1636 2395 1885 2430 προχατασχεθέντι

250 2440 414 2471 accesserit,
434 2440 455 2467 si
474 2447 521 2474 per
544 2439 705 2473 baptismum
720 2446 921 2475 prmoccnpatus
943 2442 1031 2474 fuero,

251 2489 333 2520 atque
345 2492 440 2512 omnes
456 2485 516 2512 vitae
531 2486 678 2512 suavitates
694 2485 758 2511 tttilti
773 2485 823 2520 ipsi
840 2487 874 2512 ob
886 2486 1041 2521 ltujusmodi

251 2533 417 2560 celeritatem
442 2533 626 2567 prmclusero,
645 2539 706 2559 cunt
729 2532 910 2566 voluptatibus
931 2533 1039 2561 interitu

251 2578 390 2614 indulgere
411 2578 487 2605 liccat
499 2599 506 2609 ,
520 2583 601 2612 atque
613 2578 648 2605 ita
664 2574 771 2605 dcttttttn
785 2579 899 2614 gratiam
916 2579 1040 2614 assequi?

286 2646 344 2684 (52)
352 2648 563 2681 Καταπαύσῃς.
574 2647 631 2676 Duo
645 2649 739 2684 chg.,
748 2648 945 2681 καταπαύσεις.
958 2649 1041 2678 Coisl.

252 2682 266 2710 1
280 2687 307 2710 et
321 2682 387 2713 Jes.,
404 2684 569 2717 καταλύςῃς.

301 2718 345 2752 55)
362 2719 505 2745 Emeruit.
523 2719 550 2745 ltt
565 2719 712 2749 nonnullis,
725 2719 832 2746 ἑαυτοῦ.

300 2753 344 2790 ξιξ)
361 2753 544 2790 "pexae-exn.
567 2754 615 2781 Or.
635 2754 660 2785 1,
672 2755 860 2790 προκατέχεις.

285 2784 342 2824 (55)
359 2784 415 2824 Kal
431 2784 544 2822 ruzéi}.
562 2790 607 2816 Sic
622 2784 760 2824 seilicgg.
774 2784 867 2817 ei‘trcs
878 2789 953 2818 Colb.
966 2790 1047 2818 Deest

251 2823 300 2850 καί
317 2824 343 2850 iu
359 2823 402 2850 ed.

292 2859 345 2893 (56)
371 2858 454 2885 Οὕτω
477 2859 536 2886 καί.
562 2859 606 2887 Sic
631 2860 698 2895 Reg.
727 2860 760 2894 plt
787 2865 813 2888 ct
841 2860 934 2888 Comb.
967 2861 1046 2889 Deest

1090 2441 1134 2468 διὰ
1146 2441 1192 2468 τοῦ
1209 2442 1405 2477 βαπτίσματος,
1422 2442 1509 2469 καὶτὸ
1524 2442 1640 2478 τερπνὸν
1652 2441 1698 2467 τοῦ
1712 2441 1761 2476 ζῇν
1773 2442 1884 2477 ἐμαυτῷ

1089 2488 1134 2515 διὰ
1151 2489 1196 2514 τοῦ
1212 2489 1308 2522 τάχους
1324 2488 1526 2519 ἀποκλείσαντι,
1545 2487 1604 2514 ἐνὸν
1627 2488 1730 2521 ἐφεῖναι
1746 2489 1805 2518 ταῖς
1821 2487 1885 2522 ἡδο-

1091 2535 1163 2565 ναῖς,
1180 2533 1228 2559 καὶ
1247 2533 1397 2568 τηνικαῦτα
1423 2534 1514 2568 τυχεῖν
1535 2533 1584 2568 τῆς
1602 2532 1727 2567 χάριτος;
1747 2531 1815 2558 Οὐδὲ
1832 2533 1884 2568 γὰρ

1090 2581 1147 2611 τοῖς
1177 2580 1206 2606 ἐν
1231 2579 1270 2615 τῷ
1294 2579 1435 2615 ἀμπελῶνι
1466 2579 1688 2614 προκεκμηκόσιν
1719 2578 1825 2615 ὑπῆρξέ
1858 2587 1885 2604 τι

1098 2649 1143 2676 καί
1156 2650 1181 2675 Ῐιι
1193 2651 1235 2676 ed.

1132 2686 1187 2718 (ξιτ)
1209 2684 1315 2712 lI.iém-.
1328 2685 1449 2717 Quatuor
1475 2683 1571 2717 Regg.,
1587 2684 1687 2710 πλεῖον.

1132 2721 1188 2755 (38)
1213 2722 1268 2747 Ἓν
1295 2720 1452 2746 ἐδικαίωσε
1478 2720 1584 2755 μόνον.
1610 2728 1620 2755 ι
1644 2719 1730 2746 Unqu
1756 2719 1854 2746 solum.
1873 2728 1881 2744 ι

1096 2763 1204 2790 nempe,
1224 2766 1233 2780 ι
1255 2756 1434 2789 hospitalitas.
1456 2764 1466 2781 ι
1487 2754 1532 2781 Sie
1548 2761 1601 2781 tres
1616 2754 1697 2788 liegg.
1713 2759 1740 2780 et
1757 2755 1883 2780 llcdt'ciut

1095 2791 1171 2818 Colb.
1187 2791 1214 2817 In
1230 2792 1285 2822 ed.,
1307 2790 1479 2816 ἐνεδικαίωσε
1495 2790 1584 2824 μόνον.

1123 2827 1187 2868 ,(59)
1207 2825 1256 2861 Μὴ
1281 2825 1400 2860 ῥᾳδίως.
1416 2825 1462 2854 Sic
1489 2823 1544 2854 tres
1565 2825 1646 2860 licgg.
1662 2824 1688 2852 In
1713 2824 1769 2856 cd.,
1785 2823 1883 2860 ῥᾳδίως

1098 2870 1144 2896 μηο
