2013 3134
115 158 170 187 3⁸83

580 159 711 187 ORATIO
731 159 788 187 XL.
809 176 843 180 —
863 159 897 186 IN
919 159 1083 188 SANCTUM
1104 159 1286 188 BAPTISMA.

1694 164 1748 194 536

117 218 209 247 πλέον,
226 216 286 243 ῐσου
299 215 346 242 τοῦ
361 215 457 251 μισθοῦ
472 215 593 249 δοθέντος
605 218 652 245 καὶ
666 219 722 249 τοῖς
736 217 906 249 τελευταίοις.

965 217 1056 252 Neque
1064 219 1145 249 enim,
1157 219 1203 253 qui
1215 218 1318 253 priores
1329 218 1354 246 in
1364 219 1442 247 vinea
1450 219 1633 255 laborarunt“,
1642 224 1747 253 meliori

122 260 296 297 Ἀπήλλαξας
305 262 379 296 ἡμᾶς
392 262 572 296 πραγμάτων,
586 262 660 294 ὅστις
673 263 737 290 ποτὲ
750 261 785 293 εἶ,
799 265 812 290 ὁ
823 263 910 289 ταῦτα

115 307 215 341 λέγων,
232 307 314 342 μόγις
337 307 387 342 τῆς
405 307 538 342 ἀναϐολῆς
555 307 671 341 ἐξειπὼν
687 309 717 335 τὸ
737 309 908 344 ἀπόρρητον·

115 353 164 381 aut
181 362 210 380 εε
222 353 273 388 τῆς
290 353 457 389 κακουργίας
472 353 528 387 (-10)
538 354 587 380 οὐκ
600 354 730 386 ⁴ἐπαινῶν,
745 354 848 381 ἐπαινῶ
861 355 911 390 τῆς

116 399 332 434 ἐξαγορεύει-ειυς.
358 398 438 425 Ἀλλὰ
458 398 548 434 δεῦρο,
566 400 613 426 καὶ
624 400 674 434 τὴν
691 400 850 436 παραϐολὴν
866 401 911 436 ἐρ-

119 445 281 480 μηνεύθητι,
294 445 332 476 ὡς
346 445 378 471 ἂν
397 445 433 480 μὴ
449 445 554 481 βλάπτῃ
571 446 626 481 (41)
643 448 698 478 τοῖς
709 447 910 481 γεγραμμένοις

116 490 146 522 ἑξ
168 490 308 526 ἀπειρίας.
327 490 437 526 Πρῶτον
456 490 516 525 μὲν,
532 491 562 517 οὐ
580 491 704 526 περὶτοῦ
724 491 910 527 βαπτίσματος

116 536 237 563 ἐνταῦθα
250 537 264 562 ό
281 536 369 570 λόγος,
381 535 449 562 ἀλλὰ
467 537 530 572 περὶ
545 537 600 563 τῶν
613 537 683 564 κατὰ
693 537 836 573 διαφόρους
851 547 911 565 και-

116 582 181 617 ροὺς
203 581 396 612 πιστευόντων,
411 581 458 607 καὶ
474 582 514 613 εἰς
531 581 576 608 τὸν
591 582 673 608 καλὴν
689 582 837 617 ἀμπελῶνα
852 583 909 608 εἰσ-

116 627 284 662 ερχομένων,
295 627 344 662 τὴν
361 627 533 662 Ἐκκλησίαν.
556 629 614 662 Ἀφ’
629 626 662 663 ἧς
680 628 733 664 γὰρ
748 628 852 664 ἡμέρας
863 629 910 655 καὶ

115 673 190 709 ὧρας
204 673 364 700 ἐπίστευσεν
378 674 502 705 ἕκαστος,
516 674 562 700 ἀπ’
575 674 683 709 ἐκείνης
696 675 742 700 καὶ
757 674 813 709 (42)
829 675 910 701 ἁπαι-

114 720 203 745 τεῖται
222 718 270 753 τὴν
286 718 427 754 ἐργασίαν.
442 718 568 750 Ἔπειτα,
589 720 612 745 εἰ
634 720 680 746 καὶ
699 720 737 754 τῷ
759 719 849 754 μέτρῳ
861 719 908 746 τοῦ

117 765 217 799 μόχθου
248 764 316 799 (45),
349 765 441 791 πλεῖον
472 765 633 800 εἰσήνεγκαν
665 766 690 792 οἱ
722 766 908 801 προεισελϐόν-

113 819 162 842 τες
176 809 241 845 (Η),
262 810 319 837 ἀλλ’
332 811 391 846 οὐχὶ
410 811 458 837 καὶ
471 810 510 846 τῷ
530 811 620 846 μέτρῳ
636 811 685 845 τῆς
705 811 906 846 προαιρέσεως·

115 856 165 882 καὶ
186 856 270 890 τυχὸν
295 858 352 887 τοῖς
377 856 552 887 τελευταίοις,
574 857 606 882 ὲκ
627 855 728 891 ταύτης
753 858 799 883 καὶ
818 857 908 883 πλεῖον

114 902 259 936 dapsile-to,
289 903 314 928 εἰ
342 902 387 928 καὶ
411 902 561 938 παράδοξός
578 910 636 933 πως
655 903 670 928 ὁ
684 902 770 936 λόγος,
788 903 840 929 Τοῦ
859 903 908 938 μὲν

114 949 172 984 γὰρ
183 949 298 984 ὕστερον
316 947 455 978 εἰσελθεῖν,
466 947 495 974 τὸ
508 948 555 974 καὶ
568 946 681 982 ὕστερον
698 948 828 983 κληθῆναι
841 948 907 983 πρὸς

113 997 166 1035 τὴν
180 995 386 1031 ἀμπελουργίαν
401 996 485 1021 αἴτιον
496 1003 502 1009 ·
529 994 583 1020 τῶν
600 995 686 1020 ἄλλων
714 995 742 1021 δὲ
765 995 795 1022 τὸ
816 995 909 1030 διάφο-

115 1051 163 1078 ρον
180 1042 236 1077 (55)
257 1041 319 1067 ὅσον
347 1039 574 1074 ἐπισκεψώμεθα’
596 1040 627 1066 Οἱ
655 1040 703 1075 μὲν
729 1040 759 1067 οὐ
778 1041 908 1076 πρότερον

113 1087 292 1118 ἐπίστευσαν,
321 1086 381 1113 οὐδὲ
412 1085 544 1120 εἰσῆλθον,
567 1085 668 1120 πρὶνῆ
697 1086 908 1122 συμφωνηοῆναι

112 1133 208 1164 αὐτοῖς
219 1132 265 1158 τὸν
280 1131 391 1167 μισθόν
406 1131 430 1158 οἱ
441 1131 469 1157 δὲ
481 1130 637 1165 ἀσύμφωνοι
652 1132 684 1164 τῆ
697 1130 811 1167 ἐργασίᾳ
828 1140 910 1163 προσ..

112 1178 208 1214 ἦλθον,
230 1178 244 1204 ὃ
272 1177 394 1213 μείζονάς
416 1177 474 1203 ἐστι
498 1176 641 1212 γνώρισμα
660 1177 787 1208 πίστεως.
811 1178 864 1205 Καὶ
883 1178 907 1204 οἱ

115 1224 166 1258 μὲν
182 1223 327 1258 φθονεραῖς.
344 1222 389 1248 καὶ
405 1222 588 1257 γογγυστικῆς
607 1222 756 1258 εὑρέθησαν
771 1223 845 1254 ὅντες
859 1223 909 1257 φύ-

113 1277 184 1299 σεως
200 1268 256 1303 (46)
266 1276 273 1283 ⁸
286 1268 311 1294 οξ
323 1267 351 1293 δὲ
361 1267 435 1294 οὐδὲν
449 1266 624 1301 ὲγκαλοῦνται
641 1267 769 1294 τοιοῦτον.
785 1269 841 1294 Καὶ
852 1270 908 1300 τοῖς

115 1315 164 1350 μὲν
191 1313 289 1349 μισθὸς
313 1311 346 1349 ἦν
371 1313 400 1340 τὸ
415 1313 562 1348 διδόμενον,
583 1312 684 1348 καίπερ
697 1311 755 1339 οὖσι
770 1314 906 1348 πονηροῖς,

112 1362 170 1392 τοῖς
186 1360 216 1386 δὲ
234 1361 251 1395 ἡ
266 1359 347 1395 χάρις
367 1359 421 1395 (47)
433 1368 439 1374 ·
456 1359 526 1386 ὥστε
544 1359 590 1386 καὶ
611 1360 703 1386 ἄνοιαν
720 1359 907 1394 ἐγκληθέντες,

114 1407 228 1438 εἰκότως
242 1406 290 1432 τοῦ
309 1406 430 1436 πλείονος
444 1405 641 1441 ἐστερήθησαν,
658 1405 691 1431 Τί
703 1405 725 1431 δ’
741 1405 774 1431 ἂν
789 1405 836 1431 καὶ
852 1404 908 1440 (48)

114 1453 207 1484 αὐτοῖς
216 1452 367 1487 ὀψισθεῖσιν
379 1451 496 1486 ἐγένετο,
507 1451 710 1486 καταμάθωμεν
720 1459 726 1466 ·
743 1449 772 1477 τὸ
789 1451 844 1477 ἴσον
861 1449 907 1476 τοῦ

116 1498 214 1533 pta-006
231 1498 365 1532 δηλονότι.
386 1497 447 1529 Πῶς
467 1495 512 1523 οὖν
534 1497 674 1524 αἰτιῶνται
692 1495 737 1522 τὸν
752 1495 906 1531 ὲργοδότην,

114 1545 151 1576 ὡς
167 1544 212 1571 διὰ
223 1544 254 1570 τὸ
268 1544 317 1580 τῆς
333 1544 452 1578 ἰσότητος
467 1543 574 1575 ἄνιτον;
591 1541 683 1568 Ταῦτα
696 1542 783 1568 πάντα
797 1541 845 1577 τὴν
861 1540 907 1568 τοῦ

963 265 1062 292 idcirco
1083 265 1387 302 conditionefuerunt,
1412 273 1488 300 requa
1506 275 1600 302 nempe
1622 273 1747 298 mercede

961 309 1103 343 postremis
1123 318 1230 344 quoque
1254 310 1401 345 persoluta.
1419 310 1530 346 Negotio
1546 320 1588 340 me
1607 313 1746 350 liberasti,

960 356 1082 389 quisquis
1100 355 1204 381 tandem
1220 363 1249 382 es
1261 375 1268 388 ,
1282 356 1328 391 qui
1350 356 1412 383 talia
1429 357 1543 390 profers,
1557 359 1618 385 dum
1634 367 1746 393 procra-

960 399 1110 426 stinationis
1134 399 1210 426 istius
1228 408 1356 427 arcanum
1379 409 1450 436 aegre
1466 402 1572 429 tandem
1602 405 1744 432 extulisti:

960 450 986 471 et
1001 445 1122 479 quamvis
1137 445 1241 472 consilii
1259 446 1297 472 tui
1317 446 1519 480 perversitatem
1539 449 1698 483 improbem,
1713 459 1746 478 eo

961 496 1049 517 tamen
1063 493 1170 518 nomine
1184 497 1209 518 te
1224 492 1300 518 laudo
1311 512 1318 524 ,
1331 494 1401 527 quod
1418 501 1477 521 eam
1491 501 1583 529 aperte
1600 497 1743 525 coul'esSns

960 543 999 562 es.
1017 535 1114 563 Verum
1128 537 1255 564 adesdum
1267 557 1274 569 ,
1297 544 1323 564 et
1339 539 1472 572 parabolae
1489 541 1682 575 expositionem
1698 551 1747 570 ac-

960 582 1035 614 cipe,
1059 590 1092 608 ne
1114 591 1145 610 ex
1165 583 1215 609 hoe
1231 583 1377 618 Scriptura:
1394 585 1453 612 loco
1476 593 1524 620 per
1539 587 1701 621 imperitiam
1718 590 1745 617 in

960 627 1080 655 fraudem
1102 629 1213 656 incidas.
1229 629 1348 656 Primum
1364 629 1408 657 hic
1421 631 1453 657 de
1468 631 1603 665 baptismo
1621 642 1672 661 non
1689 636 1745 670 agi.

960 677 1014 705 tur,
1034 674 1080 700 sed
1101 675 1134 700 de
1156 675 1215 706 liis,
1239 675 1282 708 qui
1305 675 1365 703 aliis
1389 681 1469 710 atque
1493 677 1552 705 aliis
1579 681 1745 713 temporibus

959 718 1038 745 fidem
1054 720 1262 753 amplectuntur,
1279 725 1359 755 atque
1375 721 1399 747 in
1413 722 1552 756 pulchram
1567 717 1682 756 vineam,
1694 726 1745 754 hoc

961 770 1015 797 est,
1030 765 1188 797 Ecclesiam,
1205 767 1400 801 ingrediuntur.
1417 767 1482 794 Nam
1497 776 1530 796 ex
1544 777 1595 803 qua
1612 770 1654 797 die
1664 776 1745 804 atque

958 810 1024 838 hora
1039 811 1071 838 ad
1090 811 1169 838 fidem
1187 813 1300 847 quisque
1322 814 1437 840 arcessit
1450 833 1457 846 ,
1476 814 1509 841 ab
1525 816 1618 843 eadem
1639 825 1745 852 quoque

959 853 1010 881 hoe
1034 854 1068 882 ab
1088 862 1120 882 eo
1145 856 1273 890 exigitur,
1299 862 1329 884 ut
1358 858 1430 892 operi
1459 866 1566 886 manum
1593 861 1743 890 admoveat.

923 890 944 917 Β
959 900 1075 933 Deinde,
1097 902 1201 928 tametsi
1222 907 1351 936 quantum
1367 890 1400 930 ad
1416 904 1517 932 laboris
1535 908 1642 934 modum
1656 929 1663 942 ,
1683 909 1743 944 plus

960 946 1042 981 706
1063 947 1243 978 contulerint.
1269 948 1314 983 qui
1338 949 1442 983 priores
1462 951 1577 985 ingressi
1597 959 1675 987 sunt,
1691 963 1743 982 non

961 997 1061 1024 tamen,
1075 998 1204 1028 quantum
1220 994 1252 1020 ad
1267 994 1344 1022 bona:
1361 995 1507 1025 voluntatis
1524 1006 1688 1028 mensuram.
1704 1001 1742 1028 Ea

960 1039 1040 1065 etiam
1057 1039 1177 1073 ratione,
1202 1042 1344 1075 postremis
1368 1041 1482 1070 fortasse
1502 1044 1615 1079 amplior
1640 1054 1744 1074 merces

960 1083 1118 1116 debebatur,
1134 1085 1185 1112 etsi
1209 1086 1407 1119 quodammodo
1421 1087 1565 1116 absurdum
1582 1090 1664 1117 videri
1682 1099 1744 1125 pos-

960 1129 1004 1162 sit,
1018 1131 1088 1164 quod
1106 1131 1176 1158 dico.
1191 1131 1256 1158 Nam
1271 1132 1341 1166 quod
1361 1134 1494 1168 posterius
1506 1135 1619 1169 ingressi
1632 1125 1702 1170 sint;
1710 1145 1743 1165 ea

959 1184 1041 1204 causa
1054 1177 1113 1209 fuit,
1130 1178 1191 1211 quia
1207 1179 1370 1213 posteriores
1388 1180 1420 1206 ad
1438 1181 1498 1208 vitis
1513 1182 1668 1210 excolenda:
1679 1191 1744 1218 ope-

960 1230 1016 1249 ram
1034 1224 1118 1250 vocati
1143 1229 1214 1251 sunt.
1235 1224 1262 1251 ln
1288 1226 1392 1253 cmteris
1413 1231 1502 1254 autem
1519 1228 1599 1255 rebus
1615 1234 1742 1263 quantum

959 1268 1027 1296 alios
1040 1269 1254 1302 antecelluerint,
1267 1271 1413 1298 videamus.
1429 1271 1466 1298 llli
1481 1272 1588 1306 quidem
1602 1281 1653 1300 non
1666 1275 1742 1308 prius

959 1315 1130 1342 crediderunt
1141 1335 1149 1345 .
1167 1323 1215 1343 nec
1239 1316 1351 1351 ingressi
1367 1322 1438 1350 sunt,
1454 1325 1535 1352 quam
1556 1319 1620 1353 ipsis
1632 1327 1664 1347 ex
1679 1327 1744 1347 con-

959 1367 1039 1388 ventu
1066 1368 1170 1389 merces
1194 1363 1339 1389 constituta
1363 1363 1482 1390 fuisset:
1505 1364 1532 1391 hi
1555 1369 1643 1392 autem
1669 1365 1742 1393 nulla

959 1407 1082 1434 condicta
1107 1408 1233 1435 mercede
1257 1408 1290 1435 ad
1313 1408 1431 1436 laborem
1460 1415 1651 1444 accesserunt,
1672 1413 1742 1447 quod

959 1452 1066 1487 quidem
1092 1452 1201 1486 majoris
1228 1453 1288 1480 ﬁdei
1309 1459 1496 1488 argumentum
1516 1460 1566 1483 est.
1592 1455 1743 1492 Praeterea,

959 1498 995 1524 illi
1014 1498 1125 1530 invidaa.
1148 1503 1175 1526 et
1196 1499 1228 1526 ad
1250 1501 1470 1527 murmurandum
1493 1501 1620 1536 proclivis
1637 1507 1742 1530 natura:

959 1549 1018 1569 esse
1039 1543 1139 1570 inventi
1163 1549 1225 1570 sunt
1246 1552 1252 1571 :
1278 1544 1322 1570 his
1347 1544 1412 1572 nihil
1435 1545 1487 1572 tale
1509 1546 1646 1581 objicitur.
1674 1547 1743 1575 Tum

116 1589 227 1626 ἱδρῶτος
238 1590 347 1624 ὑφαιρεί
364 1589 417 1623 (49)
434 1589 512 1624 χάριν
529 1589 584 1620 τοῖς
602 1587 729 1623 πρώτοις,
743 1587 789 1613 καὶ
803 1588 826 1612 εἰ
838 1595 906 1621 προ-

958 1588 1054 1620 etiam,
1073 1588 1125 1615 illis
1147 1596 1250 1616 merces
1262 1593 1320 1615 erat
1333 1589 1403 1623 quod
1427 1580 1557 1621 dabatur,
1573 1591 1678 1618 etiamsi
1694 1591 1744 1618 int-

115 1635 297 1671 κεκμήκασιν.
317 1634 361 1667 Ἐξ
376 1632 413 1662 ὧν
428 1635 569 1670 ωμόαίνει
581 1634 628 1661 καὶ
645 1634 699 1669 (50)
716 1634 822 1660 δικαίαν
837 1631 906 1661 εἶναι

960 1633 1066 1667 probris
1078 1637 1104 1660 et
1119 1633 1242 1668 malignis
1255 1643 1261 1660 :
1277 1635 1317 1661 his
1330 1635 1428 1669 gratia.
1443 1634 1622 1668 Quamobrem
1637 1636 1742 1664 stolidi-

115 1681 162 1716 τὴν
179 1681 227 1707 τοῦ
246 1682 303 1708 ῐσου
319 1680 457 1716 διανομὴν,
470 1679 718 1716 ἀντιμετρουμένης
735 1679 790 1715 (Si)
804 1679 842 1715 τῷ
857 1680 906 1706 πό-

960 1679 1021 1705 tatis
1036 1680 1116 1705 etiam
1140 1683 1167 1705 et
1186 1680 1310 1706 amentia:
1323 1680 1457 1711 damnati,
1473 1681 1594 1715 ampliori
1620 1683 1744 1709 mercede

115 1735 152 1762 νῳ
163 1727 215 1762 τῆς
230 1726 426 1763 προαιρέσεως.

958 1723 1054 1751 merito
1077 1724 1172 1758 privati
1194 1729 1266 1752 sunt.
1287 1724 1355 1758 Quid
1376 1729 1465 1751 autem
1488 1726 1572 1753 et.iis
1595 1727 1640 1761 qni
1668 1727 1744 1754 tarde

117 1777 246 1800 venerant
269 1773 369 1800 factum
385 1773 430 1804 sit,
467 1773 677 1800 consideremus.
693 1772 772 1800 Certe
788 1772 917 1806 :eqnalem
937 1772 986 1806 ipsi
1011 1772 1161 1798 mercedem
1182 1776 1354 1806 acceperunt.
1388 1772 1446 1805 Qna
1467 1772 1548 1807 igitur
1571 1773 1658 1801 fronte
1679 1781 1743 1807 ope-

117 1827 208 1846 rarum
234 1820 426 1847 conductorem
453 1820 642 1850 criminantur,
669 1819 744 1846 velut
770 1820 795 1846 in
822 1824 906 1853 aequa:
941 1819 1072 1845 mercedis
1103 1818 1284 1852 persolutione
1297 1819 1329 1845 ab
1340 1819 1464 1852 arquitate
1479 1819 1666 1846 recedentem?
1682 1819 1744 1846 Haec

115 1866 204 1893 omnia
223 1866 332 1893 sudoris
355 1866 468 1900 gratiam
489 1866 582 1900 primis
606 1866 786 1896 subtrahunt.
810 1865 916 1892 etiamsi
935 1865 1039 1899 priores
1073 1864 1165 1892 labore
1205 1864 1307 1899 fatigati
1334 1865 1397 1891 sint.
1413 1864 1452 1891 Ex
1466 1872 1551 1899 eoque
1568 1865 1692 1896 ellicitur,
1715 1870 1744 1892 nt

115 1912 210 1947 aequali
237 1912 302 1939 huic
336 1912 467 1940 mercedis
498 1911 678 1940 distributioni
713 1913 826 1947 aequitas
852 1920 901 1939 sua
922 1916 1037 1944 constet,

115 1963 238 1992 pettsala.

149 2005 213 2030 KA’.
234 2004 266 2030 Εἰ
290 2004 318 2030 δὲ
334 2003 382 2030 καὶ
397 2003 447 2039 τὴν
463 2003 509 2030 τοῦ
525 2003 637 2040 λουτροῦ
656 2003 768 2039 δύναμιν
784 2004 800 2039 ἡ
816 2012 905 2038 παρα-

115 2046 178 2083 ϐολὴ
195 2048 359 2082 σκιογραφεῖ
374 2047 441 2081 (52),
466 2047 536 2074 κατὰ
560 2048 607 2083 τὴν
635 2048 684 2083 σὴν
708 2047 854 2083 ἐξήγησιν·
879 2050 905 2075 τί

115 2093 246 2120 κωλύσειε
268 2093 324 2128 (55)
346 2094 393 2120 καὶ
417 2094 633 2128 προεισελοόντα,
656 2094 701 2121 καὶ
719 2094 903 2121 καυσωοέντα-

117 2139 150 2174 μὴ
169 2139 327 2173 βασκαίνειν
347 2141 401 2171 τοῖς
420 2140 592 2172 τελευταίοις,
614 2140 648 2167 ἵν’
662 2140 736 2175 αὑτῷ
752 2140 837 2175 τούτῳ
850 2140 905 2175 (5i)

117 2184 191 2211 πλέον
211 2185 279 2221 ἔχῃς
295 2185 333 2220 τῷ
352 2185 543 2221 φιλανθρώπῳ,
557 2186 603 2212 καὶ
619 2186 707 2222 χρέος,
723 2185 790 2212 ἀλλὰ
805 2186 841 2221 μὴ
856 2186 903 2220 χά-

1074 1912 1200 1938 nimirum
1231 1911 1312 1938 animi
1328 1911 1464 1939 voluntate
1484 1920 1545 1940 cum
1558 1911 1650 1940 labore
1668 1919 1742 1938 com-

993 2001 1064 2029 ΧΧΙ.
1086 2000 1137 2028 Sed
1150 2000 1258 2032 demus,
1275 1999 1373 2027 lavacri
1394 2007 1502 2035 quoque
1517 2000 1570 2027 vim
1589 2004 1615 2026 et
1630 1999 1741 2028 faculta—

960 2053 1024 2079 tem,
1042 2047 1116 2080 juxta
1139 2047 1208 2073 hane
1228 2045 1420 2080 expositionem
1438 2051 1508 2072 tuam
1529 2046 1654 2080 parabola
1670 2047 1742 2073 desi-

959 2093 1052 2129 gnari;
1069 2092 1131 2127 quid
1149 2091 1288 2126 prohibet,
1301 2091 1444 2126 quominus
1459 2091 1516 2125 ipse
1528 2111 1536 2124 ,
1557 2096 1584 2118 et
1609 2091 1682 2126 prior
1699 2091 1741 2118 in-

960 2147 1087 2174 gressus,
1105 2142 1131 2164 ct
1153 2137 1205 2164 dici
1225 2142 1318 2164 :esmm
1337 2143 1498 2170 perpessus,
1520 2137 1662 2171 postremis
1687 2143 1739 2163 non

959 2185 1089 2216 invideas,
1104 2188 1134 2210 ut
1150 2183 1317 2210 humanitate
1329 2190 1434 2217 quoque
1449 2183 1503 2217 ipsa
1518 2188 1544 2210 et
1560 2183 1639 2210 animi
1654 2183 1739 2210 facili-

116 2237 154 2264 ριν
174 2230 270 2257 λαϐεῖν
286 2231 334 2265 τὴν
359 2231 510 2259 ἁντὶὂοσινε
527 2231 641 2258 Ἔπειτα
660 2231 828 2263 εἰσελθόντας
847 2232 905 2257 ἐκεῖ

957 2235 1012 2258 tate
1023 2238 1054 2258 ac
1071 2229 1235 2264 benignitate
1248 2228 1368 2264 superior
1381 2229 1429 2262 sis,
1448 2235 1530 2264 atque
1544 2229 1740 2256 remuneratio-

147 2290 157 2305 ⁵
176 2289 276 2317 Matth.
290 2297 336 2321 xx,
350 2290 363 2316 1
379 2298 440 2325 sqq.

148 2348 204 2381 (ίο)
219 2347 279 2381 Τῆς
306 2347 495 2382 κακουργίας.
515 2347 559 2374 Sic
582 2347 673 2381 plures
695 2347 778 2382 Regg.
795 2352 822 2375 et
835 2347 900 2375 dno-

116 2383 198 2418 decim
214 2383 292 2418 Colbr.
309 2383 386 2410 Deest
400 2384 448 2418 τῆς
464 2383 489 2408 in
504 2383 546 2418 ed,

149 2417 202 2451 (M)
223 2417 360 2452 Βλάπτῃ.
383 2415 446 2452 Reg.
467 2418 513 2451 ph,
527 2416 606 2444 Coisl.
635 2417 660 2448 l,
679 2415 724 2443 0r.
751 2417 775 2449 1,
793 2417 898 2449 Comli.,

117 2452 252 2486 βλάπτοιο.
273 2462 282 2478 ς
301 2453 338 2480 l\'e
353 2453 415 2487 quid
431 2453 521 2479 damni
539 2459 586 2485 per
600 2452 762 2486 imperitiam
779 2460 811 2479 ex
827 2452 900 2479 litte-

117 2495 143 2513 ra
152 2488 280 2522 accipias.
293 2497 302 2513 ›

149 2520 217 2558 (42)
228 2523 295 2549 Kal.
312 2523 390 2558 Deest
405 2522 430 2549 in
448 2521 551 2558 duobus
568 2521 651 2556 Regg.
667 2525 694 2548 et
707 2520 753 2548 0r.
769 2522 796 2549 ί.

148 2555 204 2591 (45)
221 2558 353 2591 Μόχθου.
363 2556 429 2586 Jes..
445 2555 538 2582 κόπου.

147 2590 203 2626 ut)
214 2593 247 2618 οι
262 2590 518 2625 ἐιροεισελθόντες.
533 2590 577 2617 Sic
590 2591 706 2625 quinque
720 2590 802 2626 llegg.
817 2591 898 2618 etOr.

114 2625 139 2652 l.
156 2627 235 2653 Deest
252 2628 276 2653 οἱ
289 2627 314 2653 in
326 2627 369 2653 ed.

131 2645 139 2652 .
156 2634 235 2654 Deest
252 2635 314 2653 οιιη
326 2634 369 2653 eo.

149 2662 204 2695 (l5)
232 2661 389 2696 Διάφορον.
418 2660 462 2688 Sic
491 2668 537 2687 sex
558 2659 654 2695 Regg.,
682 2665 784 2695 septem
812 2659 896 2695 Colb.,

113 2695 193 2723 Cois].
210 2696 238 2726 2.
257 2695 311 2724 etc.
326 2696 353 2722 In
368 2696 422 2727 ed.,
433 2696 588 2729 ἀδιάφορον.

148 2731 201 2765 (66)
213 2732 348 2763 Φύσεως.
363 2731 443 2758 Coisl.
462 2730 479 2757 2
497 2735 523 2758 et
533 2729 579 2757 0r.
597 2730 622 2761 1,
636 2729 758 2766 γνώμης.

113 2766 268 2828 (Agna:
296 2766 394 2800 χάρις.
424 2766 536 2801 Deest'l)
564 2766 590 2792 in
615 2773 662 2793 sex
685 2765 779 2800 ᾕρεε..
814 2765 897 2793 tribus

147 2808 296 2870 {labiis
315 2835 355 2862 ἂν
370 2835 427 2867 και,
451 2839 506 2862 etc.
522 2834 584 2862 Bill.
616 2844 626 2861 (
657 2835 725 2868 Quid
737 2834 831 2870 autem
846 2835 897 2869 ipsi

114 2876 220 2903 quoque
251 2871 392 2905 accepturi
411 2875 496 2904 erant,
513 2870 536 2899 si
551 2870 638 2898 serius
652 2870 717 2904 ipsis
732 2869 822 2898 venire
836 2876 898 2898 con-

955 2345 1078 2379 tigisset?
1103 2345 1218 2379 Equam
1243 2346 1335 2379 utique
1361 2346 1522 2373 mercedem.
1544 2355 1553 2371 ι
1581 2345 1637 2372 Non
1656 2351 1737 2377 recte,

954 2389 1013 2407 cum
1033 2382 1089 2407 haec
1105 2381 1137 2407 ad
1154 2387 1366 2409 nuirmnratores
1378 2382 1546 2415 detorqueat,
1563 2388 1621 2415 qua:
1635 2381 1667 2407 ad
1681 2389 1737 2412 eus,

953 2416 996 2450 qni
1012 2416 1086 2442 tarde
1097 2421 1234 2447 venerant,
1248 2416 1385 2443 referenda
1402 2421 1474 2442 sunt.

989 2450 1044 2482 (49)
1079 2450 1213 2484 Ὑφαιρεῖ.
1241 2450 1286 2477 Sic
1314 2450 1395 2485 Rege.
1421 2452 1477 2480 1ηη.
1499 2450 1543 2485 ph,
1568 2455 1621 2477 tres
1648 2450 1736 2481 Colb.,

952 2486 1004 2512 duo
1015 2485 1096 2512 Coisl.
1112 2491 1140 2520 et
1157 2487 1203 2512 Ur.
1218 2487 1241 2512 l.
1260 2486 1350 2518 lned.,
1365 2487 1499 2520 ὑφαιρεῖν.

986 2520 1040 2555 (50)
1059 2519 1109 2551 Ἐξ
1121 2517 1165 2546 ὧν
1177 2521 1346 2554 συμϐαίνει,
1365 2517 1466 2549 κὰί.Ἰιι
1491 2519 1636 2552 nonnullis,
1657 2520 1686 2554 ἐξ
1700 2517 1736 2546 ὧν

948 2555 973 2581 τε
991 2554 1149 2590 συμϐαίνεις
1165 2555 1221 2586 καί,
1236 2561 1288 2582 etc.

984 2590 1041 2625 (51)
1076 2590 1362 2625 Ἀντιμετρουμένης.
1393 2591 1475 2619 Cois].
1500 2591 1532 2623 ί,
1555 2591 1734 2626 ἁντιμετρου-

1067 2661 1251 2695 Σκιοῃοαφεῖ.
1285 2661 1341 2689 Duo
1365 2661 1448 2698 chg.
1476 2667 1502 2689 et
1531 2662 1576 2688 Οι.
1605 2662 1631 2692 1.
1655 2669 1732 2687 σκια-

984 2704 1102 2767 ῗῦῗόῒγιξ
1126 2719 1280 2767 κωλύσειε.
1307 2732 1374 2759 Tres
1401 2732 1496 2767 Regg.,
1523 2736 1578 2757 tres
1607 2731 1682 2767 (lolb.
1707 2735 1735 2757 et

948 2765 1001 2792 duo
1031 2764 1126 2798 CoisL,
1157 2766 1183 2792 τί
1209 2766 1306 2792 κωλύει
1341 2775 1382 2794 σε.
1413 2764 1502 2800 Οιῖί,
1520 2767 1547 2793 τί
1572 2766 1672 2794 κωλύει
1687 2766 1734 2792 καί

948 2808 1039 2895 6535:)
1065 2835 1115 2862 Ἵν⁹
1150 2835 1226 2868 αὐτῷ
1251 2837 1354 2870 τούτῳ.
1384 2837 1441 2865 Duo
1472 2836 1567 2871 Coisl.,
1598 2836 1642 2863 ινα
1667 2836 1734 2865 αὐτὸ
1758 2822 1760 2824 ’

948 2878 1009 2895 τουπ
1027 2887 1035 2895 ι

946 2878 1035 2896 τουτο.
