2013 3134
242 133 292 162 5‘93

839 126 868 153 S.
888 123 1052 153 (IREGORII
1073 122 1245 150 TIIEOLOGI

1808 118 1859 145 596

242 188 357 216 maxima
371 192 482 220 qua-que
494 183 620 211 beneﬁcia
634 182 710 209 nobis
723 181 859 216 clargitur.
874 180 944 207 Nihil
955 181 1024 214 apud

1088 178 1201 204 πλουτεῖν
1215 178 1261 204 καὶ
1275 177 1320 203 τοῦ
1339 175 1486 203 πένεσθαι·
1502 175 1618 202 ἐνταῦθα
1634 175 1661 201 δὲ
1672 195 1678 207 ,
1694 175 1707 200 6
1721 174 1863 210 προθυμό-

245 234 327 260 Deum
348 238 474 266 magnum
494 235 547 259 est.
564 229 634 262 quod
653 235 704 254 non
724 233 825 261 panper
847 233 953 260 quoque
978 225 1025 251 do-

1078 231 1155 259 τερος
1165 244 1171 254 ,
1190 223 1397 258 πλουσιώτερος.

244 287 311 305 nare
328 277 464 311 possil,ut
479 283 511 302 ne
528 274 577 306 hac
604 279 713 308 quoque
743 272 769 298 in
790 279 820 299 re
854 271 987 297 tenuiores
1015 269 1219 305 propellantur;
1251 275 1312 295 cum
1340 267 1470 302 siquidem
1499 274 1549 293 non
1581 265 1706 297 habeant,
1729 265 1866 298 quomodo

245 331 305 352 cum
321 320 499 356 locupletibus
517 323 628 346 certent.
644 317 749 345 Etenim
762 317 788 344 in
803 316 908 343 caeteris
922 316 1029 350 quidem
1051 315 1131 342 rebus
1153 314 1222 341 inter
1251 312 1359 340 divitias
1384 317 1411 338 et
1438 315 1622 346 paupertatem
1648 311 1760 337 interest
1784 317 1791 335 :

1821 310 1865 336 hic

245 373 344 400 autem,
360 367 405 402 qui
425 365 572 400 promptior
587 369 668 404 atque
679 362 793 389 alacrior
804 366 855 393 est,
869 362 938 388 idem
953 367 1060 394 quoque
1078 359 1160 386 ditior
1175 358 1274 386 evadit.

280 413 374 441 XXVI.
399 411 469 439 Nihil
491 417 662 446 progressum
689 414 761 435 tuum
786 408 906 434 inhibeat
932 415 939 433 :
964 406 1030 433 nihil

247 460 328 486 animi
341 459 506 486 alacritatem
522 455 660 489 reprimat.
685 454 807 487 Quandiu
824 453 970 480 vehemens
989 456 1030 479 est

250 503 424 533 desiderium,
438 501 463 528 id
473 500 543 535 quod
556 499 694 526 desideras
705 499 804 532 arripe.
825 497 946 530 Quandiu
961 497 1031 524 calet.

249 551 360 582 ferrum,
377 548 470 583 frigida
488 547 643 577 obduretur,
662 552 695 571 ne
716 544 779 579 quid
800 544 906 571 interim
927 542 1031 570 accidat

249 595 319 631 quod
336 594 416 621 animi
435 592 610 627 cupiditatem
634 589 774 631 infringat.
797 588 934 622 Philippus
955 595 1030 620 sum;

249 630 307 669 esto
321 640 467 667 Gandaces.
487 638 533 664 Dic
561 637 617 670 ipse
632 630 765 670 'quoque:
782 634 848 660 Ecce
873 641 952 668 aqua,
968 633 1030 667 quid

249 695 290 713 me
305 685 420 720 prohibet
436 682 591 717 baplizari"
603 680 763 715 ?Temporis
777 679 946 706 occasiOnem
962 678 1031 705 arri-

249 739 295 767 pe:
311 732 345 758 ob
364 732 461 758 bonum
475 729 592 756 laetitiam
605 727 717 762 concipe
731 734 739 753 :
755 730 834 760 atque
847 726 903 753 hzec
916 725 1031 756 locutus,

249 779 401 812 baptizare;
419 776 581 810 baptizatus,
604 773 716 800 salutem
738 772 843 806 accipe;
861 777 886 797 et
910 770 1034 805 quamvis

249 831 361 858 corpore
381 821 507 856 lEthiOps
525 820 574 851 sis,
587 820 675 846 animo
690 817 823 845 dealbare.
837 816 955 843 Salutem
969 823 1033 843 cou-

250 876 372 904 sequere,
390 875 442 902 qua
468 865 533 893 nihil
561 865 702 892 sublimius
725 864 951 898 prmstantiusque
981 866 1032 894 est,

252 915 321 950 apud
341 921 386 941 eos
412 918 495 944 certe,
508 912 552 947 qui
573 915 664 938 mente
676 908 780 945 prazditi
795 913 867 935 sunt.
884 907 923 934 Ne
937 907 1011 934 dicas
1026 914 1032 932 :

252 959 374 995 Baptizet
404 966 446 985 me
476 958 627 991 episcopus,
649 959 728 989 atQue
743 956 777 980 -is
802 951 1035 986 metropolitanus,

251 1010 296 1032 aut
315 1003 556 1038 Jerosolymitanus
572 1000 636 1037 (non
652 1000 724 1027 enim
748 998 866 1026 locorum
881 1002 923 1024 est
936 996 1034 1032 gratia,

251 1051 300 1078 sed
317 1048 444 1085 Spiritus)
458 1057 465 1080 ;
481 1047 656 1081 isqueetiam
669 1044 705 1072 sit
720 1043 794 1071 claro
805 1047 832 1070 et
847 1042 928 1069 nobili
938 1048 1036 1076 genere

251 1101 341 1128 ortus;
368 1101 449 1130 grave
462 1093 535 1120 enim
554 1091 646 1122 fuerit,
671 1089 804 1117 nobilitati
826 1095 891 1115 mete
917 1087 952 1114 ob
967 1087 1035 1122 eius,

252 1143 296 1177 qui
318 1141 450 1176 baptizat,
471 1138 675 1168 obscuritatem,
695 1135 781 1162 labent
804 1141 836 1161 ac
856 1134 972 1161 dedecus
997 1133 1037 1159 in-

253 1188 333 1219 ferri;
349 1191 405 1217 aut,
423 1186 444 1212 si
464 1184 615 1219 presbyter,
633 1181 728 1209 saltem
751 1180 796 1215 qui
820 1179 917 1207 cazlebs
932 1179 978 1210 sit,
992 1178 1036 1212 qui

252 1234 424 1261 cominennaa
451 1230 529 1257 laude
548 1235 629 1262 atque
655 1227 776 1262 angelica
801 1225 907 1252 vivendi
931 1225 1036 1252 ratione

253 1279 366 1311 ﬂoreat;
387 1284 469 1312 grave
486 1276 557 1303 enim
578 1274 668 1305 fuerit,
683 1273 705 1299 si
719 1273 744 1298 iu
759 1270 926 1306 purgationis
937 1275 1039 1304 tempo—

252 1332 283 1351 re
297 1323 401 1351 inﬁciar
414 1326 495 1356 atque
515 1318 707 1348 commaculer.
726 1317 763 1345 Ne
778 1316 977 1344 contionatoris
993 1321 1040 1343 aut

254 1368 415 1404 baptizantis
438 1366 629 1393 auctoritatem
654 1363 786 1398 inquiras.
800 1361 876 1388 Alius
890 1360 984 1388 borum
997 1361 1039 1395 ju-

254 1416 304 1442 dex
315 1418 364 1445 est,
378 1421 411 1440 ac
425 1420 514 1440 rerum
525 1411 705 1439 obscurarutn
721 1408 875 1442 explorator
889 1415 897 1434 :
915 1406 1024 1441 quando

253 1460 361 1495 quidem
385 1459 467 1486 homo
492 1457 601 1489 faciem,
616 1455 687 1482 Deus
702 1459 791 1481 autem
818 1460 866 1480 cor
881 1451 1038 1479 intuetur”.

1114 407 1185 439 KG’.
1202 404 1292 440 Μηδὲν
1307 403 1429 438 ὲπεχέτω
1445 411 1473 429 σε
1488 402 1535 429 τοῦ
1548 402 1649 437 πρόσω
1671 400 1753 436 μηδὲν
1767 399 1868 426 ἀνθελ-

1079 453 1149 479 κέτω
1165 460 1211 478 σου
1232 451 1281 486 τὴν
1297 449 1460 486 προθυμίαν.
1473 448 1545 479 Ἕως
1563 446 1675 481 σφοδρὸς
1685 447 1699 471 6
1710 446 1804 477 πόθος,
1819 445 1867 471 λα-

1079 498 1125 524 ὁοῦ
1138 496 1183 524 τοῦ
1196 496 1371 531 ποθουμένου·
1387 494 1438 526 ἕως
1450 493 1549 529 Οερμὺς
1560 493 1574 518 ὁ
1589 492 1707 527 σίδηρος,
1718 491 1757 526 τῷ
1770 490 1869 526 ψυχρῷ

1081 544 1255 580 στομωϐἠτω,
1281 543 1317 578 μή
1346 550 1372 568 τι
1392 539 1558 576 παρεμπὲσῃ
1581 538 1673 573 μέσον,
1688 538 1734 564 καὶ
1751 537 1867 572 διακόψῃ

1080 591 1125 617 τὸν
1140 590 1230 616 πόθον.
1247 587 1380 618 Φίλιππός
1390 588 1458 621 εἰμι’
1477 584 1555 619 γενοῦ
1575 584 1612 619 (7)
1628 583 1781 618 Κανδάκης.
1801 583 1870 609 Εἰπὲ

1082 637 1128 662 καὶ
1147 635 1237 667 αὑτός·
1258 634 1336 661 Ἰδοὺ
1355 633 1387 660 τὸ
1411 632 1499 665 ὕδωρ
1516 631 1545 657 τί
1573 630 1679 656 κωλύει
1707 637 1746 664 με
1761 629 1871 660 ,βαπτι-

1083 681 1208 716 σθ-ἦναι;
1224 681 1365 715 ’Ἅρπασον
1391 678 1435 705 τὸν
1452 677 1555 713 καιρόν·
1580 675 1620 711 τῷ
1642 674 1737 709 ἀγαθῷ
1753 674 1870 709 περιχάυ

1087 728 1148 764 ρηΟι
1169 727 1216 762 ξ8)·
1235 727 1282 753 καὶ
1294 724 1388 755 εἰπὼν,
1403 722 1576 759 βαπτίσθητι,
1589 722 1635 748 καὶ
1648 720 1807 756 βαπτισθεὶς
1820 719 1872 746 σώ-

1085 772 1156 807 θητι·
1174 771 1225 798 κᾶν
1239 770 1272 806 ᾗς
1285 769 1380 804 Αἰθίοψ
1390 769 1420 795 τὸ
1437 769 1526 803 σῶμα,
1541 767 1591 803 τὴν
1602 766 1689 802 ψυχὴν
1697 764 1871 799 λευκάνθητι.

1085 819 1155 852 Τύχε
1170 819 1219 852 τῆς
1237 815 1382 851 σωτηρίας,
1408 812 1441 850 ἧς
1459 813 1533 840 οὐδὲν
1561 812 1735 847 ὑψηλότερον,
1752 811 1814 838 οὐδὲ
1831 819 1872 836 τι-

1085 863 1217 899 μιώτερον
1228 863 1283 894 τοῖς
1296 870 1328 896 γε
1344 861 1405 888 νοῦν
1422 861 1522 896 ἔχουσι.
1535 860 1580 895 Μὴ
1595 859 1683 894 εἴπης·
1704 858 1871 888 Ἐπίσκοπος

1086 910 1241 944 βαπτισάτω
1257 917 1302 944 με,
1316 908 1362 935 καὶ
1375 905 1452 938 οὗτος
1469 905 1679 942 μητροπολίτης,
1699 903 1715 939 ἢ
1732 904 1770 938 (9)
1795 903 1873 939 Ἱερο-

1086 954 1230 990 σολυμίτης
1247 953 1287 989 (οὺ
1303 953 1356 989 γὰρ
1372 952 1487 987 τόπωνὴ
1503 952 1594 988 χάρις,
1606 950 1673 977 ἀλλὰ
1685 949 1732 976 τοῦ
1746 948 1873 984 Πνεύμα-

1084 1001 1151 1036 τος),
1169 1001 1215 1028 καὶ
1231 997 1306 1032 οὗτος
1314 999 1367 1026 τῶν
1385 996 1414 1025 εὖ
1434 998 1593 1033 γεγονότων.
1610 995 1699 1023 Δεινὸν
1716 995 1781 1030 γὰρ,
1796 996 1820 1021 εἰ
1835 993 1874 1029 τῷ

1087 1048 1218 1083 βαπτιστῇ
1232 1047 1261 1073 τὸ
1273 1046 1381 1080 εὐγενές
1395 1054 1444 1080 μου
1455 1043 1711 1079 καθυϐρισθήσεταγ
1722 1041 1739 1076 ἢ
1755 1040 1874 1076 πρεσϐύ-

1086 1082 1163 1128 τερος
1180 1092 1239 1127 μὲν,
1266 1090 1333 1118 ἀλλὰ
1349 1090 1397 1116 καὶ
1419 1087 1496 1121 οὗτος
1517 1088 1570 1115 τῶν
1594 1088 1718 1123 ἀγάμων,
1733 1087 1781 1113 καὶ
1795 1082 1874 1117 οὗτος

1087 1137 1140 1164 τῶν
1159 1136 1301 1172 ὲγκρατῶν
1322 1135 1369 1162 καὶ
1389 1134 1540 1169 ἀγγελικῶν
1559 1134 1608 1169 τὴν
1624 1132 1770 1160 πολιτείαψ
1787 1131 1874 1158 δεινὸν

1087 1181 1150 1216 γὰρ,
1164 1181 1188 1206 εἰ
1204 1180 1232 1206 ὲν
1249 1179 1336 1214 καιρῷ
1347 1179 1506 1213 καθάρσεως
1517 1177 1723 1213 ρυπωθήσομαι.
1736 1175 1782 1212 Μὴ
1798 1176 1874 1210 ζήτει

1089 1225 1257 1258 ἀξιοπιστίαν
1268 1225 1315 1251 τοῦ
1332 1225 1524 1260 κηρύσσοντος,
1541 1223 1607 1259 μηδὲ
1624 1223 1671 1249 τοῦ
1687 1222 1874 1258 βαπτίζοντος.

1090 1272 1185 1304 ’Λλλος
1199 1273 1213 1298 6
1229 1272 1331 1298 τούτων
1348 1271 1453 1307 κριτὴς,
1466 1271 1513 1297 καὶ
1529 1271 1582 1296 τῶν
1596 1269 1787 1304 ἀφανεστέρων
1801 1269 1875 1294 δοκι-

1091 1319 1205 1354 μαστής·
1223 1318 1327 1353 ἐπειδὴ,
1351 1317 1491 1353 ἄνθρωπος
1513 1317 1561 1352 μὲν
1579 1317 1618 1348 εἰς
1636 1315 1793 1350 πρόσωπον,
1809 1315 1876 1345 Θεὸς

1090 1365 1118 1391 δὲ
1132 1365 1171 1396 είς
1187 1364 1308 1400 καρδίαν.
1326 1364 1372 1390 Σοὶ
1388 1364 1416 1390 δὲ
1443 1364 1497 1395 πᾶς
1518 1362 1673 1396 ἀξιόπιστος
1688 1362 1727 1393 εἰς
1750 1361 1801 1396 τὴν
1819 1360 1875 1394 (I0)

1090 1410 1231 1446 κάθαρσιν·
1250 1410 1328 1445 μόνον
1341 1409 1411 1436 ἔστω
1420 1418 1461 1440 τις
1476 1408 1530 1436 τῶν
1546 1408 1690 1444 ὲγκρίτων,
1708 1408 1755 1433 καὶ
1771 1406 1809 1442 μὴ
1823 1406 1877 1432 τῶν

1091 1456 1230 1492 προδήλως
1254 1455 1506 1494 κατεγνωσμένων,
1534 1454 1601 1490 μηδὲ
1632 1453 1682 1489 τῆς
1715 1452 1877 1488 Ἐκκλησίας

254 1506 335 1542 712
347 1505 407 1533 Tibi
427 1509 515 1531 autent
530 1503 618 1538 quivis
642 1501 674 1528 ad
697 1500 882 1535 purgationem
905 1497 971 1525 satis
984 1498 1036 1524 ido-

1091 1501 1238 1536 ὰλλότριος.
1256 1501 1302 1536 Μὴ
1317 1502 1393 1536 κρῖνε
1415 1500 1475 1531 τοὺς
1491 1499 1597 1534 κριτὰς,
1613 1500 1627 1525 ὁ
1644 1498 1753 1534 χρῄζων
1771 1498 1822 1532 τῆς
1838 1499 1879 1524 ία-

255 1559 322 1578 ueus
342 1554 393 1582 est,
419 1548 498 1576 modo
521 1548 591 1574 inter
608 1547 737 1580 probatos
755 1547 906 1574 censeatur,
932 1549 964 1569 ac
986 1549 1038 1569 non

255 1601 347 1632 aperte
362 1595 554 1623 condemnatus
581 1593 626 1624 sit,
644 1596 725 1626 atque
739 1590 772 1617 ab
788 1589 911 1616 Ecclesia
925 1588 1038 1616 alienus.

255 1643 306 1677 Qui
318 1642 456 1670 curatione
470 1641 583 1676 indiges,
597 1640 624 1667 in
638 1637 880 1673 judicesjudicium
894 1643 927 1664 ne
935 1636 1039 1670 arripe;

255 1698 306 1718 nec
331 1697 437 1721 eorum,
456 1697 470 1715 a
487 1687 587 1723 quibus
610 1687 743 1722 purgaris,
765 1685 910 1720 dignitates
931 1687 1038 1714 excute,

257 1744 306 1764 nec
323 1737 394 1764 inter
409 1735 544 1770 genitores
556 1733 687 1760 delectum
706 1731 783 1759 habe.
798 1731 844 1757 Est
856 1730 962 1765 quidem
973 1728 1042 1755 alius

255 1782 310 1809 alio
332 1781 510 1817 prastanlior,
528 1779 570 1806 vel
585 1777 696 1805 inferior
709 1786 716 1804 ι
731 1780 759 1804 te
777 1781 867 1803 autem
897 1774 984 1809 quivis
999 1777 1041 1801 est

257 1829 390 1863 superior.
413 1826 459 1855 Sic
475 1832 562 1854 tecum
586 1829 690 1860 reputa.
713 1823 773 1850 Sint
793 1824 845 1850 duo
858 1821 960 1854 annuli,
974 1821 1041 1848 alter

257 1882 366 1907 aureus,
383 1873 451 1901 alter
462 1873 576 1904 ferreus,
594 1876 676 1906 atque
695 1870 774 1897 ambo
791 1869 912 1896 eamdem
924 1868 1042 1903 Impera-

255 1921 324 1947 toris
336 1920 479 1954 imaginem
496 1917 656 1952 insculptam
670 1915 835 1948 habeant,ac
846 1914 942 1941 deinde
952 1920 1041 1940 ceram

257 1965 423 2000 imprimant.
439 1963 509 1997 Quid
532 1962 638 1989 tandem
665 1961 715 1988 hoc
743 1960 848 1994 signum
861 1959 894 1986 ab
907 1958 951 1985 illo
966 1958 1042 1992 signo

256 2008 467 2038 diﬂ‘eretYNihiI.
499 2007 637 2035 Materiam
654 2007 680 2034 in
697 2013 758 2033 cera
774 2005 935 2037 internosce,
949 2012 1042 2039 quam-

257 2056 323 2083 libet
344 2054 476 2091 singulari
504 2053 610 2082 solertia
640 2052 694 2079 sis?
718 2052 775 2083 Die,
791 2055 879 2078 utrum
903 2058 918 2077 e
939 2048 1043 2076 duobus

257 2101 354 2136 signis.
371 2107 456 2128 aureo
480 2099 586 2127 scilicet
600 2098 709 2130 annulo,
727 2105 760 2124 an
776 2096 863 2123 ferreo
885 2102 1042 2130 expressum

258 2147 304 2178 sit,
327 2151 355 2173 et
376 2145 510 2181 quomodo
529 2152 610 2171 unum
641 2143 766 2177 idemque
789 2142 893 2176 signum
908 2140 1042 2167 exsistat?

1090 1548 1191 1584 τρείαςσ
1213 1547 1279 1582 μηδὲ
1302 1546 1448 1582 φιλοκρίνει
1473 1545 1527 1581 (Il)
1543 1554 1587 1581 μοι
1607 1540 1745 1577 τὰς’ἆξίας
1763 1545 1818 1571 τῶν
1850 1545 1878 1571 σὲ

1090 1594 1284 1629 καθαιρόντων,
1297 1593 1364 1629 μηδὲ
1380 1593 1519 1627 διακρίνοι)
1537 1591 1606 1626 πρὸς
1622 1592 1685 1623 τοὺς
1701 1592 1876 1626 γεννήτορας.

1092 1639 1188 1670 Ἀλλος
1211 1639 1258 1674 μὲν
1275 1638 1353 1665 ἄλλου
1378 1639 1524 1673 κρείττων,
1547 1639 1563 1673 ἢ
1577 1637 1778 1673 ταπεινότερος·
1793 1637 1839 1663 σοῦ
1851 1637 1879 1663 δὲ

1092 1686 1145 1717 πᾶς
1173 1685 1345 1720 ὑψηλότερος.
1368 1684 1468 1710 Σκόπει
1493 1684 1522 1711 δὲ
1543 1683 1639 1715 οὓτως-⁸
1655 1683 1746 1710 Ἔστω
1768 1683 1878 1718 χρυσὸς,

1091 1730 1161 1756 ἔστω
1178 1730 1296 1765 σίδηρος,
1305 1729 1441 1756 δακτύλιοι
1459 1728 1487 1755 δὲ
1501 1729 1658 1764 ἀμφότεροι,
1677 1727 1722 1753 καὶ
1736 1726 1785 1762 τὴν
1795 1726 1879 1760 αὐτὴν

1092 1775 1336 1812 ἑγκεχαράχθωσαν
1357 1775 1448 1801 εἰκόνα
1464 1774 1616 1809 βασιλικὴν,
1629 1771 1689 1800 εἶτα
1706 1773 1791 1808 κηρὸν
1804 1773 1880 1799 ἐντυ-

1093 1821 1234 1847 πούτωσαν
1247 1820 1313 1856 (ίαν
1338 1820 1363 1846 τί
1378 1819 1471 1846 διοίσει
1487 1821 1503 1855 ἡ
1523 1819 1640 1854 σφραγὶς
1657 1818 1713 1854 (I5)
1737 1818 1807 1852 αὕτη
1828 1817 1880 1851 τῆς

1093 1866 1237 1901 σφραγῖδος
1252 1866 1371 1900 ὲκείνηςς
1387 1865 1479 1892 Οὐδέν.
1498 1863 1644 1898 Ἐπίγνωθι
1659 1862 1708 1898 τὴν
1723 1862 1789 1897 ὓλην
1807 1863 1834 1887 ὲν
1842 1860 1881 1895 τῷ

1092 1911 1179 1947 κηρῷ,
1191 1911 1242 1938 κᾶν
1256 1908 1289 1947 ᾗς
1306 1910 1470 1945 σοφώτατος·
1488 1910 1560 1942 είπὲ,
1575 1909 1601 1935 τί
1618 1909 1665 1944 μὲν
1686 1907 1733 1934 τοῦ
1759 1908 1879 1942 σιδήρου,

1091 1957 1117 1982 τί
1133 1957 1160 1983 δὲ
1176 1956 1223 1983 τοῦ
1240 1957 1340 1992 χρυσοῦ
1355 1956 1386 1982 τὸ
1402 1956 1606 1992 ὲκσφρᾶγισμα,
1626 1955 1673 1981 καὶ
1690 1955 1749 1986 πῶς
1764 1954 1794 1981 ’ἐν
1811 1955 1878 1979 ἐστι·

1091 2003 1140 2038 τῆς
1156 2003 1211 2039 γὰρ
1226 2002 1292 2038 ὕλης
1316 2003 1346 2029 τὸ
1359 2002 1496 2038 διάφορον,
1513 2002 1542 2028 οὐ
1557 2001 1603 2028 τοῦ
1625 2001 1807 2037 χαρακτῆρος.
1827 1999 1877 2026 Οὖ-

1092 2057 1146 2079 τως
1165 2048 1234 2075 ἔστω
1249 2057 1289 2075 σοι
1301 2049 1354 2080 πᾶς
1372 2048 1530 2083 βαπτιστής.
1542 2047 1602 2074 Κᾶν
1617 2049 1649 2082 τῇ
1667 2047 1791 2082 πολιτείᾳ¹
1814 2054 1881 2081 προ-

1094 2094 1143 2130 έχῃ
1151 2095 1218 2130 (14),
1233 2094 1315 2130 ἀλλ’ἢ
1330 2103 1361 2129 γε
1380 2095 1426 2121 τοῦ
1443 2094 1626 2129 βαπτίσματος
1635 2093 1749 2128 δύναμις
1764 2093 1819 2128 ἴση·
1834 2093 1881 2118 καὶ

1093 2140 1257 2172 τελειοποιός
1274 2149 1314 2166 σοι
1329 2141 1382 2172 πᾶς
1390 2141 1499 2176 ὁμοίως,
1516 2142 1573 2176 ὁτῇ
1588 2141 1655 2175 αὐτῇ
1673 2140 1762 2166 πίστει
1779 2146 1882 2174 μεμορ-

257 2191 408 2219 Discriineu
428 2191 500 2218 enim
517 2190 543 2216 in
570 2188 682 2215 materia
706 2191 757 2220 est,
783 2194 835 2213 nou
851 2186 877 2212 in
893 2185 978 2220 signo.
993 2184 1039 2212 Sic
1054 2182 1077 2210 D
1091 2186 1224 2221 φωμένος.

259 2238 307 2264 tibi
321 2244 428 2272 quoque
446 2243 550 2269 omnes,
583 2235 628 2269 qui
664 2233 818 2268 baptizandi
850 2238 961 2258 munere
988 2230 1144 2265 funguntur,
1163 2233 1251 2260 idonei
1277 2233 1436 2261 habeantur.
1466 2234 1594 2267 Quamvis
1612 2233 1682 2260 enim
1704 2231 1773 2259 alius
1798 2231 1880 2258 alium

260 2283 321 2309 vitae
346 2282 480 2316 probitate
508 2279 660 2311 antecellat,
677 2278 769 2305 eadem
799 2282 887 2304 tamen
918 2276 1043 2310 baptismi
1063 2276 1103 2303 vis
1118 2283 1172 2310 cst;
1189 2286 1221 2306 ac
1251 2279 1339 2313 quivis
1349 2279 1395 2306 tibi
1425 2279 1544 2306 initiator
1561 2279 1607 2312 sit,
1623 2279 1669 2314 qui
1687 2278 1766 2305 modo
1784 2277 1880 2304 eadem

260 2329 312 2355 lide
327 2327 487 2354 informatus
502 2330 554 2352 est.

295 2373 398 2403 XXVII.
417 2373 456 2401 Ne
477 2378 521 2400 tua
540 2371 670 2406 dignitate
700 2369 817 2403 alienum
845 2371 939 2403 putes,
961 2367 1040 2394 simul

258 2430 318 2449 cum
331 2427 447 2455 paupere
467 2417 607 2453 baptizari,
625 2417 670 2451 qui
690 2416 764 2442 dives
778 2422 818 2446 es,
839 2414 966 2448 patricius
979 2421 1040 2441 cum

259 2467 380 2503 ignobili.
399 2466 481 2493 herus
504 2471 565 2492 cum
588 2470 619 2489 eo
644 2462 689 2496 qui
713 2462 841 2488 hactenus
869 2460 917 2487 tibi
945 2467 1039 2487 servus

295 2534 385 2560 “Act.
401 2539 459 2563 vttt,
474 2531 518 2558 56.
556 2531 600 2557 ⁸³1
617 2531 683 2566 Reg.
699 2538 755 2561 xvr.
768 2529 793 2556 7.

295 2598 334 2634 ('l)
347 2595 623 2634 Fsvoﬁquddxﬂq.
634 2605 653 2634 ἒ(
671 2595 735 2634 Esto
749 2594 897 2634 Gandaces,
915 2603 925 2634 ξ
942 2594 966 2621 id
984 2597 1040 2633 est,

259 2628 404 2661 Eunuchus
429 2631 538 2666 Reginae
566 2628 698 2658 (laudacis
732 2638 746 2656 a
773 2629 895 2664 Philippo
919 2628 1040 2663 baptiza-

261 2675 332 2744 luié)
348 2699 537 2736 Περιχὰρηθι.
557 2700 601 2728 Sic
616 2699 693 2728 codd.
708 2699 834 2726 Mendose
844 2700 871 2726 in
886 2699 945 2732 ed.,
967 2706 1043 2733 περι-

259 2746 402 2809 Ϋίῖῧτῗιι.
417 2772 464 2809 Sic
476 2772 593 2809 quinque
610 2770 709 2809 Βθεεη
724 2773 839 2809 quatuor
852 2767 1042 2802 Colb.,Comb.

261 2803 308 2834 Sic
321 2803 401 2834 etiam
417 2803 591 2841 legit-Billius.
610 2804 637 2830 In
652 2803 707 2841 ed”
723 2803 780 2841 καί.

297 2842 353 2869 (10)
369 2843 421 2872 Εἰς
431 2838 497 2868 {vim
514 2842 542 2869 In
558 2839 703 2873 nonnullis,
716 2838 783 2873 πρὸς
799 2838 858 2872 τήν.

1092 2769 1173 2797 Deest
1187 2770 1203 2803 ἡ

1128 2369 1192 2395 ΚΖ¹.
1206 2367 1252 2403 Μὴ
1266 2367 1425 2403 ὰπαξιώσῃς
1436 2366 1672 2403 συμϐαπτισθῆναι
1687 2366 1794 2401 πένητι,
1804 2365 1882 2392 ’πλού-

1095 2422 1152 2445 σιος
1169 2413 1217 2446 ὣν,
1235 2415 1249 2439 6
1271 2413 1436 2449 εὐπατρίδης
1450 2413 1489 2448 τῷ
1506 2413 1639 2447 Senex/si,
1653 2413 1667 2439 6
1679 2412 1813 2447 δεσπότης
1843 2411 1883 2446 τῷ

1092 2459 1177 2494 δούλῳ
1190 2459 1270 2494 μέχρι
1283 2459 1331 2486 τοῦ
1347 2459 1404 2486 νῦν.
1420 2458 1502 2486 Οὔπω
1528 2459 1653 2485 τοσοῦτον
1669 2457 1883 2492 ταπεινοφρονή-

1095 2593 1379 2665 Φιλοκρίνει.
1398 2591 1480 2627 Regg.
1508 2591 1562 2624 bm,
1579 2592 1612 2626 pb
1632 2596 1659 2618 et
1676 2591 1722 2618 0r.
1751 2591 1776 2624 I,
1800 2590 1880 2625 φυλο-

1131 2665 1186 2707 (ιιιῖ)
1206 2664 1464 2690 Ἐντυπουτωσαν.
1476 2660 1541 2688 Tres
1553 2661 1636 2696 Regg.
1655 2665 1683 2688 et
1701 2661 1881 2692 οι·.1,ὲκτυ-

1094 2707 1250 2727 πουτωσαν.

1129 2734 1239 2775 (15).”ῌ
1250 2733 1388 2775 σφραγίς.
1401 2733 1447 2760 Sic
1464 2736 1579 2767 quatuor
1604 2731 1686 2766 (legs.
1708 2736 1736 2759 et
1760 2731 1836 2758 Orat.
1851 2730 1879 2756 1.

1128 2775 1173 2797 :est
1187 2772 1203 2803 ἡ
1223 2772 1247 2795 in
1266 2772 1307 2795 ed.

1128 2804 1183 2840 (14)
1199 2803 1324 2839 Προέχῃ.
1343 2804 1370 2830 In
1389 2802 1534 2836 nonnullis,
1551 2801 1666 2837 πρὸσχῃ.
