2013 3134
141 154 192 182 397

606 152 735 182 ORATIO
754 154 811 181 XL.
831 169 866 174 —
883 153 916 181 IN
937 152 1099 181 SANCTUM
1118 153 1304 182 BAPTISMA.

1715 156 1766 184 598

141 219 209 242 σεις,
222 210 284 236 ὅσον
292 208 419 245 Χριστὸς,
435 204 457 242 ᾦ
474 207 506 234 σὺ
520 208 637 245 βαπτίζῃ
656 210 786 244 σήμερον,
800 209 828 241 ὃς
844 209 888 236 διὰ
903 210 932 235 σὲ

991 211 1098 238 exstitit.
1129 211 1250 238 Nondum
1280 215 1382 238 tantum
1413 216 1438 240 te
1467 213 1601 246 demittes,
1637 221 1765 250 quantum

141 257 188 284 καὶ
208 255 305 282 δούλου
330 254 437 290 μορφὴν
459 254 577 287 ἐδέξατο.
602 255 661 289 Ἀφ’
677 254 711 291 ἧς
733 256 838 292 ἡμέρας
854 265 934 292 μετα-

141 302 205 336 ποιῇ
227 301 295 335 (15),
307 300 406 332 πάντες
420 297 494 333 εἶξαν
510 301 534 326 οἱ
552 300 662 327 παλαιοὶ
675 302 858 337 χαρακτῆρες·
887 303 935 338 μιᾷ

143 349 235 383 μορφῇ
251 347 306 382 (16)
327 347 394 374 πᾶσι
409 347 525 382 Χριστὸς
539 347 705 374 ἐπιτέθειται
722 348 790 383 (17).
807 349 854 384 Μὴ
883 350 935 376 ἀπ-

142 392 264 428 αξιώσῃς
276 392 456 427 ἐξαγορεῦσαι
478 401 524 419 σου
545 393 594 428 τὴν
613 393 759 429 ἁμαρτίαν,
773 394 849 425 εἰδὼς
863 394 936 426 ὅπως

149 439 277 474 Ἰωάννης
303 438 460 471 ἐϐάπτισεν,
485 439 528 465 ῖνα
553 439 602 474 τὴν
626 439 730 466 ἐκεῖθεν
744 440 876 476 αἰσχύνην
903 441 934 476 τῇ

143 485 261 512 ἐνταῦθα
277 485 366 521 φύγῃς
395 485 500 521 (ἐπειδὴ
519 486 602 521 μέρος
627 485 770 512 καὶτοῦτο
795 487 844 522 τῆς
867 487 937 513 ἐκεῖ-

145 539 174 557 σε
192 531 248 566 (18)
267 531 425 566 κολάσεως),
443 532 489 558 καὶ
506 532 605 567 δείξῃς,
622 532 663 558 ὅτι
674 531 722 568 τὴν
737 533 871 569 ἁμαρτίαν
893 533 936 560 ὅν-

144 585 198 608 τως
215 576 382 612 μεμίσηκας,
410 578 662 613 παραδειγματίσας
697 578 781 614 αὐτὴν
814 578 868 614 (19)
891 579 937 605 καὶ

145 623 346 658 θριαμϐεύσας,
360 623 398 656 ὡς
405 623 484 656 ἀξίαν
498 623 612 660 ὕϐρεως.
636 623 682 659 Μὴ
702 623 851 660 διαπτύσῃς
862 624 938 661 ἐξορ-

145 668 246 704 κισμοῦ
264 669 423 704 θεραπείαν,
443 670 512 705 μηδὲ
527 670 595 706 πρὸς
605 670 636 696 τὺ
650 670 738 705 μῆκος
765 670 865 706 ταύτης
883 671 937 697 ἀπ-

145 714 311 750 αγορεύει-ης.
337 715 458 747 Βάσανός
481 716 593 743 ἐστικαὶ
616 715 685 752 αὕτη
700 715 749 751 τῆς
771 717 833 752 περὶ
846 717 876 743 τὸ
888 717 937 752 χά.

146 770 232 797 ρισμα
246 762 434 797 γνησιὸτητος.
449 762 481 788 Τί
493 762 620 789 τοσοῦτον
634 763 772 798 πονήσεις,
787 760 869 798 οἷονὴ
881 763 939 791 τῶν

145 807 295 834 Αἰθιόπων
308 807 492 840 βασίλισσα,
507 809 542 835 ἐκ
566 807 625 835 τῶν
646 809 783 842 περάτων
805 808 860 842 τῆς
882 808 938 843 γῆς

145 851 351 880 ἁπαναστᾶσα
367 852 433 889 (ΞΟ),
447 854 497 881 ἵνα
515 854 563 888 ἴδῃ
578 854 635 888 τὴν·
651 855 763 889 σοφίαν
785 853 938 892 Σολομῷν-

145 907 215 931 tog;
228 898 285 925 Καὶ
304 884 488 926 ίδοὺιπνίεῖον
503 884 698 934 Σολομίῦντοςῖ
713 897 780 933 ὧδε,
796 884 871 936 παρᾶ
882 884 937 932 τοῖς
953 884 973 912 Β

145 943 258 976 τελείως
272 944 467 980 λογιζομένοις.
486 946 531 981 Μὴ
560 947 747 982 κατοκνήσῃς,Δ
760 947 797 982 μὴ
813 946 872 973 ὁδοῦ
888 946 939 982 μῆ-

146 998 204 1022 κος,
219 990 257 1025 μὴ
273 989 359 1026 μέτρα
372 990 519 1026 θαλάσσης,
539 991 577 1027 μὴ
588 992 654 1028 πῦρ,
679 993 703 1019 εί
715 993 761 1019 καὶ
777 992 857 1019 τοῦτο
873 993 938 1028 πρύ-

145 1043 246 1068 κειται,
264 1035 302 1071 μὴ
318 1035 382 1062 ἄλλο
400 1037 493 1072 μηδὲν,
511 1037 527 1072 ἢ
551 1037 691 1073 μικρὸν,ἢ
711 1037 803 1073 μεῖξον
817 1038 870 1064 τῶν
889 1046 939 1065 κω-

145 1081 284 1117 λυμάτων,
297 1082 368 1108 ὥστε
383 1084 474 1118 τυχεῖν
490 1083 536 1109 τοῦ
546 1083 725 1119 χαρίσματος.
741 1084 774 1111 Ei
790 1084 819 1110 δέ
835 1092 875 1110 σοι
888 1092 940 1119 μη-

145 1128 190 1154 δὲν
211 1128 368 1164 πονήσαντι,
389 1129 456 1164 μηδὲ
483 1130 767 1165 πραγματευσαμένῳ,
785 1131 875 1166 τυχεῖν
895 1129 939 1161 ἐξ·

147 1182 205 1200 εστι
232 1173 280 1200 τοῦ
307 1173 484 1210 ποθουμένου,
505 1175 591 1211 πόσης
619 1175 745 1211 εὐηθείας
764 1176 814 1211 τὴν
835 1176 939 1212 δωρεὰν

147 1219 366 1252 ἀναϐάλλεσθαι;
382 1221 415 1246 Ol
431 1219 589 1254 διψῶντες,
615 1221 691 1257 φησι,
711 1221 874 1255 πορεύεσθε
894 1221 938 1255 ἐφ’

147 1265 227 1299 ὕδωρ
246 1265 376 1300 (Ἡσαΐας
391 1265 578 1292 διακελεύεταί
597 1266 659 1302 σοι)·
677 1267 726 1293 καὶ
742 1267 809 1293 ὅσοι
821 1266 865 1302 μὴ
876 1267 939 1301 ἕχε-

147 1320 181 1338 τε
194 1311 348 1346 ἀργύριον,
369 1311 554 1345 βαδίσαντες
572 1311 750 1348 ἀγοράσατε,
770 1312 820 1340 καὶ
835 1313 940 1340 πίεσθε

149 1356 244 1389 θίγον,
254 1357 318 1384 ἄνευ
333 1357 463 1393 ἀργυρίου
479 1357 534 1393 (21)
545 1358 638 1393 τιμῆς.
657 1359 688 1384 Ὢ
705 1358 753 1385 τοῦ
768 1359 867 1394 τάχους
892 1359 940 1394 τῆς

149 1404 368 1440 φιλανθρωπίαςί
386 1405 418 1431 Ὢ
431 1404 480 1440 τῆς
494 1405 617 1436 εὐκολίας
639 1405 684 1431 τοῦ
702 1405 938 1440 συναλλάγματοςί

151 1451 242 1477 Ὧνιόν
262 1458 302 1476 σοι
316 1449 394 1476 τοῦτο
406 1449 462 1485 (‘22)
478 1450 523 1477 τοῦ
539 1450 649 1486 θελῆσαι
668 1450 746 1485 μόνον
761 1449 818 1485 (25)
831 1450 861 1476 τὸ
873 1450 941 1484 ἁγα-

151 1497 207 1523 θόν’
223 1496 308 1532 αὐτὴν
331 1496 381 1531 τὴν
395 1496 482 1532 ὁρμὴν
496 1497 557 1523 ἀντὶ
582 1496 629 1523 τοῦ
649 1496 767 1532 μεγάλου
787 1496 942 1531 τιμήματος

986 255 1121 288 Christus,
1140 257 1184 283 cui
1209 257 1338 284 hodierno
1362 257 1405 284 die
1429 258 1589 292 baptizaris,
1607 261 1651 293 qui
1670 261 1768 289 salutis

987 307 1038 329 tuae
1053 310 1132 330 causa
1146 303 1270 330 servilem
1285 311 1392 338 quoque
1411 303 1523 331 formam
1537 306 1648 340 accepit.
1664 306 1703 335 Ex
1715 317 1768 343 quo

987 348 1029 375 die
1040 356 1089 383 per
1102 348 1267 384 baptismum
1294 350 1458 383 imntutaris,
1473 356 1579 380 veteres
1593 360 1686 381 omnes
1700 360 1769 381 notae

987 399 1126 421 cesserunt
1141 403 1148 420 :
1164 402 1215 421 una
1235 395 1321 422 forma
1342 397 1466 424 oumibus
1489 392 1614 426 Christus
1628 400 1770 435 impositus

987 443 1037 466 est.
1054 438 1093 466 Ne
1105 446 1242 474 peceattnn
1265 446 1339 468 tuum
1353 442 1475 469 conﬁteri
1487 451 1568 478 grave
1579 444 1670 477 ducas,
1683 447 1771 474 sciens

988 492 1040 519 quo
1054 489 1131 519 pacto
1146 484 1263 512 Joannes
1279 486 1467 520 baptizaverit,
1482 492 1511 513 ut
1535 495 1583 522 per
1605 488 1685 523 hujus
1708 490 1772 517 vitae

987 531 1128 566 pudorem,
1142 530 1225 558 futuri
1240 531 1329 558 saeculi
1344 532 1470 566 pudorem
1486 532 1711 570 ignominiamque
1727 536 1770 562 fu-

988 577 1045 611 gias
1059 576 1133 612 (nam
1161 577 1212 603 hoc
1234 584 1340 611 quoque
1363 578 1523 613 sempiterni
1555 578 1625 607 illius
1647 580 1772 615 supplicii

988 631 1050 658 pars
1063 622 1134 658 est);
1153 630 1185 650 ac
1203 624 1372 657 perspicuum
1394 624 1486 657 iacias,
1509 629 1534 653 te
1561 626 1631 654 serio
1646 632 1726 662 atque
1738 636 1773 655 ex

989 669 1083 696 animo
1109 674 1247 704 peccatum
1272 669 1361 697 odisse
1391 678 1424 697 ac
1457 672 1596 706 detestari,
1620 673 1682 701 dum
1707 674 1771 702 illud

990 721 1115 749 tanquam
1133 715 1296 742 contumelia
1317 715 1425 750 digitum
1444 717 1571 750 traducis,
1591 726 1622 746 ac
1637 719 1710 746 velut
1729 720 1772 747 lu—

989 762 1077 789 dibrio
1091 761 1214 796 exponis,
1231 761 1265 788 de
1281 769 1366 797 eoque
1378 762 1543 798 triumphum
1555 765 1622 800 agis.
1640 765 1678 793 Ne
1692 773 1772 794 exor-

989 807 1065 835 cismi
1083 807 1243 834 medicinam
1256 814 1376 842 respuas,
1392 816 1441 836 nec
1457 809 1492 836 ob
1509 809 1579 837 illius
1590 811 1772 845 prolixitatem

989 853 1079 880 animo
1093 853 1230 880 concidas.
1245 852 1312 880 Nam
1326 853 1352 881 id
1372 862 1479 889 quoque
1495 855 1567 883 velut
1579 856 1648 892 lapis
1663 858 1772 892 quidam

988 899 1088 934 Lydius
1099 903 1149 931 est,
1170 899 1203 926 ad
1216 905 1296 934 quem
1311 899 1470 934 exploratur
1484 908 1565 935 quam
1581 902 1686 931 sincero
1698 905 1772 938 quis-

988 953 1041 980 que
1075 950 1183 980 pectore
1208 945 1242 971 ad
1268 945 1428 980 baptismum
1464 948 1585 975 accedat.
1628 949 1773 984 Ecqnantlo

989 996 1092 1019 tantum
1113 991 1213 1018 laboris
1230 991 1392 1026 susceperis,
1414 997 1545 1026 qttantum
1560 993 1716 1029 Ethiopian
1733 1004 1774 1022 re-

988 1037 1060 1072 gina,
1075 1044 1133 1071 quo:
1152 1037 1183 1062 ab
1194 1036 1316 1062 extremis
1329 1040 1407 1063 terra
1421 1036 1518 1070 ﬁnibus
1534 1040 1658 1072 perrexit,
1675 1044 1703 1067 ut
1721 1040 1774 1067 Sa-

989 1083 1099 1110 lomonis
1116 1082 1195 1118 713
1209 1082 1365 1117 sapientiam
1381 1083 1539 1111 videret?Et
1550 1093 1608 1112 ecce
1624 1086 1682 1119 plus
1693 1095 1771 1120 quam

990 1128 1115 1156 Salomon
1127 1129 1169 1156 hic
1181 1128 1215 1162 “,
1230 1128 1323 1156 saltem
1347 1129 1416 1163 apud
1434 1137 1491 1161 eos,
1507 1131 1552 1165 qui
1574 1138 1629 1158 rem
1654 1132 1772 1166 perfecte

990 1175 1170 1202 considerant.
1186 1174 1225 1201 Ne
1243 1175 1293 1202 viae
1305 1174 1528 1210 longinquitatem
1543 1176 1708 1210 reformides,
1723 1186 1774 1206 nec

991 1221 1073 1248 maris
1100 1220 1197 1256 spatia,
1225 1228 1274 1248 nec
1292 1221 1390 1256 ignem,
1406 1222 1427 1249 si
1451 1221 1620 1255 adhibeatur,
1637 1231 1687 1251 nec
1701 1225 1773 1252 aliud

991 1267 1170 1302 quodcunque
1195 1267 1425 1302 impedimentum,
1455 1275 1509 1302 qtto
1532 1269 1646 1304 gratiam
1681 1277 1774 1298 conse-

991 1313 1092 1347 qttaris.
1106 1312 1172 1340 Cum
1190 1316 1279 1339 autent
1304 1312 1362 1345 tibi,
1381 1320 1430 1340 nec
1443 1312 1534 1341 labore
1547 1314 1612 1346 ullo,
1631 1322 1678 1342 nec
1692 1322 1773 1349 opera

991 1358 1045 1385 ulla
1061 1362 1195 1392 suscepta,
1217 1359 1255 1385 rei
1275 1358 1399 1393 expetitae
1423 1365 1572 1394 compotem
1600 1361 1656 1388 lieri
1681 1361 1771 1395 liceat,

995 1410 1056 1438 qua:
1073 1403 1180 1430 tandem
1201 1402 1313 1430 stultitia
1336 1408 1387 1435 est,
1403 1404 1502 1431 donum
1520 1405 1545 1432 in
1570 1406 1640 1433 aliud
1669 1412 1773 1442 tempus

991 1449 1122 1484 rejicere?
1139 1448 1275 1481 Sitientet,
1293 1450 1390 1484 inquit,
1406 1451 1489 1477 venite
1517 1452 1551 1477 ad
1572 1460 1667 1486 aquam
1684 1454 1734 1488 (sic
1749 1459 1776 1481 te

992 1495 1114 1522 hortatur
1134 1494 1245 1530 Isaias);
1262 1500 1284 1522 et
1303 1496 1348 1530 qui
1365 1503 1417 1522 non
1430 1496 1529 1523 habetis
1545 1500 1737 1532 urgentum,'ite
1749 1503 1775 1526 et

151 1543 270 1578 δέχεται.
289 1542 359 1578 Διψᾷ
374 1543 404 1569 τὸ
421 1542 559 1577 διψᾶσθαι·
583 1541 686 1574 ποτίζει
706 1543 769 1574 τοὺς
789 1543 860 1569 πιεῖν
884 1542 941 1568 ἐθέ-

994 1542 1082 1573 emite,
1101 1551 1131 1569 ac
1146 1543 1245 1574 vinum,
1258 1541 1332 1569 nullo
1347 1542 1481 1577 persoluto
1501 1545 1598 1578 pretio.
1614 1545 1691 1572 bibite
1700 1546 1732 1572 ⁵⁸.
1754 1545 1776 1573 0

151 1589 256 1621 λοντας·
284 1589 478 1625 εὐεργετεῖται,
506 1589 555 1624 τὴν
591 1588 748 1623 εὐεργεσίαν
772 1587 941 1622 αἰτούμενος·

152 1635 299 1670 πρόχειρός
315 1635 375 1661 ἐστι
391 1633 589 1669 μεγαλόδωρος·
610 1633 716 1660 δίδωσιν
742 1633 826 1668 ἥδιον,
845 1632 862 1668 ἢ
877 1633 944 1668 λαμ-

152 1680 280 1707 ϐάνουσιν
299 1680 398 1715 ἕτεροι.
416 1680 504 1707 Μόνον
513 1680 551 1715 μὴ
563 1679 738 1715 μικρολογίαν
747 1678 944 1712 καταγνωσθῶ-

155 1735 204 1761 μεν
215 1725 263 1752 τοῦ
280 1726 336 1761 (24)
354 1725 439 1761 μικρὰ
464 1726 560 1757 αἰτεῖν,
576 1725 624 1751 καὶ
639 1724 686 1751 τοῦ
703 1724 819 1755 διδόντος
835 1724 942 1758 ἀνάξια.

154 1773 308 1808 Μακάριος,
318 1771 348 1798 ὃν
359 1772 430 1798 αἰτεῖ
447 1771 521 1806 πόμα
540 1770 666 1806 Χριστὸς,
680 1770 717 1802 ὡς
732 1771 780 1806 τὴν
808 1771 944 1806 Σαμαρεῖ-

154 1827 197 1845 τιν
212 1818 269 1853 (25)
284 1818 402 1853 ἐκείνην,
416 1817 471 1844 Καὶ
487 1817 591 1844 δίδωσι
609 1816 710 1851 πηγὴν
730 1816 838 1849 ὕδατος
852 1816 944 1843 ἀλλο-

154 1863 248 1898 μένου
263 1864 307 1896 είς
318 1862 395 1897 ζωὴν
407 1863 536 1890 αἰώνιον.
549 1862 698 1897 Μακάριος
717 1863 733 1889 ὀ
752 1862 883 1896 σπείρων
895 1861 944 1888 ἐπὶ

155 1913 218 1941 πᾶν
234 1913 324 1948 ὕδωρ,
339 1914 386 1940 καὶ
402 1914 491 1940 πᾶσαν
504 1913 605 1948 ψυχὴν,
619 1911 713 1948 αὔριον
729 1911 882 1947 ἀρουμένην
899 1911 946 1937 καὶ

156 1961 319 1996 ἁρδομένην,
334 1960 368 1997 ἢν
383 1960 446 1996 βοῦς
462 1960 509 1986 κα).
531 1959 590 1991 δνος
603 1959 682 1985 πατεῖ
700 1958 828 1993 σήμερον,
848 1957 945 1992 χέρσον

156 2015 186 2033 τε
196 2004 281 2033 οὖσαν
302 2005 349 2033 καί
365 2005 490 2041 ἄνυδρον.
514 2006 561 2032 καὶ
580 2004 677 2040 ἀλογίᾳ
693 2002 868 2038 πιεζομένην.
886 2002 946 2028 Μα-

156 2051 262 2087 κάριος,
278 2050 307 2082 ὃς
320 2050 370 2077 κᾶν
383 2050 550 2086 χειμάρρους
567 2049 622 2086 (26)
679 2049 803 2084 σχοίνων,
818 2048 848 2081 ἐξ
871 2048 944 2074 οἴκου

157 2096 259 2132 Κυρίου
272 2096 419 2128 ποτίζεται,
440 2096 487 2122 καὶ
502 2095 605 2130 γίνεται
619 2094 758 2130 σιτοφόρος
768 2094 829 2121 ἀντὶ
846 2101 946 2128 σχοινο-

157 2141 253 2177 φόρου,
278 2143 324 2169 καὶ
353 2142 470 2177 γεωργεῖ
492 2140 594 2176 τροφὴν
617 2140 801 2176 ἀνθρωπίνην,
831 2138 888 2166 ἀλλ’
914 2138 945 2164 οὺ

156 2188 287 2224 τραχεῖάν
301 2196 332 2214 τε
346 2188 402 2223 (27)
425 2188 472 2215 καὶ
488 2188 625 2223 ἀνόνητον.
642 2185 726 2221 Ὑπὲρ
744 2183 775 2213 οὗ
787 2185 876 2212 πᾶσαν
891 2186 946 2211 εἰσ-

995 1588 1128 1623 ingentem
1154 1588 1326 1623 benignitatis
1352 1588 1529 1616 celeritatem!
1544 1589 1566 1616 Ο
1585 1590 1688 1618 facilem
1713 1599 1777 1618 con-

996 1635 1117 1661 lrahendi
1133 1635 1284 1662 rationem!
1305 1634 1361 1661 [loc
1378 1635 1475 1662 bonum
1498 1636 1554 1662 sola
1577 1636 1712 1663 voluntate
1733 1645 1778 1664 ve-

995 1680 1055 1707 nale
1071 1680 1116 1707 tibi
1131 1681 1306 1715 proponitur;
1326 1681 1412 1714 ipsum
1434 1680 1515 1708 animi
1529 1681 1691 1709 desiderium
1705 1682 1777 1710 Deus

995 1726 1111 1761 iungentis
1122 1726 1199 1761 pretii
1214 1726 1272 1753 loco
1286 1726 1377 1753 habet.
1391 1726 1455 1754 Sitit
1476 1727 1544 1753 sitiri
1559 1735 1566 1753 :
1582 1727 1671 1754 bibere
1686 1728 1778 1755 volen-

996 1770 1066 1797 tibus
1086 1775 1176 1804 potum
1193 1771 1310 1805 przebet;
1323 1778 1383 1797 cum
1396 1770 1430 1798 ab
1442 1778 1474 1798 eo
1491 1771 1649 1798 beneficium
1665 1772 1776 1806 petitur,

996 1815 1053 1850 ipse
1075 1816 1205 1844 beneﬁcio
1229 1816 1343 1843 aiiicitur
1358 1824 1365 1841 :
1381 1817 1407 1843 in
1423 1821 1548 1851 promptu
1563 1822 1604 1844 est
1616 1818 1700 1852 ipsius
1718 1826 1779 1844 mu-

997 1864 1131 1890 niﬁcentia
1149 1871 1180 1890 ac
1201 1864 1349 1892 liberalitas
1367 1863 1531 1898 :jncundius
1557 1864 1614 1896 dat,
1630 1871 1709 1898 quam
1729 1865 1775 1891 alii

996 1910 1138 1945 accipiant.
1155 1910 1213 1937 Hoc
1224 1917 1307 1936 unum
1318 1917 1471 1943 caveamus,
1493 1918 1527 1937 ne
1541 1910 1625 1944 jejuni
1636 1918 1667 1937 ac
1681 1911 1778 1938 minuti

997 1955 1079 1982 animi
1090 1960 1179 1982 notam
1198 1955 1350 1986 subeamus,
1364 1961 1456 1988 parva,
1478 1955 1579 1988 Deique
1595 1954 1778 1982 munificentia

996 2007 1089 2034 parum
1116 2000 1195 2034 digna
1211 1999 1388 2034 postulantes.
1404 1999 1503 2027 Beatus
1517 1999 1571 2032 ille,
1589 2007 1603 2026 ει
1616 2007 1680 2034 quo,
1698 2005 1728 2027 ut
1744 2001 1779 2028 ab

997 2046 1042 2073 illa
1061 2045 1350 2080 Samaritana,.potum
1374 2045 1498 2073 Christus
1520 2046 1616 2080 poscit,
1630 2045 1779 2082 fontemque

995 2094 1042 2120 diu
1057 2101 1132 2127 aqua
1149 2093 1175 2119 in
1195 2093 1276 2120 vitam
1291 2096 1416 2119 retentam
1431 2092 1549 2118 salientis
1558 2092 1589 2118 ’°.
1609 2092 1717 2124 Beatus.
1733 2093 1778 2126 qui

995 2141 1106 2167 seminat
1116 2146 1193 2172 super
1210 2145 1312 2165 omnem
1326 2145 1422 2171 aquam
1430 2137 1464 2169 ⁸⁷,
1484 2142 1511 2165 et
1527 2145 1634 2165 omnetn
1650 2138 1780 2172 animam,

997 2185 1114 2213 crastino
1133 2184 1175 2212 die
1194 2188 1286 2212 aratro
1314 2183 1545 2218 perstringendam
1560 2188 1584 2211 et
1604 2183 1778 2219 irrigandam,

157 2233 282 2260 ενεκτέῡν
309 2233 437 2269 σπουδὴν,
458 2232 528 2260 ὥστε
549 2232 586 2268 μὴ
603 2231 761 2267 διαμαρτεῖν
782 2231 830 2266 τῆς
853 2231 941 2266 κοινῆς

997 2237 1079 2265 quam
1099 2229 1178 2257 hodie
1205 2229 1252 2256 bos
1265 2234 1292 2256 et
1307 2229 1399 2256 asinus
1423 2228 1538 2260 calcant,
1557 2233 1649 2263 utpote
1664 2234 1779 2263 vastam,

157 2279 280 2315 χάριτος.

999 2276 1125 2304 incultam
1141 2280 1167 2303 et
1180 2276 1292 2307 aridam,
1306 2282 1338 2302 ac
1353 2275 1430 2301 bruta
1442 2274 1588 2302 stoliditate
1601 2274 1778 2302 laborantem.

157 2325 270 2358 Beatus,
288 2326 333 2361 qui
345 2325 407 2354 licet
419 2326 562 2361 juncorum
573 2329 678 2352 torrens
693 2324 738 2356 sit,
754 2324 787 2352 de
800 2325 879 2352 domo
900 2329 989 2352 tamen
1004 2324 1108 2351 Domini
1141 2321 1285 2358 rigatur",
1318 2325 1398 2356 atque
1431 2329 1463 2348 ex
1494 2319 1628 2355 junciiero
1650 2320 1779 2348 frumenti

157 2372 236 2399 ferax
261 2371 388 2404 ctﬁcitur,
414 2377 575 2407 pastumque
604 2378 677 2403 eum,
710 2371 755 2405 qui
784 2371 939 2398 hominibus
958 2375 1037 2406 aptus
1056 2371 1103 2402 sit,
1119 2369 1231 2405 profert,
1251 2377 1303 2396 non
1321 2373 1409 2396 autem
1434 2375 1558 2403 asperum
1588 2373 1616 2394 et
1647 2367 1778 2394 inutilem.

158 2419 201 2444 Ac
214 2417 327 2453 proinde
337 2418 411 2446 omni
431 2425 495 2445 cura
509 2423 536 2445 et
549 2417 640 2446 studio
651 2418 728 2445 nobis
744 2420 785 2444 est.
798 2417 1004 2451 providendum,
1020 2424 1053 2444 ne
1067 2416 1202 2444 communi
1222 2416 1273 2442 hac
1284 2415 1370 2450 gratia
1382 2421 1534 2441 carcamtts.

196 2497 220 2514 ³⁸
233 2497 327 2526 Matth.
342 2506 392 2529 xtl,
406 2498 457 2531 ἧς
475 2498 509 2525 Ill
526 2498 591 2534 Reg.
606 2505 634 2530 ι,
648 2498 659 2524 1
676 2505 734 2532 sqq.

195 2587 254 2657 (15)
268 2587 430 2626 Μεςαποιῇ.
440 2598 450 2614 ι
460 2589 620 2622 lmmutaris,
631 2598 640 2614 ι
650 2588 675 2615 id
687 2593 737 2621 est,
749 2597 758 2613 ι
769 2587 942 2615 renasccrisu

196 2622 244 2656 (16
268 2624 328 2655 Mla.
354 2623 464 2657 μορφῇ.
492 2624 586 2652 Comb.
615 2623 722 2657 praefert
731 2643 738 2654 ,
769 2623 816 2657 μία
836 2622 925 2657 μορφή
935 2641 942 2653 ,

196 2622 254 2657 (16)
268 2622 336 2663 μιᾷ.
354 2623 464 2658 μορφῇ.
492 2624 586 2652 Comb.
615 2623 738 2658 praefert,
769 2623 816 2658 μία
836 2622 943 2658 μορφή,

157 2658 187 2685 in
205 2658 373 2684 nominativo
390 2667 462 2685 casn.

196 2692 254 2726 (17)
274 2691 475 2720 Ἐπιτέθειται.
489 2693 571 2721 Coisl.
591 2693 617 2725 1,
629 2692 752 2720 τέθειται.

197 2727 255 2762 (18)
270 2727 393 2754 Ἐκεῖσε.
409 2728 454 2756 0r.
474 2729 500 2758 1,
520 2728 634 2755 ἐκεῖθεν.

271 2762 384 2805 Aonian
407 2764 472 2802 Tres
486 2764 703 2805 κομηταύτην.
726 2803 731 2805 Δ
757 2798 775 2805 Π
824 2798 829 2805 1
887 2795 897 2802 ἢ

195 2798 255 2840 (βυ)
271 2797 491 2826 ’Λπαναστᾶσω
515 2797 580 2826 'l‘res
601 2797 683 2833 Κείς.
708 2803 735 2825 ει
756 2798 862 2828 Comi»,
887 2797 951 2823 ἂνα-

160 2841 262 2859 στας-α.

200 2867 257 2903 (ﬁt)
275 2867 441 2901 Ἀργυρίου.
470 2869 546 2897 Deest
561 2869 586 2897 in
601 2869 718 2904 quinque
740 2867 823 2903 Regg.
839 2866 951 2895 Videtur

793 2499 814 2514 "
827 2498 877 2524 Isa.
893 2505 935 2529 ιν,

1011 2497 1033 2512 ’⁸
1050 2495 1128 2523 Joan.
1142 2502 1177 2527 tv,
1195 2494 1221 2520 7.
1259 2494 1281 2509 ’⁷
1294 2493 1346 2520 lsa.
1365 2501 1450 2524 χχχιι,
1466 2493 1511 2519 20.
1550 2493 1572 2508 ³⁸
1587 2491 1644 2520 Joel
1680 2499 1720 2522 tn,
1738 2490 1780 2517 18.

998 2586 1161 2613 Combelisio
1177 2586 1311 2619 glossema
1329 2593 1401 2617 esse,
1416 2591 1462 2612 aut
1473 2585 1524 2612 alia
1542 2585 1629 2612 lectio.

1036 2621 1090 2655 (Ἦ.)
1112 2621 1210 2647 Τοῦτο.
1229 2621 1306 2647 Deest
1322 2621 1348 2646 in
1362 2621 1480 2654 quinque
1499 2621 1580 2655 ltegg.
1595 2627 1621 2648 et
1636 2619 1683 2647 Or.
1702 2620 1728 2646 1.

1035 2656 1090 2691 (25)
1103 2657 1211 2691 Μόνον.
1231 2656 1295 2688 Reg.
1312 2656 1366 2691 lim.
1384 2656 1475 2690 μόνου.

1035 2689 1179 2732 (24).Τοῦ.
1204 2691 1297 2717 Plures
1316 2689 1401 2725 Ri-gg.
1426 2695 1453 2718 et
1477 2690 1564 2723 Colb.,
1589 2690 1657 2723 Jes.,
1674 2690 1781 2722 Comb.,

1000 2731 1063 2756 clm,
1076 2731 1124 2756 τῲ.

1101 2753 1289 2804 getting-eiut”.
1304 2760 1350 2804 (ξπ.
1367 2761 1392 2792 1,
1407 2761 1589 2804 Σαμαρείτην.

1035 2797 1089 2830 (26)
1105 2795 1296 2832 Χειμάρῤοιις.
1315 2797 1344 2832 ltt
1355 2795 1501 2828 nonnullis,
1518 2795 1676 2832 χείμαρρος.

1002 2866 1022 2894 D
1036 2832 1091 2894 (27‘)
1108 2831 1249 2894 Τριιχεᾶάν
1268 2839 1308 2857 τε.
1329 2831 1374 2859 Sic
1394 2836 1448 2860 tres
1474 2832 1556 2867 Regg.
1580 2838 1607 2859 et
1623 2831 1683 2859 tres
1705 2831 1781 2860 Colb.

1024 2874 1069 2894 CCS
1095 2875 1124 2893 τε
1139 2875 1163 2894 III
1177 2875 1192 2894 e
1214 2887 1221 2893 .

1024 2872 1081 2895 CCSI
1095 2875 1124 2893 τε
1139 2872 1221 2895 med.
