  <div class='ocr_page' id='page_1' title='image "/cluster/home/n/w/nwhite01/storage/ocr_20150623/36/njp.32101013202633/211.png"; bbox 0 0 2013 3134; ppageno 0'>
   <div class='ocr_carea' id='block_1_1' title="bbox 231 159 283 187">
    <p class='ocr_par' dir='ltr' id='par_1_1' title="bbox 231 159 283 187">
     <span class='ocr_line' id='line_1_1' title="bbox 231 159 283 187; baseline 0 0"><span class='ocrx_word' id='word_1_1' title='bbox 231 159 283 187; x_wconf 79' lang='grc'>599</span> 
     </span>
    </p>
   </div>
   <div class='ocr_carea' id='block_1_2' title="bbox 834 155 1242 186">
    <p class='ocr_par' dir='ltr' id='par_1_2' title="bbox 834 155 1242 186">
     <span class='ocr_line' id='line_1_2' title="bbox 834 155 1242 186; baseline -0.002 -2"><span class='ocrx_word' id='word_1_2' title='bbox 834 159 862 186; x_wconf 86' lang='lat' dir='ltr'><strong>S.</strong></span> <span class='ocrx_word' id='word_1_3' title='bbox 883 158 1047 185; x_wconf 78' lang='lat' dir='ltr'><strong>GREGORII</strong></span> <span class='ocrx_word' id='word_1_4' title='bbox 1068 155 1242 183; x_wconf 80' lang='lat' dir='ltr'><strong>TIIEOI.OGI</strong></span> 
     </span>
    </p>
   </div>
   <div class='ocr_carea' id='block_1_3' title="bbox 1803 155 1852 181">
    <p class='ocr_par' dir='ltr' id='par_1_3' title="bbox 1803 155 1852 181">
     <span class='ocr_line' id='line_1_3' title="bbox 1803 155 1852 181; baseline 0.02 -1"><span class='ocrx_word' id='word_1_5' title='bbox 1803 155 1852 181; x_wconf 68' lang='grc'><strong>400</strong></span> 
     </span>
    </p>
   </div>
   <div class='ocr_carea' id='block_1_4' title="bbox 266 214 1021 254">
    <p class='ocr_par' dir='ltr' id='par_1_4' title="bbox 266 217 1013 252">
     <span class='ocr_line' id='line_1_4' title="bbox 266 217 1013 252; baseline -0.001 -8"><span class='ocrx_word' id='word_1_6' title='bbox 266 217 379 245; x_wconf 75' lang='lat' dir='ltr'>XXVIII.</span> <span class='ocrx_word' id='word_1_7' title='bbox 401 217 460 245; x_wconf 88' lang='lat' dir='ltr'><strong>Sint</strong></span> <span class='ocrx_word' id='word_1_8' title='bbox 477 217 533 244; x_wconf 65' lang='lat' dir='ltr'><strong>ba‘c</strong></span> <span class='ocrx_word' id='word_1_9' title='bbox 549 225 624 248; x_wconf 85' lang='lat' dir='ltr'><strong>sane.</strong></span> <span class='ocrx_word' id='word_1_10' title='bbox 643 217 742 245; x_wconf 81' lang='lat' dir='ltr'><strong>dixerit</strong></span> <span class='ocrx_word' id='word_1_11' title='bbox 763 218 869 252; x_wconf 75' lang='lat' dir='ltr'><strong>aliquis,</strong></span> <span class='ocrx_word' id='word_1_12' title='bbox 885 222 1013 251; x_wconf 87' lang='lat' dir='ltr'><strong>quantum</strong></span> 
     </span>
    </p>
   </div>
   <div class='ocr_carea' id='block_1_5' title="bbox 1071 214 1852 254">
    <p class='ocr_par' dir='ltr' id='par_1_5' title="bbox 1101 214 1852 250">
     <span class='ocr_line' id='line_1_5' title="bbox 1101 214 1852 250; baseline -0.003 -8"><span class='ocrx_word' id='word_1_13' title='bbox 1101 216 1168 242; x_wconf 83' lang='lat' dir='ltr'><strong>KIl&#39;.</strong></span> <span class='ocrx_word' id='word_1_14' title='bbox 1189 217 1279 242; x_wconf 80' lang='grc' dir='ltr'>Ἔστω</span> <span class='ocrx_word' id='word_1_15' title='bbox 1295 215 1390 245; x_wconf 73' lang='grc' dir='ltr'>ταῦτα,</span> <span class='ocrx_word' id='word_1_16' title='bbox 1406 215 1481 250; x_wconf 73' lang='grc' dir='ltr'>φησὶ,</span> <span class='ocrx_word' id='word_1_17' title='bbox 1509 215 1572 250; x_wconf 74' lang='grc' dir='ltr'>περὶ</span> <span class='ocrx_word' id='word_1_18' title='bbox 1587 215 1641 241; x_wconf 83' lang='grc' dir='ltr'><strong>τῶν</strong></span> <span class='ocrx_word' id='word_1_19' title='bbox 1654 214 1852 248; x_wconf 69' lang='grc' dir='ltr'><strong>ἐπιζητούντων</strong></span> 
     </span>
    </p>
   </div>
   <div class='ocr_carea' id='block_1_6' title="bbox 230 262 1015 297">
    <p class='ocr_par' dir='ltr' id='par_1_6' title="bbox 230 262 1015 297">
     <span class='ocr_line' id='line_1_6' title="bbox 230 262 1015 297; baseline -0.005 -5"><span class='ocrx_word' id='word_1_20' title='bbox 230 265 264 292; x_wconf 80' lang='lat' dir='ltr'><strong>ad</strong></span> <span class='ocrx_word' id='word_1_21' title='bbox 279 271 324 292; x_wconf 90' lang='lat' dir='ltr'><strong>eos</strong></span> <span class='ocrx_word' id='word_1_22' title='bbox 339 263 443 294; x_wconf 86' lang='lat' dir='ltr'><strong>attinet.</strong></span> <span class='ocrx_word' id='word_1_23' title='bbox 457 263 502 297; x_wconf 88' lang='lat' dir='ltr'><strong>qui</strong></span> <span class='ocrx_word' id='word_1_24' title='bbox 518 263 679 297; x_wconf 86' lang='lat' dir='ltr'><strong>baptismum</strong></span> <span class='ocrx_word' id='word_1_25' title='bbox 702 263 852 296; x_wconf 89' lang='lat' dir='ltr'><strong>requirunt.</strong></span> <span class='ocrx_word' id='word_1_26' title='bbox 879 262 947 295; x_wconf 84' lang='lat' dir='ltr'><strong>Quid</strong></span> <span class='ocrx_word' id='word_1_27' title='bbox 969 270 1015 288; x_wconf 89' lang='lat' dir='ltr'><strong>au-</strong></span> 
     </span>
    </p>
   </div>
   <div class='ocr_carea' id='block_1_7' title="bbox 231 309 1017 343">
    <p class='ocr_par' dir='ltr' id='par_1_7' title="bbox 231 309 1017 343">
     <span class='ocr_line' id='line_1_7' title="bbox 231 309 1017 343; baseline -0.005 -5"><span class='ocrx_word' id='word_1_28' title='bbox 231 317 285 338; x_wconf 83' lang='lat' dir='ltr'><strong>tem</strong></span> <span class='ocrx_word' id='word_1_29' title='bbox 298 310 330 336; x_wconf 88' lang='lat' dir='ltr'><strong>de</strong></span> <span class='ocrx_word' id='word_1_30' title='bbox 344 309 377 336; x_wconf 85' lang='lat' dir='ltr'><strong>iis</strong></span> <span class='ocrx_word' id='word_1_31' title='bbox 396 309 480 342; x_wconf 81' lang='lat' dir='ltr'><strong>dices,</strong></span> <span class='ocrx_word' id='word_1_32' title='bbox 494 309 539 343; x_wconf 85' lang='lat' dir='ltr'><strong>qui</strong></span> <span class='ocrx_word' id='word_1_33' title='bbox 567 314 656 336; x_wconf 78' lang='lat' dir='ltr'><strong>tenera</strong></span> <span class='ocrx_word' id='word_1_34' title='bbox 680 309 769 336; x_wconf 86' lang='lat' dir='ltr'><strong>adhuc</strong></span> <span class='ocrx_word' id='word_1_35' title='bbox 784 314 863 336; x_wconf 70' lang='lat' dir='ltr'><strong>(etate</strong></span> <span class='ocrx_word' id='word_1_36' title='bbox 880 313 952 340; x_wconf 87' lang='lat' dir='ltr'><strong>sunt,</strong></span> <span class='ocrx_word' id='word_1_37' title='bbox 968 315 1017 335; x_wconf 91' lang='lat' dir='ltr'><strong>nec</strong></span> 
     </span>
    </p>
   </div>
   <div class='ocr_carea' id='block_1_8' title="bbox 231 355 1014 390">
    <p class='ocr_par' dir='ltr' id='par_1_8' title="bbox 231 355 1014 390">
     <span class='ocr_line' id='line_1_8' title="bbox 231 355 1014 390; baseline -0.004 -7"><span class='ocrx_word' id='word_1_38' title='bbox 231 362 277 384; x_wconf 79' lang='lat' dir='ltr'><strong>aut</strong></span> <span class='ocrx_word' id='word_1_39' title='bbox 293 356 417 383; x_wconf 78' lang='lat' dir='ltr'><strong>damnum</strong></span> <span class='ocrx_word' id='word_1_40' title='bbox 435 360 482 382; x_wconf 85' lang='lat' dir='ltr'><strong>aut</strong></span> <span class='ocrx_word' id='word_1_41' title='bbox 504 356 618 390; x_wconf 80' lang='lat' dir='ltr'><strong>gratiam</strong></span> <span class='ocrx_word' id='word_1_42' title='bbox 635 355 773 382; x_wconf 86' lang='lat' dir='ltr'><strong>sentiunt?</strong></span> <span class='ocrx_word' id='word_1_43' title='bbox 787 355 827 381; x_wconf 81' lang='lat' dir='ltr'><strong>Au</strong></span> <span class='ocrx_word' id='word_1_44' title='bbox 844 362 890 382; x_wconf 90' lang='lat' dir='ltr'><strong>eos</strong></span> <span class='ocrx_word' id='word_1_45' title='bbox 906 361 1014 388; x_wconf 84' lang='lat' dir='ltr'><strong>quoque</strong></span> 
     </span>
    </p>
   </div>
   <div class='ocr_carea' id='block_1_9' title="bbox 232 397 1017 436">
    <p class='ocr_par' dir='ltr' id='par_1_9' title="bbox 232 397 1017 436">
     <span class='ocr_line' id='line_1_9' title="bbox 232 397 1017 436; baseline -0.005 -7"><span class='ocrx_word' id='word_1_46' title='bbox 232 401 445 436; x_wconf 82' lang='lat' dir='ltr'><strong>baptizabimus?</strong></span> <span class='ocrx_word' id='word_1_47' title='bbox 468 401 505 427; x_wconf 87' lang='lat' dir='ltr'><strong>Ita</strong></span> <span class='ocrx_word' id='word_1_48' title='bbox 529 407 650 435; x_wconf 80' lang='lat' dir='ltr'><strong>prorsus,</strong></span> <span class='ocrx_word' id='word_1_49' title='bbox 668 400 690 427; x_wconf 91' lang='lat' dir='ltr'><strong>si</strong></span> <span class='ocrx_word' id='word_1_50' title='bbox 706 397 778 434; x_wconf 79' lang='lat' dir='ltr'><strong>quod</strong></span> <span class='ocrx_word' id='word_1_51' title='bbox 803 399 952 434; x_wconf 90' lang='lat' dir='ltr'><strong>periculum</strong></span> <span class='ocrx_word' id='word_1_52' title='bbox 971 407 1017 426; x_wconf 94' lang='lat' dir='ltr'><strong>ur-</strong></span> 
     </span>
    </p>
   </div>
   <div class='ocr_carea' id='block_1_10' title="bbox 232 446 1016 482">
    <p class='ocr_par' dir='ltr' id='par_1_10' title="bbox 232 446 1016 482">
     <span class='ocr_line' id='line_1_10' title="bbox 232 446 1016 482; baseline -0.005 -8"><span class='ocrx_word' id='word_1_53' title='bbox 232 453 302 482; x_wconf 78' lang='lat' dir='ltr'><strong>geat.</strong></span> <span class='ocrx_word' id='word_1_54' title='bbox 318 447 430 474; x_wconf 68' lang='lat' dir='ltr'><strong>Praestat</strong></span> <span class='ocrx_word' id='word_1_55' title='bbox 442 447 513 473; x_wconf 91' lang='lat' dir='ltr'><strong>enim</strong></span> <span class='ocrx_word' id='word_1_56' title='bbox 529 446 629 481; x_wconf 82' lang='lat' dir='ltr'><strong>absque</strong></span> <span class='ocrx_word' id='word_1_57' title='bbox 647 453 727 473; x_wconf 89' lang='lat' dir='ltr'><strong>sensu</strong></span> <span class='ocrx_word' id='word_1_58' title='bbox 743 446 922 476; x_wconf 83' lang='lat' dir='ltr'><strong>sanctilicari,</strong></span> <span class='ocrx_word' id='word_1_59' title='bbox 937 453 1016 479; x_wconf 84' lang='lat' dir='ltr'><strong>quam</strong></span> 
     </span>
    </p>
   </div>
   <div class='ocr_carea' id='block_1_11' title="bbox 233 491 1016 528">
    <p class='ocr_par' dir='ltr' id='par_1_11' title="bbox 233 491 1016 528">
     <span class='ocr_line' id='line_1_11' title="bbox 233 491 1016 528; baseline -0.003 -8"><span class='ocrx_word' id='word_1_60' title='bbox 233 494 291 520; x_wconf 87' lang='lat' dir='ltr'><strong>sine</strong></span> <span class='ocrx_word' id='word_1_61' title='bbox 303 492 390 528; x_wconf 75' lang='lat' dir='ltr'><strong>sigillo</strong></span> <span class='ocrx_word' id='word_1_62' title='bbox 403 497 430 519; x_wconf 90' lang='lat' dir='ltr'><strong>et</strong></span> <span class='ocrx_word' id='word_1_63' title='bbox 445 492 597 519; x_wconf 77' lang='lat' dir='ltr'><strong>initiatione</strong></span> <span class='ocrx_word' id='word_1_64' title='bbox 611 493 766 518; x_wconf 75' lang='lat' dir='ltr'><strong>abscedere.</strong></span> <span class='ocrx_word' id='word_1_65' title='bbox 783 492 869 526; x_wconf 83' lang='lat' dir='ltr'><strong>Atque</strong></span> <span class='ocrx_word' id='word_1_66' title='bbox 883 492 961 524; x_wconf 83' lang='lat' dir='ltr'><strong>hujus</strong></span> <span class='ocrx_word' id='word_1_67' title='bbox 979 491 1016 518; x_wconf 88' lang='lat' dir='ltr'><strong>rei</strong></span> 
     </span>
    </p>
   </div>
   <div class='ocr_carea' id='block_1_12' title="bbox 234 538 1017 572">
    <p class='ocr_par' dir='ltr' id='par_1_12' title="bbox 234 538 1017 572">
     <span class='ocr_line' id='line_1_12' title="bbox 234 538 1017 572; baseline -0.001 -7"><span class='ocrx_word' id='word_1_68' title='bbox 234 539 302 566; x_wconf 84' lang='lat' dir='ltr'><strong>ratio</strong></span> <span class='ocrx_word' id='word_1_69' title='bbox 319 538 396 565; x_wconf 85' lang='lat' dir='ltr'><strong>nobis</strong></span> <span class='ocrx_word' id='word_1_70' title='bbox 412 542 454 565; x_wconf 86' lang='lat' dir='ltr'><strong>est</strong></span> <span class='ocrx_word' id='word_1_71' title='bbox 477 539 660 569; x_wconf 74' lang='lat' dir='ltr'><strong>circumcisio,</strong></span> <span class='ocrx_word' id='word_1_72' title='bbox 677 538 719 565; x_wconf 87' lang='lat' dir='ltr'><strong>die</strong></span> <span class='ocrx_word' id='word_1_73' title='bbox 740 543 835 565; x_wconf 80' lang='lat' dir='ltr'><strong>octavo</strong></span> <span class='ocrx_word' id='word_1_74' title='bbox 856 538 946 572; x_wconf 75' lang='lat' dir='ltr'><strong>peragi</strong></span> <span class='ocrx_word' id='word_1_75' title='bbox 974 545 1017 565; x_wconf 85' lang='lat' dir='ltr'><strong>so-</strong></span> 
     </span>
    </p>
   </div>
   <div class='ocr_carea' id='block_1_13' title="bbox 232 583 1016 618">
    <p class='ocr_par' dir='ltr' id='par_1_13' title="bbox 232 583 1016 618">
     <span class='ocr_line' id='line_1_13' title="bbox 232 583 1016 618; baseline -0.001 -8"><span class='ocrx_word' id='word_1_76' title='bbox 232 584 278 610; x_wconf 87' lang='lat' dir='ltr'><strong>lita</strong></span> <span class='ocrx_word' id='word_1_77' title='bbox 287 585 321 616; x_wconf 62' lang='lat'><strong>&#39;9,</strong></span> <span class='ocrx_word' id='word_1_78' title='bbox 339 591 398 618; x_wconf 72' lang='lat' dir='ltr'><strong>qua:</strong></span> <span class='ocrx_word' id='word_1_79' title='bbox 414 583 540 618; x_wconf 85' lang='lat' dir='ltr'><strong>baptismi</strong></span> <span class='ocrx_word' id='word_1_80' title='bbox 557 584 667 618; x_wconf 75' lang='lat' dir='ltr'><strong>ﬁgurant</strong></span> <span class='ocrx_word' id='word_1_81' title='bbox 680 583 880 617; x_wconf 87' lang='lat' dir='ltr'><strong>quodammodo</strong></span> <span class='ocrx_word' id='word_1_82' title='bbox 895 583 1016 618; x_wconf 81' lang='lat' dir='ltr'><strong>gerebat,</strong></span> 
     </span>
    </p>
   </div>
   <div class='ocr_carea' id='block_1_14' title="bbox 232 628 1018 664">
    <p class='ocr_par' dir='ltr' id='par_1_14' title="bbox 232 628 1018 664">
     <span class='ocr_line' id='line_1_14' title="bbox 232 628 1018 664; baseline -0.003 -7"><span class='ocrx_word' id='word_1_83' title='bbox 232 634 312 664; x_wconf 80' lang='lat' dir='ltr'><strong>atque</strong></span> <span class='ocrx_word' id='word_1_84' title='bbox 327 630 371 660; x_wconf 77' lang='lat' dir='ltr'><strong>iis.</strong></span> <span class='ocrx_word' id='word_1_85' title='bbox 388 631 432 664; x_wconf 92' lang='lat' dir='ltr'><strong>qui</strong></span> <span class='ocrx_word' id='word_1_86' title='bbox 448 629 559 656; x_wconf 76' lang='lat' dir='ltr'><strong>rationis</strong></span> <span class='ocrx_word' id='word_1_87' title='bbox 575 629 662 655; x_wconf 79' lang='lat' dir='ltr'><strong>adhuc</strong></span> <span class='ocrx_word' id='word_1_88' title='bbox 682 633 806 662; x_wconf 78' lang='lat' dir='ltr'><strong>expertes</strong></span> <span class='ocrx_word' id='word_1_89' title='bbox 824 634 912 660; x_wconf 85' lang='lat' dir='ltr'><strong>erant,</strong></span> <span class='ocrx_word' id='word_1_90' title='bbox 923 628 1018 656; x_wconf 73' lang='lat' dir='ltr'><strong>offere-</strong></span> 
     </span>
    </p>
   </div>
   <div class='ocr_carea' id='block_1_15' title="bbox 233 675 1018 709">
    <p class='ocr_par' dir='ltr' id='par_1_15' title="bbox 233 675 1018 709">
     <span class='ocr_line' id='line_1_15' title="bbox 233 675 1018 709; baseline -0.001 -7"><span class='ocrx_word' id='word_1_91' title='bbox 233 678 327 709; x_wconf 87' lang='lat' dir='ltr'><strong>batur;</strong></span> <span class='ocrx_word' id='word_1_92' title='bbox 341 675 420 702; x_wconf 87' lang='lat' dir='ltr'><strong>sicuti</strong></span> <span class='ocrx_word' id='word_1_93' title='bbox 436 676 517 702; x_wconf 83' lang='lat' dir='ltr'><strong>etiam</strong></span> <span class='ocrx_word' id='word_1_94' title='bbox 533 675 650 709; x_wconf 86' lang='lat' dir='ltr'><strong>postium</strong></span> <span class='ocrx_word' id='word_1_95' title='bbox 665 675 765 706; x_wconf 79' lang='lat' dir='ltr'><strong>unctio,</strong></span> <span class='ocrx_word' id='word_1_96' title='bbox 778 683 847 708; x_wconf 80' lang='lat' dir='ltr'><strong>qme,</strong></span> <span class='ocrx_word' id='word_1_97' title='bbox 865 676 944 701; x_wconf 84' lang='lat' dir='ltr'><strong>rebus</strong></span> <span class='ocrx_word' id='word_1_98' title='bbox 957 682 1018 701; x_wconf 86' lang='lat' dir='ltr'><strong>sen-</strong></span> 
     </span>
    </p>
   </div>
   <div class='ocr_carea' id='block_1_16' title="bbox 233 720 1018 755">
    <p class='ocr_par' dir='ltr' id='par_1_16' title="bbox 233 720 1018 755">
     <span class='ocr_line' id='line_1_16' title="bbox 233 720 1018 755; baseline -0.003 -7"><span class='ocrx_word' id='word_1_99' title='bbox 233 730 262 748; x_wconf 91' lang='lat' dir='ltr'><strong>su</strong></span> <span class='ocrx_word' id='word_1_100' title='bbox 278 721 431 748; x_wconf 84' lang='lat' dir='ltr'><strong>carentibus</strong></span> <span class='ocrx_word' id='word_1_101' title='bbox 448 721 576 753; x_wconf 86' lang='lat' dir='ltr'><strong>adhibita,</strong></span> <span class='ocrx_word' id='word_1_102' title='bbox 593 721 778 755; x_wconf 84' lang='lat' dir='ltr'><strong>primogenitis</strong></span> <span class='ocrx_word' id='word_1_103' title='bbox 801 721 913 747; x_wconf 86' lang='lat' dir='ltr'><strong>salutem</strong></span> <span class='ocrx_word' id='word_1_104' title='bbox 937 720 1018 755; x_wconf 64' lang='grc'><strong>714.</strong></span> 
     </span>
    </p>
   </div>
   <div class='ocr_carea' id='block_1_17' title="bbox 233 765 1018 800">
    <p class='ocr_par' dir='ltr' id='par_1_17' title="bbox 233 765 1018 800">
     <span class='ocr_line' id='line_1_17' title="bbox 233 765 1018 800; baseline -0.001 -7"><span class='ocrx_word' id='word_1_105' title='bbox 233 766 370 793; x_wconf 71' lang='grc' dir='ltr'><strong>ίιίῐρτεὺῖιῑ.</strong></span> <span class='ocrx_word' id='word_1_106' title='bbox 395 766 430 792; x_wconf 87' lang='lat' dir='ltr'><strong>De</strong></span> <span class='ocrx_word' id='word_1_107' title='bbox 452 766 561 800; x_wconf 84' lang='lat' dir='ltr'><strong>reliquis</strong></span> <span class='ocrx_word' id='word_1_108' title='bbox 587 765 624 792; x_wconf 88' lang='lat' dir='ltr'><strong>ita</strong></span> <span class='ocrx_word' id='word_1_109' title='bbox 655 773 763 797; x_wconf 85' lang='lat' dir='ltr'><strong>censeo,</strong></span> <span class='ocrx_word' id='word_1_110' title='bbox 778 771 807 792; x_wconf 92' lang='lat' dir='ltr'><strong>ut</strong></span> <span class='ocrx_word' id='word_1_111' title='bbox 839 766 953 792; x_wconf 89' lang='lat' dir='ltr'><strong>triennio</strong></span> <span class='ocrx_word' id='word_1_112' title='bbox 968 773 1018 791; x_wconf 83' lang='lat' dir='ltr'><strong>ex-</strong></span> 
     </span>
    </p>
   </div>
   <div class='ocr_carea' id='block_1_18' title="bbox 234 810 1019 846">
    <p class='ocr_par' dir='ltr' id='par_1_18' title="bbox 234 810 1019 846">
     <span class='ocr_line' id='line_1_18' title="bbox 234 810 1019 846; baseline -0.003 -7"><span class='ocrx_word' id='word_1_113' title='bbox 234 815 365 846; x_wconf 79' lang='lat' dir='ltr'><strong>spectato,</strong></span> <span class='ocrx_word' id='word_1_114' title='bbox 384 816 430 838; x_wconf 89' lang='lat' dir='ltr'><strong>aut</strong></span> <span class='ocrx_word' id='word_1_115' title='bbox 456 812 596 846; x_wconf 83' lang='lat' dir='ltr'><strong>aliquanto</strong></span> <span class='ocrx_word' id='word_1_116' title='bbox 629 811 744 838; x_wconf 87' lang='lat' dir='ltr'><strong>breviori</strong></span> <span class='ocrx_word' id='word_1_117' title='bbox 759 811 798 838; x_wconf 82' lang='lat' dir='ltr'><strong>vel</strong></span> <span class='ocrx_word' id='word_1_118' title='bbox 820 810 933 845; x_wconf 83' lang='lat' dir='ltr'><strong>longiori</strong></span> <span class='ocrx_word' id='word_1_119' title='bbox 953 817 1019 837; x_wconf 79' lang='lat' dir='ltr'><strong>teut-</strong></span> 
     </span>
    </p>
   </div>
   <div class='ocr_carea' id='block_1_19' title="bbox 233 855 1017 892">
    <p class='ocr_par' dir='ltr' id='par_1_19' title="bbox 233 855 1017 892">
     <span class='ocr_line' id='line_1_19' title="bbox 233 855 1017 892; baseline -0.003 -9"><span class='ocrx_word' id='word_1_120' title='bbox 233 857 307 892; x_wconf 85' lang='lat' dir='ltr'><strong>poris</strong></span> <span class='ocrx_word' id='word_1_121' title='bbox 329 857 414 890; x_wconf 83' lang='lat' dir='ltr'><strong>spatio</strong></span> <span class='ocrx_word' id='word_1_122' title='bbox 426 856 499 889; x_wconf 86' lang='lat' dir='ltr'><strong>(nam</strong></span> <span class='ocrx_word' id='word_1_123' title='bbox 517 861 583 887; x_wconf 85' lang='grc' dir='ltr'>ιιιιιι,</span> <span class='ocrx_word' id='word_1_124' title='bbox 601 861 628 882; x_wconf 89' lang='lat' dir='ltr'><strong>et</strong></span> <span class='ocrx_word' id='word_1_125' title='bbox 644 856 753 890; x_wconf 88' lang='lat' dir='ltr'><strong>mystici</strong></span> <span class='ocrx_word' id='word_1_126' title='bbox 769 855 898 890; x_wconf 83' lang='lat' dir='ltr'><strong>quiddam</strong></span> <span class='ocrx_word' id='word_1_127' title='bbox 913 856 1017 887; x_wconf 84' lang='lat' dir='ltr'><strong>audire,</strong></span> 
     </span>
    </p>
   </div>
   <div class='ocr_carea' id='block_1_20' title="bbox 234 900 1018 935">
    <p class='ocr_par' dir='ltr' id='par_1_20' title="bbox 234 900 1018 935">
     <span class='ocr_line' id='line_1_20' title="bbox 234 900 1018 935; baseline 0 -8"><span class='ocrx_word' id='word_1_128' title='bbox 234 906 262 927; x_wconf 86' lang='lat' dir='ltr'><strong>et</strong></span> <span class='ocrx_word' id='word_1_129' title='bbox 274 901 438 935; x_wconf 89' lang='lat' dir='ltr'><strong>respondere</strong></span> <span class='ocrx_word' id='word_1_130' title='bbox 453 906 574 934; x_wconf 86' lang='lat' dir='ltr'><strong>possunt,</strong></span> <span class='ocrx_word' id='word_1_131' title='bbox 589 907 620 927; x_wconf 87' lang='lat' dir='ltr'><strong>ac</strong></span> <span class='ocrx_word' id='word_1_132' title='bbox 636 900 658 927; x_wconf 88' lang='lat' dir='ltr'><strong>si</strong></span> <span class='ocrx_word' id='word_1_133' title='bbox 679 900 767 927; x_wconf 83' lang='lat' dir='ltr'><strong>minus</strong></span> <span class='ocrx_word' id='word_1_134' title='bbox 788 900 866 934; x_wconf 82' lang='lat' dir='ltr'><strong>plene</strong></span> <span class='ocrx_word' id='word_1_135' title='bbox 883 905 910 927; x_wconf 89' lang='lat' dir='ltr'><strong>et</strong></span> <span class='ocrx_word' id='word_1_136' title='bbox 925 905 1018 927; x_wconf 85' lang='lat' dir='ltr'><strong>exacte</strong></span> 
     </span>
    </p>
   </div>
   <div class='ocr_carea' id='block_1_21' title="bbox 235 944 1018 980">
    <p class='ocr_par' dir='ltr' id='par_1_21' title="bbox 235 944 1018 980">
     <span class='ocr_line' id='line_1_21' title="bbox 235 944 1018 980; baseline -0.003 -7"><span class='ocrx_word' id='word_1_137' title='bbox 235 945 401 980; x_wconf 81' lang='lat' dir='ltr'><strong>intelligunt,</strong></span> <span class='ocrx_word' id='word_1_138' title='bbox 420 946 576 972; x_wconf 85' lang='lat' dir='ltr'><strong>imbuuntur</strong></span> <span class='ocrx_word' id='word_1_139' title='bbox 592 949 680 971; x_wconf 87' lang='lat' dir='ltr'><strong>tamen</strong></span> <span class='ocrx_word' id='word_1_140' title='bbox 706 949 733 971; x_wconf 85' lang='lat' dir='ltr'><strong>et</strong></span> <span class='ocrx_word' id='word_1_141' title='bbox 758 944 951 979; x_wconf 75' lang='lat' dir='ltr'><strong>informantur)</strong></span> <span class='ocrx_word' id='word_1_142' title='bbox 964 954 970 977; x_wconf 93' lang='lat'><strong>;</strong></span> <span class='ocrx_word' id='word_1_143' title='bbox 983 945 1018 972; x_wconf 82' lang='lat' dir='ltr'><strong>ita</strong></span> 
     </span>
    </p>
   </div>
   <div class='ocr_carea' id='block_1_22' title="bbox 235 990 1020 1025">
    <p class='ocr_par' dir='ltr' id='par_1_22' title="bbox 235 990 1020 1025">
     <span class='ocr_line' id='line_1_22' title="bbox 235 990 1020 1025; baseline -0.003 -6"><span class='ocrx_word' id='word_1_144' title='bbox 235 993 354 1022; x_wconf 89' lang='lat' dir='ltr'><strong>demum,</strong></span> <span class='ocrx_word' id='word_1_145' title='bbox 369 998 466 1025; x_wconf 81' lang='lat' dir='ltr'><strong>magno</strong></span> <span class='ocrx_word' id='word_1_146' title='bbox 483 990 657 1024; x_wconf 84' lang='lat' dir='ltr'><strong>perfectionis</strong></span> <span class='ocrx_word' id='word_1_147' title='bbox 673 995 851 1021; x_wconf 87' lang='lat' dir='ltr'><strong>sacramento,</strong></span> <span class='ocrx_word' id='word_1_148' title='bbox 873 995 899 1017; x_wconf 90' lang='lat' dir='ltr'><strong>et</strong></span> <span class='ocrx_word' id='word_1_149' title='bbox 916 991 1020 1018; x_wconf 86' lang='lat' dir='ltr'><strong>animas</strong></span> 
     </span>
    </p>
   </div>
   <div class='ocr_carea' id='block_1_23' title="bbox 235 1035 1017 1072">
    <p class='ocr_par' dir='ltr' id='par_1_23' title="bbox 235 1035 1017 1072">
     <span class='ocr_line' id='line_1_23' title="bbox 235 1035 1017 1072; baseline -0.003 -8"><span class='ocrx_word' id='word_1_150' title='bbox 235 1042 264 1064; x_wconf 89' lang='lat' dir='ltr'><strong>et</strong></span> <span class='ocrx_word' id='word_1_151' title='bbox 280 1044 393 1072; x_wconf 88' lang='lat' dir='ltr'><strong>corpora</strong></span> <span class='ocrx_word' id='word_1_152' title='bbox 421 1035 599 1063; x_wconf 85' lang='lat' dir='ltr'><strong>sauctilicent.</strong></span> <span class='ocrx_word' id='word_1_153' title='bbox 625 1035 730 1062; x_wconf 86' lang='lat' dir='ltr'><strong>Etenim</strong></span> <span class='ocrx_word' id='word_1_154' title='bbox 755 1043 797 1062; x_wconf 89' lang='lat' dir='ltr'><strong>res</strong></span> <span class='ocrx_word' id='word_1_155' title='bbox 815 1036 851 1062; x_wconf 89' lang='lat' dir='ltr'><strong>ita</strong></span> <span class='ocrx_word' id='word_1_156' title='bbox 870 1043 900 1063; x_wconf 90' lang='lat' dir='ltr'><strong>se</strong></span> <span class='ocrx_word' id='word_1_157' title='bbox 927 1036 1017 1063; x_wconf 79' lang='lat' dir='ltr'><strong>habet.</strong></span> 
     </span>
    </p>
   </div>
   <div class='ocr_carea' id='block_1_24' title="bbox 235 1080 1019 1116">
    <p class='ocr_par' dir='ltr' id='par_1_24' title="bbox 235 1080 1019 1116">
     <span class='ocr_line' id='line_1_24' title="bbox 235 1080 1019 1116; baseline -0.003 -6"><span class='ocrx_word' id='word_1_158' title='bbox 235 1081 304 1110; x_wconf 70' lang='lat' dir='ltr'><strong>Vita:</strong></span> <span class='ocrx_word' id='word_1_159' title='bbox 328 1081 435 1116; x_wconf 87' lang='lat' dir='ltr'><strong>quidem</strong></span> <span class='ocrx_word' id='word_1_160' title='bbox 464 1081 614 1108; x_wconf 83' lang='lat' dir='ltr'><strong>actionibus</strong></span> <span class='ocrx_word' id='word_1_161' title='bbox 641 1080 789 1108; x_wconf 82' lang='lat' dir='ltr'><strong>referendis</strong></span> <span class='ocrx_word' id='word_1_162' title='bbox 827 1085 882 1108; x_wconf 93' lang='lat' dir='ltr'><strong>tum</strong></span> <span class='ocrx_word' id='word_1_163' title='bbox 912 1083 1019 1108; x_wconf 85' lang='lat' dir='ltr'><strong>demum</strong></span> 
     </span>
    </p>
   </div>
   <div class='ocr_carea' id='block_1_25' title="bbox 235 1126 1019 1162">
    <p class='ocr_par' dir='ltr' id='par_1_25' title="bbox 235 1126 1019 1162">
     <span class='ocr_line' id='line_1_25' title="bbox 235 1126 1019 1162; baseline -0.001 -7"><span class='ocrx_word' id='word_1_164' title='bbox 235 1127 344 1155; x_wconf 78' lang='lat' dir='ltr'><strong>obnoxii</strong></span> <span class='ocrx_word' id='word_1_165' title='bbox 371 1134 431 1154; x_wconf 85' lang='lat' dir='ltr'><strong>esse</strong></span> <span class='ocrx_word' id='word_1_166' title='bbox 456 1126 597 1161; x_wconf 88' lang='lat' dir='ltr'><strong>incipiunt,</strong></span> <span class='ocrx_word' id='word_1_167' title='bbox 621 1134 682 1152; x_wconf 87' lang='lat' dir='ltr'><strong>cum</strong></span> <span class='ocrx_word' id='word_1_168' title='bbox 707 1131 732 1153; x_wconf 88' lang='lat' dir='ltr'><strong>et</strong></span> <span class='ocrx_word' id='word_1_169' title='bbox 761 1127 829 1154; x_wconf 87' lang='lat' dir='ltr'><strong>ratio</strong></span> <span class='ocrx_word' id='word_1_170' title='bbox 855 1128 887 1154; x_wconf 88' lang='lat' dir='ltr'><strong>ad</strong></span> <span class='ocrx_word' id='word_1_171' title='bbox 912 1128 1019 1162; x_wconf 86' lang='lat' dir='ltr'><strong>plenum</strong></span> 
     </span>
    </p>
   </div>
   <div class='ocr_carea' id='block_1_26' title="bbox 237 1171 1020 1207">
    <p class='ocr_par' dir='ltr' id='par_1_26' title="bbox 237 1171 1020 1207">
     <span class='ocr_line' id='line_1_26' title="bbox 237 1171 1020 1207; baseline -0.001 -8"><span class='ocrx_word' id='word_1_172' title='bbox 237 1173 372 1204; x_wconf 84' lang='lat' dir='ltr'><strong>accrevit,</strong></span> <span class='ocrx_word' id='word_1_173' title='bbox 397 1177 423 1199; x_wconf 84' lang='lat' dir='ltr'><strong>et</strong></span> <span class='ocrx_word' id='word_1_174' title='bbox 456 1171 612 1207; x_wconf 88' lang='lat' dir='ltr'><strong>mysterium</strong></span> <span class='ocrx_word' id='word_1_175' title='bbox 640 1171 792 1198; x_wconf 88' lang='lat' dir='ltr'><strong>didicerunt</strong></span> <span class='ocrx_word' id='word_1_176' title='bbox 818 1172 923 1206; x_wconf 73' lang='lat' dir='ltr'><strong>(aetatis</strong></span> <span class='ocrx_word' id='word_1_177' title='bbox 949 1173 1020 1199; x_wconf 80' lang='lat' dir='ltr'><strong>enim</strong></span> 
     </span>
    </p>
   </div>
   <div class='ocr_carea' id='block_1_27' title="bbox 238 1218 1022 1252">
    <p class='ocr_par' dir='ltr' id='par_1_27' title="bbox 238 1218 1022 1252">
     <span class='ocr_line' id='line_1_27' title="bbox 238 1218 1022 1252; baseline 0.001 -9"><span class='ocrx_word' id='word_1_178' title='bbox 238 1218 367 1245; x_wconf 82' lang='lat' dir='ltr'><strong>beneﬁcio</strong></span> <span class='ocrx_word' id='word_1_179' title='bbox 395 1218 446 1245; x_wconf 86' lang='lat' dir='ltr'><strong>hoc</strong></span> <span class='ocrx_word' id='word_1_180' title='bbox 470 1218 579 1249; x_wconf 84' lang='lat' dir='ltr'><strong>habent,</strong></span> <span class='ocrx_word' id='word_1_181' title='bbox 608 1221 638 1243; x_wconf 88' lang='lat' dir='ltr'><strong>ut</strong></span> <span class='ocrx_word' id='word_1_182' title='bbox 666 1221 849 1251; x_wconf 77' lang='lat' dir='ltr'><strong>peccatorum,</strong></span> <span class='ocrx_word' id='word_1_183' title='bbox 884 1225 942 1251; x_wconf 74' lang='lat' dir='ltr'><strong>qua:</strong></span> <span class='ocrx_word' id='word_1_184' title='bbox 973 1226 1022 1252; x_wconf 87' lang='lat' dir='ltr'><strong>per</strong></span> 
     </span>
    </p>
   </div>
   <div class='ocr_carea' id='block_1_28' title="bbox 1066 259 1852 296">
    <p class='ocr_par' dir='ltr' id='par_1_28' title="bbox 1066 259 1852 296">
     <span class='ocr_line' id='line_1_28' title="bbox 1066 259 1852 296; baseline 0 -9"><span class='ocrx_word' id='word_1_185' title='bbox 1066 261 1096 287; x_wconf 81' lang='grc' dir='ltr'>τὸ</span> <span class='ocrx_word' id='word_1_186' title='bbox 1111 261 1259 296; x_wconf 76' lang='grc' dir='ltr'>βάπτισμα.</span> <span class='ocrx_word' id='word_1_187' title='bbox 1277 261 1308 286; x_wconf 84' lang='grc' dir='ltr'>Τί</span> <span class='ocrx_word' id='word_1_188' title='bbox 1322 261 1343 286; x_wconf 74' lang='grc' dir='ltr'>δ’</span> <span class='ocrx_word' id='word_1_189' title='bbox 1355 261 1386 287; x_wconf 80' lang='grc' dir='ltr'>ἂν</span> <span class='ocrx_word' id='word_1_190' title='bbox 1397 261 1481 291; x_wconf 81' lang='grc' dir='ltr'>εἴποις</span> <span class='ocrx_word' id='word_1_191' title='bbox 1490 260 1614 296; x_wconf 73' lang='grc' dir='ltr'>περὶτῶν</span> <span class='ocrx_word' id='word_1_192' title='bbox 1627 259 1664 285; x_wconf 72' lang='grc' dir='ltr'>ἔτι</span> <span class='ocrx_word' id='word_1_193' title='bbox 1674 260 1777 294; x_wconf 87' lang='grc' dir='ltr'>νηπίων</span> <span class='ocrx_word' id='word_1_194' title='bbox 1788 261 1852 293; x_wconf 60' lang='grc'>(281,</span> 
     </span>
    </p>
   </div>
   <div class='ocr_carea' id='block_1_29' title="bbox 1067 305 1854 342">
    <p class='ocr_par' dir='ltr' id='par_1_29' title="bbox 1067 305 1854 342">
     <span class='ocr_line' id='line_1_29' title="bbox 1067 305 1854 342; baseline 0 -10"><span class='ocrx_word' id='word_1_195' title='bbox 1067 307 1114 333; x_wconf 79' lang='grc' dir='ltr'><strong>καὶ</strong></span> <span class='ocrx_word' id='word_1_196' title='bbox 1130 308 1197 342; x_wconf 80' lang='grc' dir='ltr'>μήτε</span> <span class='ocrx_word' id='word_1_197' title='bbox 1212 307 1262 341; x_wconf 67' lang='grc' dir='ltr'>τῆς</span> <span class='ocrx_word' id='word_1_198' title='bbox 1273 306 1374 341; x_wconf 74' lang='grc' dir='ltr'>ζημίας</span> <span class='ocrx_word' id='word_1_199' title='bbox 1389 305 1637 340; x_wconf 62' lang='grc' dir='ltr'>ὲπαισθλινομένων,</span> <span class='ocrx_word' id='word_1_200' title='bbox 1659 306 1728 340; x_wconf 83' lang='grc' dir='ltr'>μήτε</span> <span class='ocrx_word' id='word_1_201' title='bbox 1743 307 1792 340; x_wconf 69' lang='grc' dir='ltr'>τῆς</span> <span class='ocrx_word' id='word_1_202' title='bbox 1806 306 1854 340; x_wconf 77' lang='grc' dir='ltr'><strong>χά-</strong></span> 
     </span>
    </p>
   </div>
   <div class='ocr_carea' id='block_1_30' title="bbox 1068 351 1855 389">
    <p class='ocr_par' dir='ltr' id='par_1_30' title="bbox 1068 351 1855 389">
     <span class='ocr_line' id='line_1_30' title="bbox 1068 351 1855 389; baseline -0.005 -9"><span class='ocrx_word' id='word_1_203' title='bbox 1068 362 1158 389; x_wconf 78' lang='grc' dir='ltr'>ριτο;;</span> <span class='ocrx_word' id='word_1_204' title='bbox 1179 353 1194 388; x_wconf 81' lang='grc' dir='ltr'>ἣ</span> <span class='ocrx_word' id='word_1_205' title='bbox 1212 354 1259 379; x_wconf 70' lang='grc' dir='ltr'>καὶ</span> <span class='ocrx_word' id='word_1_206' title='bbox 1272 352 1357 379; x_wconf 72' lang='grc' dir='ltr'>ταῦτα</span> <span class='ocrx_word' id='word_1_207' title='bbox 1371 352 1537 386; x_wconf 79' lang='grc' dir='ltr'>βαπτίσομεν</span> <span class='ocrx_word' id='word_1_208' title='bbox 1549 351 1604 386; x_wconf 74' lang='lat'><strong>(‘29)</strong></span> <span class='ocrx_word' id='word_1_209' title='bbox 1616 359 1622 383; x_wconf 90' lang='lat'>;</span> <span class='ocrx_word' id='word_1_210' title='bbox 1634 351 1707 377; x_wconf 77' lang='grc' dir='ltr'>Πάνυ</span> <span class='ocrx_word' id='word_1_211' title='bbox 1726 351 1855 386; x_wconf 74' lang='grc' dir='ltr'>γε,εῖττερ</span> 
     </span>
    </p>
   </div>
   <div class='ocr_carea' id='block_1_31' title="bbox 1066 396 1855 434">
    <p class='ocr_par' dir='ltr' id='par_1_31' title="bbox 1066 396 1855 434">
     <span class='ocr_line' id='line_1_31' title="bbox 1066 396 1855 434; baseline -0.005 -8"><span class='ocrx_word' id='word_1_212' title='bbox 1066 409 1108 432; x_wconf 83' lang='grc' dir='ltr'><strong>τις</strong></span> <span class='ocrx_word' id='word_1_213' title='bbox 1120 399 1223 433; x_wconf 82' lang='grc' dir='ltr'>ἐπείγοι</span> <span class='ocrx_word' id='word_1_214' title='bbox 1236 399 1289 434; x_wconf 83' lang='grc'>(50)</span> <span class='ocrx_word' id='word_1_215' title='bbox 1312 399 1442 429; x_wconf 69' lang='grc' dir='ltr'>κίνδυνος.</span> <span class='ocrx_word' id='word_1_216' title='bbox 1461 398 1593 433; x_wconf 81' lang='grc' dir='ltr'>Κρεῖσσον</span> <span class='ocrx_word' id='word_1_217' title='bbox 1609 397 1663 432; x_wconf 75' lang='grc' dir='ltr'>γὰρ</span> <span class='ocrx_word' id='word_1_218' title='bbox 1687 396 1855 432; x_wconf 72' lang='grc' dir='ltr'><strong>ἀναισθήτως</strong></span> 
     </span>
    </p>
   </div>
   <div class='ocr_carea' id='block_1_32' title="bbox 1066 443 1854 481">
    <p class='ocr_par' dir='ltr' id='par_1_32' title="bbox 1066 443 1854 481">
     <span class='ocr_line' id='line_1_32' title="bbox 1066 443 1854 481; baseline -0.005 -8"><span class='ocrx_word' id='word_1_219' title='bbox 1066 445 1240 481; x_wconf 65' lang='grc' dir='ltr'>ἀγασθῆναι,</span> <span class='ocrx_word' id='word_1_220' title='bbox 1269 446 1285 480; x_wconf 86' lang='grc' dir='ltr'>ἢ</span> <span class='ocrx_word' id='word_1_221' title='bbox 1311 444 1437 471; x_wconf 72' lang='grc' dir='ltr'><strong>ἀπελθεῖν</strong></span> <span class='ocrx_word' id='word_1_222' title='bbox 1462 444 1635 478; x_wconf 73' lang='grc' dir='ltr'>ἁσιρράγιστα</span> <span class='ocrx_word' id='word_1_223' title='bbox 1655 443 1700 469; x_wconf 70' lang='grc' dir='ltr'><strong>καὶ</strong></span> <span class='ocrx_word' id='word_1_224' title='bbox 1715 443 1854 469; x_wconf 78' lang='grc' dir='ltr'>ἀτέλεστα.</span> 
     </span>
    </p>
   </div>
   <div class='ocr_carea' id='block_1_33' title="bbox 1068 489 1856 525">
    <p class='ocr_par' dir='ltr' id='par_1_33' title="bbox 1068 489 1856 525">
     <span class='ocr_line' id='line_1_33' title="bbox 1068 489 1856 525; baseline -0.003 -8"><span class='ocrx_word' id='word_1_225' title='bbox 1068 492 1122 518; x_wconf 72' lang='grc' dir='ltr'><strong>Καὶ</strong></span> <span class='ocrx_word' id='word_1_226' title='bbox 1136 491 1230 517; x_wconf 79' lang='grc' dir='ltr'>τούτου</span> <span class='ocrx_word' id='word_1_227' title='bbox 1241 491 1319 524; x_wconf 75' lang='grc' dir='ltr'>λόγος</span> <span class='ocrx_word' id='word_1_228' title='bbox 1335 490 1411 525; x_wconf 85' lang='grc' dir='ltr'>ἡμῖν,</span> <span class='ocrx_word' id='word_1_229' title='bbox 1430 491 1445 524; x_wconf 87' lang='grc' dir='ltr'>ὴ</span> <span class='ocrx_word' id='word_1_230' title='bbox 1463 489 1633 525; x_wconf 69' lang='grc' dir='ltr'><strong>ὀκταήμερος</strong></span> <span class='ocrx_word' id='word_1_231' title='bbox 1653 489 1799 524; x_wconf 81' lang='grc' dir='ltr'>περιτομὴ,</span> <span class='ocrx_word' id='word_1_232' title='bbox 1812 498 1856 515; x_wconf 63' lang='grc' dir='ltr'><strong>τυη</strong></span> 
     </span>
    </p>
   </div>
   <div class='ocr_carea' id='block_1_34' title="bbox 1069 534 1856 571">
    <p class='ocr_par' dir='ltr' id='par_1_34' title="bbox 1069 534 1856 571">
     <span class='ocr_line' id='line_1_34' title="bbox 1069 534 1856 571; baseline -0.003 -9"><span class='ocrx_word' id='word_1_233' title='bbox 1069 537 1135 571; x_wconf 85' lang='grc' dir='ltr'>πική</span> <span class='ocrx_word' id='word_1_234' title='bbox 1148 545 1188 568; x_wconf 81' lang='grc' dir='ltr'><strong>τις</strong></span> <span class='ocrx_word' id='word_1_235' title='bbox 1202 534 1268 562; x_wconf 74' lang='grc' dir='ltr'>οὖσα</span> <span class='ocrx_word' id='word_1_236' title='bbox 1285 535 1412 571; x_wconf 66' lang='grc' dir='ltr'>σφραγὶς,</span> <span class='ocrx_word' id='word_1_237' title='bbox 1431 535 1478 561; x_wconf 74' lang='grc' dir='ltr'><strong>καὶ</strong></span> <span class='ocrx_word' id='word_1_238' title='bbox 1493 534 1646 568; x_wconf 83' lang='grc' dir='ltr'>ἀλογίστοις</span> <span class='ocrx_word' id='word_1_239' title='bbox 1667 534 1706 560; x_wconf 81' lang='grc' dir='ltr'>ἑτι</span> <span class='ocrx_word' id='word_1_240' title='bbox 1723 543 1856 569; x_wconf 81' lang='grc' dir='ltr'>προσαγο-</span> 
     </span>
    </p>
   </div>
   <div class='ocr_carea' id='block_1_35' title="bbox 1069 581 1844 616">
    <p class='ocr_par' dir='ltr' id='par_1_35' title="bbox 1069 581 1844 616">
     <span class='ocr_line' id='line_1_35' title="bbox 1069 581 1844 616; baseline 0 -9"><span class='ocrx_word' id='word_1_241' title='bbox 1069 581 1147 616; x_wconf 82' lang='grc' dir='ltr'>μένη·</span> <span class='ocrx_word' id='word_1_242' title='bbox 1166 582 1202 612; x_wconf 79' lang='grc' dir='ltr'>ὠς</span> <span class='ocrx_word' id='word_1_243' title='bbox 1219 581 1306 607; x_wconf 75' lang='grc' dir='ltr'>δὲκαὶ</span> <span class='ocrx_word' id='word_1_244' title='bbox 1328 581 1344 616; x_wconf 87' lang='grc' dir='ltr'>ἡ</span> <span class='ocrx_word' id='word_1_245' title='bbox 1360 581 1414 606; x_wconf 81' lang='grc' dir='ltr'>τῶν</span> <span class='ocrx_word' id='word_1_246' title='bbox 1436 581 1519 615; x_wconf 75' lang='grc' dir='ltr'>φλιῶν</span> <span class='ocrx_word' id='word_1_247' title='bbox 1539 582 1638 616; x_wconf 81' lang='grc' dir='ltr'>χρίσις,</span> <span class='ocrx_word' id='word_1_248' title='bbox 1655 581 1700 608; x_wconf 79' lang='grc' dir='ltr'><strong>διὰ</strong></span> <span class='ocrx_word' id='word_1_249' title='bbox 1715 581 1770 608; x_wconf 84' lang='grc' dir='ltr'>τῶν</span> <span class='ocrx_word' id='word_1_250' title='bbox 1784 582 1844 608; x_wconf 86' lang='grc' dir='ltr'>ἀναι</span> 
     </span>
    </p>
   </div>
   <div class='ocr_carea' id='block_1_36' title="bbox 1070 626 1858 662">
    <p class='ocr_par' dir='ltr' id='par_1_36' title="bbox 1070 626 1858 662">
     <span class='ocr_line' id='line_1_36' title="bbox 1070 626 1858 662; baseline 0.001 -10"><span class='ocrx_word' id='word_1_251' title='bbox 1070 626 1176 660; x_wconf 86' lang='grc' dir='ltr'>σθήτων</span> <span class='ocrx_word' id='word_1_252' title='bbox 1192 626 1363 660; x_wconf 76' lang='grc' dir='ltr'><strong>φυλάττουσα</strong></span> <span class='ocrx_word' id='word_1_253' title='bbox 1381 627 1415 652; x_wconf 82' lang='grc' dir='ltr'><strong>τά</strong></span> <span class='ocrx_word' id='word_1_254' title='bbox 1432 627 1601 662; x_wconf 74' lang='grc' dir='ltr'><strong>πρωτότοκα.</strong></span> <span class='ocrx_word' id='word_1_255' title='bbox 1619 628 1685 662; x_wconf 78' lang='grc' dir='ltr'>Περὶ</span> <span class='ocrx_word' id='word_1_256' title='bbox 1701 627 1729 653; x_wconf 80' lang='grc' dir='ltr'>δὲ</span> <span class='ocrx_word' id='word_1_257' title='bbox 1745 627 1799 653; x_wconf 83' lang='grc' dir='ltr'>τῶν</span> <span class='ocrx_word' id='word_1_258' title='bbox 1813 627 1858 654; x_wconf 65' lang='grc' dir='ltr'><strong>ἄλη</strong></span> 
     </span>
    </p>
   </div>
   <div class='ocr_carea' id='block_1_37' title="bbox 1068 671 1858 709">
    <p class='ocr_par' dir='ltr' id='par_1_37' title="bbox 1068 671 1858 709">
     <span class='ocr_line' id='line_1_37' title="bbox 1068 671 1858 709; baseline 0.001 -11"><span class='ocrx_word' id='word_1_259' title='bbox 1068 672 1120 698; x_wconf 84' lang='grc' dir='ltr'>λων</span> <span class='ocrx_word' id='word_1_260' title='bbox 1134 672 1228 707; x_wconf 76' lang='grc' dir='ltr'>δίδωμι</span> <span class='ocrx_word' id='word_1_261' title='bbox 1245 671 1367 708; x_wconf 80' lang='grc' dir='ltr'><strong>γνώμην,</strong></span> <span class='ocrx_word' id='word_1_262' title='bbox 1395 672 1443 707; x_wconf 83' lang='grc' dir='ltr'><strong>τὴν</strong></span> <span class='ocrx_word' id='word_1_263' title='bbox 1459 674 1580 708; x_wconf 77' lang='grc' dir='ltr'><strong>τριετίαν</strong></span> <span class='ocrx_word' id='word_1_264' title='bbox 1606 674 1815 708; x_wconf 82' lang='grc' dir='ltr'>ἀναμείναντας,</span> <span class='ocrx_word' id='word_1_265' title='bbox 1841 675 1858 709; x_wconf 84' lang='grc' dir='ltr'>ἦ</span> 
     </span>
    </p>
   </div>
   <div class='ocr_carea' id='block_1_38' title="bbox 1070 717 1859 754">
    <p class='ocr_par' dir='ltr' id='par_1_38' title="bbox 1070 717 1859 754">
     <span class='ocr_line' id='line_1_38' title="bbox 1070 717 1859 754; baseline 0.001 -10"><span class='ocrx_word' id='word_1_266' title='bbox 1070 718 1165 753; x_wconf 81' lang='grc' dir='ltr'>μικρὸν</span> <span class='ocrx_word' id='word_1_267' title='bbox 1183 717 1258 749; x_wconf 77' lang='grc' dir='ltr'>ἐντὸς</span> <span class='ocrx_word' id='word_1_268' title='bbox 1274 718 1379 750; x_wconf 74' lang='grc' dir='ltr'>τούτου,</span> <span class='ocrx_word' id='word_1_269' title='bbox 1394 719 1410 754; x_wconf 81' lang='grc' dir='ltr'>ἦ</span> <span class='ocrx_word' id='word_1_270' title='bbox 1425 719 1494 754; x_wconf 75' lang='grc' dir='ltr'>ὑπὲρ</span> <span class='ocrx_word' id='word_1_271' title='bbox 1511 719 1588 745; x_wconf 72' lang='grc' dir='ltr'>τοῦτο</span> <span class='ocrx_word' id='word_1_272' title='bbox 1613 719 1702 754; x_wconf 83' lang='grc' dir='ltr'><strong>(ἡνίκα</strong></span> <span class='ocrx_word' id='word_1_273' title='bbox 1716 720 1763 746; x_wconf 72' lang='grc' dir='ltr'>καὶ</span> <span class='ocrx_word' id='word_1_274' title='bbox 1779 719 1859 746; x_wconf 74' lang='grc' dir='ltr'>ἀκοῦ-</span> 
     </span>
    </p>
   </div>
   <div class='ocr_carea' id='block_1_39' title="bbox 1070 764 1859 798">
    <p class='ocr_par' dir='ltr' id='par_1_39' title="bbox 1070 764 1859 798">
     <span class='ocr_line' id='line_1_39' title="bbox 1070 764 1859 798; baseline 0.001 -9"><span class='ocrx_word' id='word_1_275' title='bbox 1070 764 1113 790; x_wconf 70' lang='grc' dir='ltr'><strong>σαί</strong></span> <span class='ocrx_word' id='word_1_276' title='bbox 1122 772 1146 790; x_wconf 82' lang='grc' dir='ltr'><strong>τι</strong></span> <span class='ocrx_word' id='word_1_277' title='bbox 1161 764 1299 798; x_wconf 68' lang='grc' dir='ltr'>μυστικὸν,</span> <span class='ocrx_word' id='word_1_278' title='bbox 1312 764 1358 790; x_wconf 71' lang='grc' dir='ltr'><strong>καὶ</strong></span> <span class='ocrx_word' id='word_1_279' title='bbox 1370 764 1563 798; x_wconf 77' lang='grc' dir='ltr'>ἀποκρίνεσθαι</span> <span class='ocrx_word' id='word_1_280' title='bbox 1576 764 1759 798; x_wconf 57' lang='lat' dir='ltr'><strong>(ana-mm,</strong></span> <span class='ocrx_word' id='word_1_281' title='bbox 1772 765 1796 790; x_wconf 80' lang='grc' dir='ltr'><strong>εί</strong></span> <span class='ocrx_word' id='word_1_282' title='bbox 1814 765 1859 790; x_wconf 76' lang='grc' dir='ltr'><strong>καὶ</strong></span> 
     </span>
    </p>
   </div>
   <div class='ocr_carea' id='block_1_40' title="bbox 1073 807 1860 843">
    <p class='ocr_par' dir='ltr' id='par_1_40' title="bbox 1073 807 1860 843">
     <span class='ocr_line' id='line_1_40' title="bbox 1073 807 1860 843; baseline 0 -9"><span class='ocrx_word' id='word_1_283' title='bbox 1073 809 1108 843; x_wconf 83' lang='grc' dir='ltr'>μὴ</span> <span class='ocrx_word' id='word_1_284' title='bbox 1129 808 1252 834; x_wconf 75' lang='grc' dir='ltr'>συνιέντα</span> <span class='ocrx_word' id='word_1_285' title='bbox 1277 808 1385 840; x_wconf 77' lang='grc' dir='ltr'><strong>τελέως,</strong></span> <span class='ocrx_word' id='word_1_286' title='bbox 1416 808 1473 834; x_wconf 81' lang='grc' dir='ltr'>ἀλλ’</span> <span class='ocrx_word' id='word_1_287' title='bbox 1499 807 1545 834; x_wconf 76' lang='grc' dir='ltr'>οὖν</span> <span class='ocrx_word' id='word_1_288' title='bbox 1571 807 1747 843; x_wconf 76' lang='grc' dir='ltr'>τυπούμενοι),</span> <span class='ocrx_word' id='word_1_289' title='bbox 1774 807 1860 839; x_wconf 73' lang='grc' dir='ltr'>οὕτως</span> 
     </span>
    </p>
   </div>
   <div class='ocr_carea' id='block_1_41' title="bbox 1069 853 1859 889">
    <p class='ocr_par' dir='ltr' id='par_1_41' title="bbox 1069 853 1859 889">
     <span class='ocr_line' id='line_1_41' title="bbox 1069 853 1859 889; baseline -0.001 -9"><span class='ocrx_word' id='word_1_290' title='bbox 1069 853 1195 888; x_wconf 76' lang='grc' dir='ltr'>ἁγιάζειν</span> <span class='ocrx_word' id='word_1_291' title='bbox 1213 854 1258 880; x_wconf 73' lang='grc' dir='ltr'><strong>καὶ</strong></span> <span class='ocrx_word' id='word_1_292' title='bbox 1282 853 1372 888; x_wconf 75' lang='grc' dir='ltr'>ψυχὰς</span> <span class='ocrx_word' id='word_1_293' title='bbox 1384 854 1429 880; x_wconf 78' lang='grc' dir='ltr'><strong>καὶ</strong></span> <span class='ocrx_word' id='word_1_294' title='bbox 1443 853 1555 888; x_wconf 81' lang='grc' dir='ltr'>σώματα</span> <span class='ocrx_word' id='word_1_295' title='bbox 1573 854 1611 888; x_wconf 86' lang='grc' dir='ltr'>τῷ</span> <span class='ocrx_word' id='word_1_296' title='bbox 1624 853 1733 889; x_wconf 80' lang='grc' dir='ltr'>μεγάλῳ</span> <span class='ocrx_word' id='word_1_297' title='bbox 1754 861 1859 888; x_wconf 73' lang='grc' dir='ltr'>μυστη-</span> 
     </span>
    </p>
   </div>
   <div class='ocr_carea' id='block_1_42' title="bbox 1039 891 1861 935">
    <p class='ocr_par' dir='ltr' id='par_1_42' title="bbox 1039 891 1861 935">
     <span class='ocr_line' id='line_1_42' title="bbox 1039 891 1861 935; baseline 0 -11"><span class='ocrx_word' id='word_1_298' title='bbox 1039 891 1057 917; x_wconf 77' lang='grc' dir='ltr'><strong>Β</strong></span> <span class='ocrx_word' id='word_1_299' title='bbox 1074 899 1122 935; x_wconf 78' lang='grc' dir='ltr'>ρίῳ</span> <span class='ocrx_word' id='word_1_300' title='bbox 1132 900 1180 935; x_wconf 80' lang='grc' dir='ltr'>τῆς</span> <span class='ocrx_word' id='word_1_301' title='bbox 1193 899 1366 931; x_wconf 68' lang='grc' dir='ltr'><strong>τελειώσεως.</strong></span> <span class='ocrx_word' id='word_1_302' title='bbox 1386 900 1441 926; x_wconf 73' lang='grc' dir='ltr'><strong>Καὶ</strong></span> <span class='ocrx_word' id='word_1_303' title='bbox 1464 899 1518 935; x_wconf 75' lang='grc' dir='ltr'><strong>γὰρ</strong></span> <span class='ocrx_word' id='word_1_304' title='bbox 1546 900 1630 931; x_wconf 66' lang='grc' dir='ltr'>οὕτως</span> <span class='ocrx_word' id='word_1_305' title='bbox 1646 899 1711 934; x_wconf 79' lang='grc' dir='ltr'>ἕχει·</span> <span class='ocrx_word' id='word_1_306' title='bbox 1731 899 1784 925; x_wconf 72' lang='grc' dir='ltr'>Τοῦ</span> <span class='ocrx_word' id='word_1_307' title='bbox 1812 899 1861 934; x_wconf 75' lang='grc' dir='ltr'><strong>μὲν</strong></span> 
     </span>
    </p>
   </div>
   <div class='ocr_carea' id='block_1_43' title="bbox 1074 945 1858 981">
    <p class='ocr_par' dir='ltr' id='par_1_43' title="bbox 1074 945 1858 981">
     <span class='ocr_line' id='line_1_43' title="bbox 1074 945 1858 981; baseline 0.001 -10"><span class='ocrx_word' id='word_1_308' title='bbox 1074 945 1131 980; x_wconf 80' lang='grc' dir='ltr'>βίου</span> <span class='ocrx_word' id='word_1_309' title='bbox 1147 945 1196 977; x_wconf 80' lang='grc' dir='ltr'><strong>τὰς</strong></span> <span class='ocrx_word' id='word_1_310' title='bbox 1211 945 1326 977; x_wconf 75' lang='grc' dir='ltr'>εὐθύνας</span> <span class='ocrx_word' id='word_1_311' title='bbox 1342 945 1491 981; x_wconf 72' lang='grc' dir='ltr'>τηνικαῦτα</span> <span class='ocrx_word' id='word_1_312' title='bbox 1511 946 1619 980; x_wconf 77' lang='grc' dir='ltr'><strong>ὑπέχειν</strong></span> <span class='ocrx_word' id='word_1_313' title='bbox 1637 946 1693 980; x_wconf 71' lang='lat'><strong>(52)</strong></span> <span class='ocrx_word' id='word_1_314' title='bbox 1719 945 1858 980; x_wconf 77' lang='grc' dir='ltr'><strong>ἄρχονται,</strong></span> 
     </span>
    </p>
   </div>
   <div class='ocr_carea' id='block_1_44' title="bbox 1073 990 1859 1026">
    <p class='ocr_par' dir='ltr' id='par_1_44' title="bbox 1073 990 1859 1026">
     <span class='ocr_line' id='line_1_44' title="bbox 1073 990 1859 1026; baseline -0.001 -10"><span class='ocrx_word' id='word_1_315' title='bbox 1073 990 1153 1026; x_wconf 81' lang='grc' dir='ltr'>ήνίκα</span> <span class='ocrx_word' id='word_1_316' title='bbox 1176 990 1208 1017; x_wconf 86' lang='grc' dir='ltr'>ἂν</span> <span class='ocrx_word' id='word_1_317' title='bbox 1222 991 1266 1017; x_wconf 81' lang='grc' dir='ltr'>ὅτε</span> <span class='ocrx_word' id='word_1_318' title='bbox 1288 990 1366 1025; x_wconf 78' lang='grc' dir='ltr'>λόγος</span> <span class='ocrx_word' id='word_1_319' title='bbox 1381 990 1577 1026; x_wconf 77' lang='grc' dir='ltr'>συμπληρωθῇ,</span> <span class='ocrx_word' id='word_1_320' title='bbox 1596 991 1642 1017; x_wconf 79' lang='grc' dir='ltr'><strong>καὶ</strong></span> <span class='ocrx_word' id='word_1_321' title='bbox 1660 990 1690 1016; x_wconf 83' lang='grc' dir='ltr'><strong>τὸ</strong></span> <span class='ocrx_word' id='word_1_322' title='bbox 1711 990 1859 1024; x_wconf 79' lang='grc' dir='ltr'>μυστήριον</span> 
     </span>
    </p>
   </div>
   <div class='ocr_carea' id='block_1_45' title="bbox 1070 1035 1860 1072">
    <p class='ocr_par' dir='ltr' id='par_1_45' title="bbox 1070 1035 1860 1072">
     <span class='ocr_line' id='line_1_45' title="bbox 1070 1035 1860 1072; baseline -0.003 -9"><span class='ocrx_word' id='word_1_323' title='bbox 1070 1036 1176 1071; x_wconf 84' lang='grc' dir='ltr'>μάθωσι</span> <span class='ocrx_word' id='word_1_324' title='bbox 1204 1036 1268 1070; x_wconf 76' lang='grc' dir='ltr'>(τῶν</span> <span class='ocrx_word' id='word_1_325' title='bbox 1287 1037 1341 1072; x_wconf 79' lang='grc' dir='ltr'><strong>γὰρ</strong></span> <span class='ocrx_word' id='word_1_326' title='bbox 1371 1036 1400 1069; x_wconf 79' lang='grc' dir='ltr'>ἐξ</span> <span class='ocrx_word' id='word_1_327' title='bbox 1424 1036 1535 1070; x_wconf 71' lang='grc' dir='ltr'>ἀγνοίας</span> <span class='ocrx_word' id='word_1_328' title='bbox 1556 1036 1760 1072; x_wconf 81' lang='grc' dir='ltr'><strong>ἁμαρτημάτων</strong></span> <span class='ocrx_word' id='word_1_329' title='bbox 1785 1035 1860 1069; x_wconf 78' lang='grc' dir='ltr'>παρᾶ</span> 
     </span>
    </p>
   </div>
   <div class='ocr_carea' id='block_1_46' title="bbox 1068 1081 1859 1118">
    <p class='ocr_par' dir='ltr' id='par_1_46' title="bbox 1068 1081 1859 1118">
     <span class='ocr_line' id='line_1_46' title="bbox 1068 1081 1859 1118; baseline 0.001 -11"><span class='ocrx_word' id='word_1_330' title='bbox 1068 1082 1116 1116; x_wconf 77' lang='grc' dir='ltr'>τῆς</span> <span class='ocrx_word' id='word_1_331' title='bbox 1141 1082 1249 1116; x_wconf 74' lang='grc' dir='ltr'>ἡλικίας</span> <span class='ocrx_word' id='word_1_332' title='bbox 1276 1082 1367 1113; x_wconf 79' lang='grc' dir='ltr'>αὐτοῖς</span> <span class='ocrx_word' id='word_1_333' title='bbox 1379 1082 1409 1108; x_wconf 80' lang='grc' dir='ltr'><strong>τὸ</strong></span> <span class='ocrx_word' id='word_1_334' title='bbox 1433 1081 1575 1108; x_wconf 76' lang='grc' dir='ltr'>ἀνεύθυνον</span> <span class='ocrx_word' id='word_1_335' title='bbox 1595 1081 1674 1118; x_wconf 70' lang='lat' dir='ltr'>[35D-</span> <span class='ocrx_word' id='word_1_336' title='bbox 1695 1082 1859 1117; x_wconf 75' lang='grc' dir='ltr'>τετειχίσθαι</span> 
     </span>
    </p>
   </div>
   <div class='ocr_carea' id='block_1_47' title="bbox 1068 1127 1860 1164">
    <p class='ocr_par' dir='ltr' id='par_1_47' title="bbox 1068 1127 1860 1164">
     <span class='ocr_line' id='line_1_47' title="bbox 1068 1127 1860 1164; baseline 0 -10"><span class='ocrx_word' id='word_1_337' title='bbox 1068 1127 1096 1154; x_wconf 81' lang='grc' dir='ltr'>δὲ</span> <span class='ocrx_word' id='word_1_338' title='bbox 1115 1128 1169 1163; x_wconf 67' lang='grc'>(54)</span> <span class='ocrx_word' id='word_1_339' title='bbox 1189 1128 1227 1163; x_wconf 81' lang='grc' dir='ltr'>τῷ</span> <span class='ocrx_word' id='word_1_340' title='bbox 1245 1128 1362 1164; x_wconf 79' lang='grc' dir='ltr'><strong>λουτρῷ,</strong></span> <span class='ocrx_word' id='word_1_341' title='bbox 1390 1129 1471 1154; x_wconf 83' lang='grc' dir='ltr'>παντὶ</span> <span class='ocrx_word' id='word_1_342' title='bbox 1486 1128 1557 1163; x_wconf 80' lang='grc' dir='ltr'><strong>λόγῳ</strong></span> <span class='ocrx_word' id='word_1_343' title='bbox 1572 1128 1799 1164; x_wconf 79' lang='grc' dir='ltr'>λυσιτελέστερον,</span> <span class='ocrx_word' id='word_1_344' title='bbox 1817 1128 1860 1154; x_wconf 66' lang='grc' dir='ltr'><strong>διὰ</strong></span> 
     </span>
    </p>
   </div>
   <div class='ocr_carea' id='block_1_48' title="bbox 1069 1174 1861 1211">
    <p class='ocr_par' dir='ltr' id='par_1_48' title="bbox 1069 1174 1861 1211">
     <span class='ocr_line' id='line_1_48' title="bbox 1069 1174 1861 1211; baseline 0.003 -11"><span class='ocrx_word' id='word_1_345' title='bbox 1069 1175 1119 1205; x_wconf 78' lang='grc' dir='ltr'>τὰς</span> <span class='ocrx_word' id='word_1_346' title='bbox 1134 1174 1262 1210; x_wconf 77' lang='grc' dir='ltr'><strong>ἐξαίφνης</strong></span> <span class='ocrx_word' id='word_1_347' title='bbox 1277 1175 1484 1210; x_wconf 77' lang='grc' dir='ltr'>συμπιπτούσας</span> <span class='ocrx_word' id='word_1_348' title='bbox 1497 1175 1552 1210; x_wconf 80' lang='grc'>(55)</span> <span class='ocrx_word' id='word_1_349' title='bbox 1567 1176 1632 1211; x_wconf 79' lang='grc' dir='ltr'>ἡμῖν</span> <span class='ocrx_word' id='word_1_350' title='bbox 1646 1175 1799 1211; x_wconf 73' lang='grc' dir='ltr'>προσϐολὰς</span> <span class='ocrx_word' id='word_1_351' title='bbox 1808 1175 1861 1202; x_wconf 79' lang='grc' dir='ltr'><strong>τῶν</strong></span> 
     </span>
    </p>
   </div>
   <div class='ocr_carea' id='block_1_49' title="bbox 1072 1219 1612 1258">
    <p class='ocr_par' dir='ltr' id='par_1_49' title="bbox 1072 1219 1612 1258">
     <span class='ocr_line' id='line_1_49' title="bbox 1072 1219 1612 1258; baseline 0.006 -12"><span class='ocrx_word' id='word_1_352' title='bbox 1072 1219 1210 1252; x_wconf 80' lang='grc' dir='ltr'><strong>κινδύνων,</strong></span> <span class='ocrx_word' id='word_1_353' title='bbox 1227 1222 1273 1247; x_wconf 76' lang='grc' dir='ltr'>καὶ</span> <span class='ocrx_word' id='word_1_354' title='bbox 1288 1221 1413 1257; x_wconf 79' lang='grc' dir='ltr'><strong>βοηθείας</strong></span> <span class='ocrx_word' id='word_1_355' title='bbox 1427 1222 1612 1258; x_wconf 67' lang='grc' dir='ltr'>ἰσχυροτέρας.</span> 
     </span>
    </p>
   </div>
   <div class='ocr_carea' id='block_1_50' title="bbox 238 1263 1860 1302">
    <p class='ocr_par' dir='ltr' id='par_1_50' title="bbox 238 1263 1860 1302">
     <span class='ocr_line' id='line_1_50' title="bbox 238 1263 1860 1302; baseline 0.003 -13"><span class='ocrx_word' id='word_1_356' title='bbox 238 1263 415 1298; x_wconf 77' lang='lat' dir='ltr'><strong>ignorantiam</strong></span> <span class='ocrx_word' id='word_1_357' title='bbox 435 1263 602 1294; x_wconf 86' lang='lat' dir='ltr'><strong>admiserint,</strong></span> <span class='ocrx_word' id='word_1_358' title='bbox 623 1263 754 1289; x_wconf 85' lang='lat' dir='ltr'><strong>rationem</strong></span> <span class='ocrx_word' id='word_1_359' title='bbox 783 1263 894 1290; x_wconf 86' lang='lat' dir='ltr'><strong>reddere</strong></span> <span class='ocrx_word' id='word_1_360' title='bbox 918 1263 1027 1291; x_wconf 90' lang='lat' dir='ltr'><strong>minime</strong></span> <span class='ocrx_word' id='word_1_361' title='bbox 1046 1266 1204 1301; x_wconf 77' lang='lat' dir='ltr'><strong>cogantur);</strong></span> <span class='ocrx_word' id='word_1_362' title='bbox 1236 1273 1262 1294; x_wconf 90' lang='lat' dir='ltr'><strong>at</strong></span> <span class='ocrx_word' id='word_1_363' title='bbox 1291 1273 1400 1302; x_wconf 86' lang='lat' dir='ltr'><strong>propter</strong></span> <span class='ocrx_word' id='word_1_364' title='bbox 1422 1268 1573 1301; x_wconf 81' lang='lat' dir='ltr'><strong>inopinatos</strong></span> <span class='ocrx_word' id='word_1_365' title='bbox 1596 1273 1621 1295; x_wconf 90' lang='lat' dir='ltr'><strong>et</strong></span> <span class='ocrx_word' id='word_1_366' title='bbox 1642 1268 1798 1302; x_wconf 89' lang='lat' dir='ltr'><strong>repentinos</strong></span> <span class='ocrx_word' id='word_1_367' title='bbox 1814 1275 1860 1301; x_wconf 89' lang='lat' dir='ltr'><strong>pe-</strong></span> 
     </span>
    </p>
   </div>
   <div class='ocr_carea' id='block_1_51' title="bbox 238 1307 1861 1348">
    <p class='ocr_par' dir='ltr' id='par_1_51' title="bbox 238 1307 1861 1348">
     <span class='ocr_line' id='line_1_51' title="bbox 238 1307 1861 1348; baseline 0.003 -13"><span class='ocrx_word' id='word_1_368' title='bbox 238 1309 382 1336; x_wconf 82' lang='lat' dir='ltr'><strong>riculorum</strong></span> <span class='ocrx_word' id='word_1_369' title='bbox 398 1310 522 1343; x_wconf 85' lang='lat' dir='ltr'><strong>impetus,</strong></span> <span class='ocrx_word' id='word_1_370' title='bbox 534 1309 632 1343; x_wconf 90' lang='lat' dir='ltr'><strong>quique</strong></span> <span class='ocrx_word' id='word_1_371' title='bbox 649 1307 721 1334; x_wconf 89' lang='lat' dir='ltr'><strong>nulla</strong></span> <span class='ocrx_word' id='word_1_372' title='bbox 735 1315 786 1343; x_wconf 91' lang='lat' dir='ltr'><strong>ope</strong></span> <span class='ocrx_word' id='word_1_373' title='bbox 810 1314 891 1343; x_wconf 90' lang='lat' dir='ltr'><strong>atque</strong></span> <span class='ocrx_word' id='word_1_374' title='bbox 924 1309 1024 1337; x_wconf 76' lang='lat' dir='ltr'><strong>auxilio</strong></span> <span class='ocrx_word' id='word_1_375' title='bbox 1042 1312 1190 1346; x_wconf 83' lang='lat' dir='ltr'><strong>propulsari</strong></span> <span class='ocrx_word' id='word_1_376' title='bbox 1229 1319 1337 1348; x_wconf 82' lang='lat' dir='ltr'><strong>queant,</strong></span> <span class='ocrx_word' id='word_1_377' title='bbox 1368 1313 1475 1341; x_wconf 77' lang='lat' dir='ltr'><strong>lavacro</strong></span> <span class='ocrx_word' id='word_1_378' title='bbox 1488 1314 1647 1342; x_wconf 84' lang='lat' dir='ltr'><strong>communiri</strong></span> <span class='ocrx_word' id='word_1_379' title='bbox 1661 1314 1771 1341; x_wconf 89' lang='lat' dir='ltr'><strong>omnino</strong></span> <span class='ocrx_word' id='word_1_380' title='bbox 1794 1321 1861 1340; x_wconf 92' lang='lat' dir='ltr'><strong>cou-</strong></span> 
     </span>
    </p>
   </div>
   <div class='ocr_carea' id='block_1_52' title="bbox 238 1354 444 1381">
    <p class='ocr_par' dir='ltr' id='par_1_52' title="bbox 238 1354 444 1381">
     <span class='ocr_line' id='line_1_52' title="bbox 238 1354 444 1381; baseline 0 -1"><span class='ocrx_word' id='word_1_381' title='bbox 238 1354 379 1381; x_wconf 88' lang='lat' dir='ltr'><strong>ducibilius</strong></span> <span class='ocrx_word' id='word_1_382' title='bbox 392 1359 444 1381; x_wconf 88' lang='lat' dir='ltr'><strong>est.</strong></span> 
     </span>
    </p>
   </div>
   <div class='ocr_carea' id='block_1_53' title="bbox 276 1400 1021 1437">
    <p class='ocr_par' dir='ltr' id='par_1_53' title="bbox 276 1400 1020 1436">
     <span class='ocr_line' id='line_1_53' title="bbox 276 1400 1020 1436; baseline 0.001 -9"><span class='ocrx_word' id='word_1_383' title='bbox 276 1400 372 1428; x_wconf 80' lang='lat' dir='ltr'><strong>XXIX.</strong></span> <span class='ocrx_word' id='word_1_384' title='bbox 390 1401 424 1427; x_wconf 88' lang='lat' dir='ltr'><strong>At</strong></span> <span class='ocrx_word' id='word_1_385' title='bbox 435 1401 507 1427; x_wconf 88' lang='lat' dir='ltr'><strong>dices</strong></span> <span class='ocrx_word' id='word_1_386' title='bbox 522 1410 529 1427; x_wconf 86' lang='lat'>:</span> <span class='ocrx_word' id='word_1_387' title='bbox 543 1400 666 1428; x_wconf 81' lang='lat' dir='ltr'><strong>Christus</strong></span> <span class='ocrx_word' id='word_1_388' title='bbox 689 1400 829 1436; x_wconf 82' lang='lat' dir='ltr'><strong>trigesimo</strong></span> <span class='ocrx_word' id='word_1_389' title='bbox 844 1407 915 1427; x_wconf 89' lang='lat' dir='ltr'><strong>anno</strong></span> <span class='ocrx_word' id='word_1_390' title='bbox 933 1401 1020 1435; x_wconf 80' lang='lat' dir='ltr'><strong>bapti-</strong></span> 
     </span>
    </p>
   </div>
   <div class='ocr_carea' id='block_1_54' title="bbox 1071 1400 1862 1437">
    <p class='ocr_par' dir='ltr' id='par_1_54' title="bbox 1107 1401 1862 1437">
     <span class='ocr_line' id='line_1_54' title="bbox 1107 1401 1862 1437; baseline -0.004 -8"><span class='ocrx_word' id='word_1_391' title='bbox 1107 1402 1172 1429; x_wconf 77' lang='lat' dir='ltr'><strong>KB&#39;.</strong></span> <span class='ocrx_word' id='word_1_392' title='bbox 1198 1401 1278 1428; x_wconf 77' lang='grc' dir='ltr'>Ἀλλὰ</span> <span class='ocrx_word' id='word_1_393' title='bbox 1292 1401 1418 1437; x_wconf 71' lang='grc' dir='ltr'>Χριστὸς,</span> <span class='ocrx_word' id='word_1_394' title='bbox 1440 1402 1516 1437; x_wconf 73' lang='grc' dir='ltr'>φησὶ,</span> <span class='ocrx_word' id='word_1_395' title='bbox 1536 1401 1749 1436; x_wconf 84' lang='grc' dir='ltr'>τριακονταέτης</span> <span class='ocrx_word' id='word_1_396' title='bbox 1763 1401 1862 1436; x_wconf 78' lang='grc' dir='ltr'>βαπτί·</span> 
     </span>
    </p>
   </div>
   <div class='ocr_carea' id='block_1_55' title="bbox 239 1445 1022 1480">
    <p class='ocr_par' dir='ltr' id='par_1_55' title="bbox 239 1445 1022 1480">
     <span class='ocr_line' id='line_1_55' title="bbox 239 1445 1022 1480; baseline -0.001 -8"><span class='ocrx_word' id='word_1_397' title='bbox 239 1446 357 1479; x_wconf 75' lang='lat' dir='ltr'><strong>zatur&quot;,</strong></span> <span class='ocrx_word' id='word_1_398' title='bbox 371 1445 451 1480; x_wconf 88' lang='lat' dir='ltr'><strong>idque</strong></span> <span class='ocrx_word' id='word_1_399' title='bbox 465 1453 524 1472; x_wconf 91' lang='lat' dir='ltr'><strong>cum</strong></span> <span class='ocrx_word' id='word_1_400' title='bbox 540 1446 607 1472; x_wconf 84' lang='lat' dir='ltr'><strong>Deus</strong></span> <span class='ocrx_word' id='word_1_401' title='bbox 623 1450 696 1471; x_wconf 84' lang='lat' dir='ltr'><strong>esset</strong></span> <span class='ocrx_word' id='word_1_402' title='bbox 714 1453 719 1470; x_wconf 89' lang='lat'><strong>:</strong></span> <span class='ocrx_word' id='word_1_403' title='bbox 739 1450 766 1472; x_wconf 94' lang='lat' dir='ltr'><strong>tu</strong></span> <span class='ocrx_word' id='word_1_404' title='bbox 791 1452 854 1472; x_wconf 75' lang='lat' dir='ltr'><strong>vero</strong></span> <span class='ocrx_word' id='word_1_405' title='bbox 877 1452 918 1471; x_wconf 91' lang='lat' dir='ltr'><strong>me</strong></span> <span class='ocrx_word' id='word_1_406' title='bbox 937 1445 1022 1479; x_wconf 86' lang='lat' dir='ltr'><strong>bapti-</strong></span> 
     </span>
    </p>
   </div>
   <div class='ocr_carea' id='block_1_56' title="bbox 239 1490 1024 1526">
    <p class='ocr_par' dir='ltr' id='par_1_56' title="bbox 239 1490 1024 1526">
     <span class='ocr_line' id='line_1_56' title="bbox 239 1490 1024 1526; baseline -0.003 -7"><span class='ocrx_word' id='word_1_407' title='bbox 239 1499 326 1520; x_wconf 85' lang='lat' dir='ltr'><strong>smum</strong></span> <span class='ocrx_word' id='word_1_408' title='bbox 339 1498 433 1526; x_wconf 73' lang='lat' dir='ltr'><strong>urgere</strong></span> <span class='ocrx_word' id='word_1_409' title='bbox 443 1490 540 1524; x_wconf 79' lang='lat' dir='ltr'><strong>jubes?</strong></span> <span class='ocrx_word' id='word_1_410' title='bbox 551 1490 617 1517; x_wconf 91' lang='lat' dir='ltr'><strong>Cum</strong></span> <span class='ocrx_word' id='word_1_411' title='bbox 633 1490 716 1517; x_wconf 87' lang='lat' dir='ltr'><strong>Deum</strong></span> <span class='ocrx_word' id='word_1_412' title='bbox 736 1490 837 1521; x_wconf 83' lang='lat' dir='ltr'><strong>dixisti,</strong></span> <span class='ocrx_word' id='word_1_413' title='bbox 849 1491 962 1525; x_wconf 74' lang='lat' dir='ltr'><strong>quaestio</strong></span> <span class='ocrx_word' id='word_1_414' title='bbox 975 1490 1024 1517; x_wconf 83' lang='lat' dir='ltr'><strong>abs</strong></span> 
     </span>
    </p>
   </div>
   <div class='ocr_carea' id='block_1_57' title="bbox 241 1536 1023 1571">
    <p class='ocr_par' dir='ltr' id='par_1_57' title="bbox 241 1536 1023 1571">
     <span class='ocr_line' id='line_1_57' title="bbox 241 1536 1023 1571; baseline 0 -8"><span class='ocrx_word' id='word_1_415' title='bbox 241 1543 267 1564; x_wconf 89' lang='lat' dir='ltr'><strong>te</strong></span> <span class='ocrx_word' id='word_1_416' title='bbox 283 1537 368 1563; x_wconf 83' lang='lat' dir='ltr'><strong>soluta</strong></span> <span class='ocrx_word' id='word_1_417' title='bbox 382 1541 432 1563; x_wconf 89' lang='lat' dir='ltr'><strong>est.</strong></span> <span class='ocrx_word' id='word_1_418' title='bbox 453 1536 519 1562; x_wconf 78' lang='lat' dir='ltr'><strong>Nam</strong></span> <span class='ocrx_word' id='word_1_419' title='bbox 542 1536 586 1563; x_wconf 89' lang='lat' dir='ltr'><strong>ille</strong></span> <span class='ocrx_word' id='word_1_420' title='bbox 606 1536 731 1571; x_wconf 75' lang='lat' dir='ltr'><strong>purgatio</strong></span> <span class='ocrx_word' id='word_1_421' title='bbox 752 1537 865 1569; x_wconf 85' lang='lat' dir='ltr'><strong>ipsamet</strong></span> <span class='ocrx_word' id='word_1_422' title='bbox 881 1541 950 1568; x_wconf 86' lang='lat' dir='ltr'><strong>erat,</strong></span> <span class='ocrx_word' id='word_1_423' title='bbox 973 1543 1023 1563; x_wconf 89' lang='lat' dir='ltr'><strong>nec</strong></span> 
     </span>
    </p>
   </div>
   <div class='ocr_carea' id='block_1_58' title="bbox 241 1582 1023 1617">
    <p class='ocr_par' dir='ltr' id='par_1_58' title="bbox 241 1582 1023 1617">
     <span class='ocr_line' id='line_1_58' title="bbox 241 1582 1023 1617; baseline -0.001 -8"><span class='ocrx_word' id='word_1_424' title='bbox 241 1582 406 1617; x_wconf 78' lang='lat' dir='ltr'><strong>purgationis</strong></span> <span class='ocrx_word' id='word_1_425' title='bbox 430 1582 582 1615; x_wconf 83' lang='lat' dir='ltr'><strong>indigebat;</strong></span> <span class='ocrx_word' id='word_1_426' title='bbox 611 1589 701 1608; x_wconf 77' lang='lat' dir='ltr'><strong>verum</strong></span> <span class='ocrx_word' id='word_1_427' title='bbox 727 1586 768 1607; x_wconf 87' lang='lat' dir='ltr'><strong>tua</strong></span> <span class='ocrx_word' id='word_1_428' title='bbox 795 1589 876 1609; x_wconf 88' lang='lat' dir='ltr'><strong>causa</strong></span> <span class='ocrx_word' id='word_1_429' title='bbox 893 1582 1023 1616; x_wconf 80' lang='lat' dir='ltr'><strong>purgaba-</strong></span> 
     </span>
    </p>
   </div>
   <div class='ocr_carea' id='block_1_59' title="bbox 242 1627 1023 1662">
    <p class='ocr_par' dir='ltr' id='par_1_59' title="bbox 242 1627 1023 1662">
     <span class='ocr_line' id='line_1_59' title="bbox 242 1627 1023 1662; baseline 0 -8"><span class='ocrx_word' id='word_1_430' title='bbox 242 1633 296 1660; x_wconf 88' lang='lat' dir='ltr'><strong>tur,</strong></span> <span class='ocrx_word' id='word_1_431' title='bbox 311 1627 534 1662; x_wconf 81' lang='lat' dir='ltr'><strong>quemadmodum</strong></span> <span class='ocrx_word' id='word_1_432' title='bbox 548 1632 575 1653; x_wconf 91' lang='lat' dir='ltr'><strong>et</strong></span> <span class='ocrx_word' id='word_1_433' title='bbox 589 1635 697 1654; x_wconf 88' lang='lat' dir='ltr'><strong>carnem</strong></span> <span class='ocrx_word' id='word_1_434' title='bbox 723 1627 836 1659; x_wconf 82' lang='lat' dir='ltr'><strong>ferebat,</strong></span> <span class='ocrx_word' id='word_1_435' title='bbox 854 1635 914 1654; x_wconf 90' lang='lat' dir='ltr'><strong>cum</strong></span> <span class='ocrx_word' id='word_1_436' title='bbox 932 1629 1023 1654; x_wconf 86' lang='lat' dir='ltr'><strong>carnis</strong></span> 
     </span>
    </p>
   </div>
   <div class='ocr_carea' id='block_1_60' title="bbox 242 1672 1024 1708">
    <p class='ocr_par' dir='ltr' id='par_1_60' title="bbox 242 1672 1024 1708">
     <span class='ocr_line' id='line_1_60' title="bbox 242 1672 1024 1708; baseline 0.003 -9"><span class='ocrx_word' id='word_1_437' title='bbox 242 1680 338 1708; x_wconf 80' lang='lat' dir='ltr'><strong>expers</strong></span> <span class='ocrx_word' id='word_1_438' title='bbox 365 1678 447 1700; x_wconf 85' lang='lat' dir='ltr'><strong>esset.</strong></span> <span class='ocrx_word' id='word_1_439' title='bbox 472 1672 526 1699; x_wconf 86' lang='lat' dir='ltr'><strong>Nec</strong></span> <span class='ocrx_word' id='word_1_440' title='bbox 551 1681 615 1700; x_wconf 84' lang='lat' dir='ltr'><strong>vero</strong></span> <span class='ocrx_word' id='word_1_441' title='bbox 632 1674 655 1700; x_wconf 91' lang='lat' dir='ltr'><strong>ei</strong></span> <span class='ocrx_word' id='word_1_442' title='bbox 679 1674 824 1707; x_wconf 84' lang='lat' dir='ltr'><strong>quidquam</strong></span> <span class='ocrx_word' id='word_1_443' title='bbox 840 1674 950 1708; x_wconf 88' lang='lat' dir='ltr'><strong>periculi</strong></span> <span class='ocrx_word' id='word_1_444' title='bbox 969 1681 1024 1701; x_wconf 88' lang='lat' dir='ltr'><strong>me-</strong></span> 
     </span>
    </p>
   </div>
   <div class='ocr_carea' id='block_1_61' title="bbox 243 1718 1022 1754">
    <p class='ocr_par' dir='ltr' id='par_1_61' title="bbox 243 1718 1022 1754">
     <span class='ocr_line' id='line_1_61' title="bbox 243 1718 1022 1754; baseline 0.001 -9"><span class='ocrx_word' id='word_1_445' title='bbox 243 1720 370 1746; x_wconf 89' lang='lat' dir='ltr'><strong>tuendum</strong></span> <span class='ocrx_word' id='word_1_446' title='bbox 400 1724 467 1751; x_wconf 86' lang='lat' dir='ltr'><strong>erat,</strong></span> <span class='ocrx_word' id='word_1_447' title='bbox 498 1718 658 1753; x_wconf 87' lang='lat' dir='ltr'><strong>baptismum</strong></span> <span class='ocrx_word' id='word_1_448' title='bbox 676 1719 849 1753; x_wconf 81' lang='lat' dir='ltr'><strong>proroganti;</strong></span> <span class='ocrx_word' id='word_1_449' title='bbox 865 1720 963 1754; x_wconf 85' lang='lat' dir='ltr'><strong>quippe</strong></span> <span class='ocrx_word' id='word_1_450' title='bbox 976 1720 1022 1753; x_wconf 89' lang='lat' dir='ltr'><strong>qui</strong></span> 
     </span>
    </p>
   </div>
   <div class='ocr_carea' id='block_1_62' title="bbox 242 1759 1022 1799">
    <p class='ocr_par' dir='ltr' id='par_1_62' title="bbox 242 1759 1022 1799">
     <span class='ocr_line' id='line_1_62' title="bbox 242 1759 1022 1799; baseline 0 -8"><span class='ocrx_word' id='word_1_451' title='bbox 242 1764 378 1799; x_wconf 86' lang='lat' dir='ltr'><strong>passionis</strong></span> <span class='ocrx_word' id='word_1_452' title='bbox 388 1771 496 1798; x_wconf 86' lang='lat' dir='ltr'><strong>quoque</strong></span> <span class='ocrx_word' id='word_1_453' title='bbox 510 1772 565 1791; x_wconf 74' lang='lat' dir='ltr'><strong>sua:</strong></span> <span class='ocrx_word' id='word_1_454' title='bbox 579 1764 679 1791; x_wconf 84' lang='lat' dir='ltr'><strong>arbiter</strong></span> <span class='ocrx_word' id='word_1_455' title='bbox 693 1759 776 1795; x_wconf 58' lang='lat' dir='ltr'><strong>essitt,</strong></span> <span class='ocrx_word' id='word_1_456' title='bbox 793 1765 1022 1799; x_wconf 82' lang='lat' dir='ltr'><strong>quemadmodum</strong></span> 
     </span>
    </p>
   </div>
   <div class='ocr_carea' id='block_1_63' title="bbox 243 1810 1024 1844">
    <p class='ocr_par' dir='ltr' id='par_1_63' title="bbox 243 1810 1024 1844">
     <span class='ocr_line' id='line_1_63' title="bbox 243 1810 1024 1844; baseline 0.001 -8"><span class='ocrx_word' id='word_1_457' title='bbox 243 1815 270 1837; x_wconf 90' lang='lat' dir='ltr'><strong>et</strong></span> <span class='ocrx_word' id='word_1_458' title='bbox 284 1810 443 1837; x_wconf 85' lang='lat' dir='ltr'><strong>nativitatis.</strong></span> <span class='ocrx_word' id='word_1_459' title='bbox 458 1810 517 1837; x_wconf 89' lang='lat' dir='ltr'><strong>Tibi</strong></span> <span class='ocrx_word' id='word_1_460' title='bbox 540 1815 629 1836; x_wconf 85' lang='lat' dir='ltr'><strong>autem</strong></span> <span class='ocrx_word' id='word_1_461' title='bbox 651 1818 702 1837; x_wconf 90' lang='lat' dir='ltr'><strong>non</strong></span> <span class='ocrx_word' id='word_1_462' title='bbox 722 1810 780 1837; x_wconf 87' lang='lat' dir='ltr'><strong>leve</strong></span> <span class='ocrx_word' id='word_1_463' title='bbox 805 1810 955 1844; x_wconf 89' lang='lat' dir='ltr'><strong>periculum</strong></span> <span class='ocrx_word' id='word_1_464' title='bbox 973 1811 1024 1837; x_wconf 90' lang='lat' dir='ltr'><strong>im-</strong></span> 
     </span>
    </p>
   </div>
   <div class='ocr_carea' id='block_1_64' title="bbox 244 1855 1022 1890">
    <p class='ocr_par' dir='ltr' id='par_1_64' title="bbox 244 1855 1022 1890">
     <span class='ocr_line' id='line_1_64' title="bbox 244 1855 1022 1890; baseline 0.001 -9"><span class='ocrx_word' id='word_1_465' title='bbox 244 1855 336 1888; x_wconf 85' lang='lat' dir='ltr'><strong>minet,</strong></span> <span class='ocrx_word' id='word_1_466' title='bbox 351 1855 373 1882; x_wconf 89' lang='lat' dir='ltr'><strong>si</strong></span> <span class='ocrx_word' id='word_1_467' title='bbox 398 1855 470 1886; x_wconf 86' lang='lat' dir='ltr'><strong>binc,</strong></span> <span class='ocrx_word' id='word_1_468' title='bbox 485 1855 649 1890; x_wconf 88' lang='lat' dir='ltr'><strong>corruptioni</strong></span> <span class='ocrx_word' id='word_1_469' title='bbox 662 1855 710 1882; x_wconf 92' lang='lat' dir='ltr'><strong>soli</strong></span> <span class='ocrx_word' id='word_1_470' title='bbox 725 1856 842 1890; x_wconf 81' lang='lat' dir='ltr'><strong>genitus,</strong></span> <span class='ocrx_word' id='word_1_471' title='bbox 860 1863 909 1882; x_wconf 90' lang='lat' dir='ltr'><strong>nec</strong></span> <span class='ocrx_word' id='word_1_472' title='bbox 930 1856 1022 1883; x_wconf 91' lang='lat' dir='ltr'><strong>incor-</strong></span> 
     </span>
    </p>
   </div>
   <div class='ocr_carea' id='block_1_65' title="bbox 243 1900 1021 1934">
    <p class='ocr_par' dir='ltr' id='par_1_65' title="bbox 243 1900 1021 1934">
     <span class='ocr_line' id='line_1_65' title="bbox 243 1900 1021 1934; baseline 0.001 -7"><span class='ocrx_word' id='word_1_473' title='bbox 243 1900 420 1933; x_wconf 87' lang='lat' dir='ltr'><strong>ruptibilitate</strong></span> <span class='ocrx_word' id='word_1_474' title='bbox 449 1901 569 1931; x_wconf 79' lang='lat' dir='ltr'><strong>indutus.</strong></span> <span class='ocrx_word' id='word_1_475' title='bbox 594 1901 755 1928; x_wconf 84' lang='lat' dir='ltr'><strong>excesseris.</strong></span> <span class='ocrx_word' id='word_1_476' title='bbox 774 1901 843 1934; x_wconf 86' lang='lat' dir='ltr'><strong>Quin</strong></span> <span class='ocrx_word' id='word_1_477' title='bbox 861 1901 925 1928; x_wconf 93' lang='lat' dir='ltr'><strong>illud</strong></span> <span class='ocrx_word' id='word_1_478' title='bbox 940 1902 1021 1928; x_wconf 82' lang='lat' dir='ltr'><strong>etiam</strong></span> 
     </span>
    </p>
   </div>
   <div class='ocr_carea' id='block_1_66' title="bbox 242 1945 1024 1980">
    <p class='ocr_par' dir='ltr' id='par_1_66' title="bbox 242 1945 1024 1980">
     <span class='ocr_line' id='line_1_66' title="bbox 242 1945 1024 1980; baseline -0.003 -6"><span class='ocrx_word' id='word_1_479' title='bbox 242 1946 436 1977; x_wconf 71' lang='lat' dir='ltr'><strong>animadverto,</strong></span> <span class='ocrx_word' id='word_1_480' title='bbox 457 1945 528 1980; x_wconf 92' lang='lat' dir='ltr'><strong>quod</strong></span> <span class='ocrx_word' id='word_1_481' title='bbox 547 1945 583 1972; x_wconf 93' lang='lat' dir='ltr'><strong>illi</strong></span> <span class='ocrx_word' id='word_1_482' title='bbox 598 1945 706 1979; x_wconf 87' lang='lat' dir='ltr'><strong>quidem</strong></span> <span class='ocrx_word' id='word_1_483' title='bbox 735 1950 839 1979; x_wconf 88' lang='lat' dir='ltr'><strong>tempus</strong></span> <span class='ocrx_word' id='word_1_484' title='bbox 864 1945 916 1972; x_wconf 87' lang='lat' dir='ltr'><strong>hoc</strong></span> <span class='ocrx_word' id='word_1_485' title='bbox 939 1945 1024 1980; x_wconf 85' lang='lat' dir='ltr'><strong>bapti-</strong></span> 
     </span>
    </p>
   </div>
   <div class='ocr_carea' id='block_1_67' title="bbox 243 1991 1025 2020">
    <p class='ocr_par' dir='ltr' id='par_1_67' title="bbox 243 1991 1025 2020">
     <span class='ocr_line' id='line_1_67' title="bbox 243 1991 1025 2020; baseline -0.004 -1"><span class='ocrx_word' id='word_1_486' title='bbox 243 1992 293 2019; x_wconf 88' lang='lat' dir='ltr'><strong>smi</strong></span> <span class='ocrx_word' id='word_1_487' title='bbox 307 1991 489 2019; x_wconf 75' lang='lat' dir='ltr'><strong>necessarium</strong></span> <span class='ocrx_word' id='word_1_488' title='bbox 505 1996 578 2020; x_wconf 88' lang='lat' dir='ltr'><strong>erat:</strong></span> <span class='ocrx_word' id='word_1_489' title='bbox 593 1996 636 2017; x_wconf 86' lang='lat' dir='ltr'><strong>tua</strong></span> <span class='ocrx_word' id='word_1_490' title='bbox 647 1996 736 2018; x_wconf 88' lang='lat' dir='ltr'><strong>autem</strong></span> <span class='ocrx_word' id='word_1_491' title='bbox 749 1998 802 2017; x_wconf 91' lang='lat' dir='ltr'><strong>non</strong></span> <span class='ocrx_word' id='word_1_492' title='bbox 820 1991 913 2018; x_wconf 79' lang='lat' dir='ltr'><strong>cadent</strong></span> <span class='ocrx_word' id='word_1_493' title='bbox 930 1997 970 2018; x_wconf 89' lang='lat' dir='ltr'><strong>est</strong></span> <span class='ocrx_word' id='word_1_494' title='bbox 983 1999 1025 2017; x_wconf 88' lang='lat' dir='ltr'><strong>ra-</strong></span> 
     </span>
    </p>
   </div>
   <div class='ocr_carea' id='block_1_68' title="bbox 243 2037 1023 2072">
    <p class='ocr_par' dir='ltr' id='par_1_68' title="bbox 243 2037 1023 2072">
     <span class='ocr_line' id='line_1_68' title="bbox 243 2037 1023 2072; baseline 0 -8"><span class='ocrx_word' id='word_1_495' title='bbox 243 2038 290 2064; x_wconf 88' lang='lat' dir='ltr'><strong>tio.</strong></span> <span class='ocrx_word' id='word_1_496' title='bbox 316 2037 416 2064; x_wconf 87' lang='lat' dir='ltr'><strong>ldcirco</strong></span> <span class='ocrx_word' id='word_1_497' title='bbox 437 2038 508 2064; x_wconf 81' lang='lat' dir='ltr'><strong>enim</strong></span> <span class='ocrx_word' id='word_1_498' title='bbox 530 2037 575 2064; x_wconf 85' lang='lat' dir='ltr'><strong>ille</strong></span> <span class='ocrx_word' id='word_1_499' title='bbox 597 2038 736 2072; x_wconf 75' lang='lat' dir='ltr'><strong>trigesimo</strong></span> <span class='ocrx_word' id='word_1_500' title='bbox 759 2037 874 2071; x_wconf 88' lang='lat' dir='ltr'><strong>denique</strong></span> <span class='ocrx_word' id='word_1_501' title='bbox 898 2044 978 2069; x_wconf 86' lang='lat' dir='ltr'><strong>anno,</strong></span> <span class='ocrx_word' id='word_1_502' title='bbox 991 2044 1023 2064; x_wconf 86' lang='lat' dir='ltr'><strong>ac</strong></span> 
     </span>
    </p>
   </div>
   <div class='ocr_carea' id='block_1_69' title="bbox 242 2076 1061 2117">
    <p class='ocr_par' dir='ltr' id='par_1_69' title="bbox 242 2076 1061 2117">
     <span class='ocr_line' id='line_1_69' title="bbox 242 2076 1061 2117; baseline 0 -9"><span class='ocrx_word' id='word_1_503' title='bbox 242 2089 295 2109; x_wconf 89' lang='lat' dir='ltr'><strong>nou</strong></span> <span class='ocrx_word' id='word_1_504' title='bbox 315 2082 400 2117; x_wconf 83' lang='lat' dir='ltr'><strong>prius,</strong></span> <span class='ocrx_word' id='word_1_505' title='bbox 413 2090 474 2110; x_wconf 87' lang='lat' dir='ltr'><strong>sese</strong></span> <span class='ocrx_word' id='word_1_506' title='bbox 491 2083 629 2116; x_wconf 87' lang='lat' dir='ltr'><strong>indicavit,</strong></span> <span class='ocrx_word' id='word_1_507' title='bbox 644 2088 698 2109; x_wconf 90' lang='lat' dir='ltr'><strong>tum</strong></span> <span class='ocrx_word' id='word_1_508' title='bbox 714 2089 748 2109; x_wconf 90' lang='lat' dir='ltr'><strong>ne</strong></span> <span class='ocrx_word' id='word_1_509' title='bbox 763 2087 915 2110; x_wconf 87' lang='lat' dir='ltr'><strong>ostentator</strong></span> <span class='ocrx_word' id='word_1_510' title='bbox 926 2082 1023 2116; x_wconf 86' lang='lat' dir='ltr'><strong>aliquis</strong></span> <span class='ocrx_word' id='word_1_511' title='bbox 1041 2076 1061 2103; x_wconf 77' lang='grc' dir='ltr'><strong>Β</strong></span> 
     </span>
    </p>
   </div>
   <div class='ocr_carea' id='block_1_70' title="bbox 242 2127 1023 2162">
    <p class='ocr_par' dir='ltr' id='par_1_70' title="bbox 242 2127 1023 2162">
     <span class='ocr_line' id='line_1_70' title="bbox 242 2127 1023 2162; baseline 0 -8"><span class='ocrx_word' id='word_1_512' title='bbox 242 2135 301 2155; x_wconf 82' lang='lat' dir='ltr'><strong>esse</strong></span> <span class='ocrx_word' id='word_1_513' title='bbox 324 2128 460 2155; x_wconf 84' lang='lat' dir='ltr'><strong>videretur</strong></span> <span class='ocrx_word' id='word_1_514' title='bbox 474 2127 539 2162; x_wconf 82' lang='lat' dir='ltr'><strong>(quo</strong></span> <span class='ocrx_word' id='word_1_515' title='bbox 553 2127 649 2155; x_wconf 74' lang='lat' dir='ltr'><strong>aﬂ‘ectu</strong></span> <span class='ocrx_word' id='word_1_516' title='bbox 673 2128 754 2162; x_wconf 89' lang='lat' dir='ltr'><strong>inepti</strong></span> <span class='ocrx_word' id='word_1_517' title='bbox 775 2128 899 2154; x_wconf 86' lang='lat' dir='ltr'><strong>homines</strong></span> <span class='ocrx_word' id='word_1_518' title='bbox 922 2129 1023 2154; x_wconf 84' lang='lat' dir='ltr'><strong>ducun-</strong></span> 
     </span>
    </p>
   </div>
   <div class='ocr_carea' id='block_1_71' title="bbox 244 2173 1024 2208">
    <p class='ocr_par' dir='ltr' id='par_1_71' title="bbox 244 2173 1024 2208">
     <span class='ocr_line' id='line_1_71' title="bbox 244 2173 1024 2208; baseline -0.001 -8"><span class='ocrx_word' id='word_1_519' title='bbox 244 2174 311 2208; x_wconf 82' lang='lat' dir='ltr'><strong>tur);</strong></span> <span class='ocrx_word' id='word_1_520' title='bbox 325 2178 380 2200; x_wconf 87' lang='lat' dir='ltr'><strong>tum</strong></span> <span class='ocrx_word' id='word_1_521' title='bbox 398 2174 460 2208; x_wconf 88' lang='lat' dir='ltr'><strong>quia</strong></span> <span class='ocrx_word' id='word_1_522' title='bbox 475 2174 531 2201; x_wconf 63' lang='lat' dir='ltr'><strong>haec</strong></span> <span class='ocrx_word' id='word_1_523' title='bbox 545 2178 610 2200; x_wconf 61' lang='lat' dir='ltr'><strong>aetas</strong></span> <span class='ocrx_word' id='word_1_524' title='bbox 627 2173 735 2207; x_wconf 88' lang='lat' dir='ltr'><strong>plenum</strong></span> <span class='ocrx_word' id='word_1_525' title='bbox 758 2173 865 2200; x_wconf 89' lang='lat' dir='ltr'><strong>virtutis</strong></span> <span class='ocrx_word' id='word_1_526' title='bbox 879 2181 1024 2207; x_wconf 73' lang='lat' dir='ltr'><strong>argumen-</strong></span> 
     </span>
    </p>
   </div>
   <div class='ocr_carea' id='block_1_72' title="bbox 245 2218 1024 2254">
    <p class='ocr_par' dir='ltr' id='par_1_72' title="bbox 245 2218 1024 2254">
     <span class='ocr_line' id='line_1_72' title="bbox 245 2218 1024 2254; baseline -0.003 -7"><span class='ocrx_word' id='word_1_527' title='bbox 245 2226 310 2251; x_wconf 86' lang='lat' dir='ltr'><strong>tum,</strong></span> <span class='ocrx_word' id='word_1_528' title='bbox 330 2220 496 2254; x_wconf 89' lang='lat' dir='ltr'><strong>docendique</strong></span> <span class='ocrx_word' id='word_1_529' title='bbox 510 2219 693 2246; x_wconf 88' lang='lat' dir='ltr'><strong>maturitatem</strong></span> <span class='ocrx_word' id='word_1_530' title='bbox 719 2219 807 2245; x_wconf 89' lang='lat' dir='ltr'><strong>babet.</strong></span> <span class='ocrx_word' id='word_1_531' title='bbox 821 2218 880 2245; x_wconf 74' lang='lat' dir='ltr'><strong>1am</strong></span> <span class='ocrx_word' id='word_1_532' title='bbox 899 2218 1024 2252; x_wconf 87' lang='lat' dir='ltr'><strong>quoniam</strong></span> 
     </span>
    </p>
   </div>
   <div class='ocr_carea' id='block_1_73' title="bbox 243 2263 1023 2299">
    <p class='ocr_par' dir='ltr' id='par_1_73' title="bbox 243 2263 1023 2299">
     <span class='ocr_line' id='line_1_73' title="bbox 243 2263 1023 2299; baseline -0.005 -6"><span class='ocrx_word' id='word_1_533' title='bbox 243 2267 267 2293; x_wconf 81' lang='lat' dir='ltr'><strong>ei</strong></span> <span class='ocrx_word' id='word_1_534' title='bbox 283 2266 450 2293; x_wconf 81' lang='lat' dir='ltr'><strong>salutiferam</strong></span> <span class='ocrx_word' id='word_1_535' title='bbox 476 2266 576 2292; x_wconf 91' lang='lat' dir='ltr'><strong>mundo</strong></span> <span class='ocrx_word' id='word_1_536' title='bbox 592 2263 753 2299; x_wconf 82' lang='lat' dir='ltr'><strong>supplicium</strong></span> <span class='ocrx_word' id='word_1_537' title='bbox 772 2264 938 2291; x_wconf 83' lang='lat' dir='ltr'><strong>subeundum</strong></span> <span class='ocrx_word' id='word_1_538' title='bbox 956 2269 1023 2295; x_wconf 89' lang='lat' dir='ltr'><strong>erat,</strong></span> 
     </span>
    </p>
   </div>
   <div class='ocr_carea' id='block_1_74' title="bbox 243 2310 1024 2346">
    <p class='ocr_par' dir='ltr' id='par_1_74' title="bbox 243 2310 1024 2346">
     <span class='ocr_line' id='line_1_74' title="bbox 243 2310 1024 2346; baseline -0.003 -8"><span class='ocrx_word' id='word_1_539' title='bbox 243 2312 333 2339; x_wconf 88' lang='lat' dir='ltr'><strong>omnia</strong></span> <span class='ocrx_word' id='word_1_540' title='bbox 352 2312 484 2346; x_wconf 83' lang='lat' dir='ltr'><strong>profecto,</strong></span> <span class='ocrx_word' id='word_1_541' title='bbox 497 2319 556 2346; x_wconf 74' lang='lat' dir='ltr'><strong>quae</strong></span> <span class='ocrx_word' id='word_1_542' title='bbox 578 2311 611 2338; x_wconf 87' lang='lat' dir='ltr'><strong>ad</strong></span> <span class='ocrx_word' id='word_1_543' title='bbox 629 2311 779 2344; x_wconf 86' lang='lat' dir='ltr'><strong>passionem</strong></span> <span class='ocrx_word' id='word_1_544' title='bbox 808 2310 976 2344; x_wconf 86' lang='lat' dir='ltr'><strong>spectabant,</strong></span> <span class='ocrx_word' id='word_1_545' title='bbox 991 2311 1024 2336; x_wconf 85' lang='lat' dir='ltr'><strong>ad</strong></span> 
     </span>
    </p>
   </div>
   <div class='ocr_carea' id='block_1_75' title="bbox 245 2356 1024 2392">
    <p class='ocr_par' dir='ltr' id='par_1_75' title="bbox 245 2356 1024 2392">
     <span class='ocr_line' id='line_1_75' title="bbox 245 2356 1024 2392; baseline -0.004 -7"><span class='ocrx_word' id='word_1_546' title='bbox 245 2359 397 2392; x_wconf 80' lang='lat' dir='ltr'><strong>passionem</strong></span> <span class='ocrx_word' id='word_1_547' title='bbox 416 2364 580 2385; x_wconf 84' lang='lat' dir='ltr'><strong>concurrere</strong></span> <span class='ocrx_word' id='word_1_548' title='bbox 607 2357 760 2391; x_wconf 87' lang='lat' dir='ltr'><strong>oportebat,</strong></span> <span class='ocrx_word' id='word_1_549' title='bbox 779 2356 906 2382; x_wconf 90' lang='lat' dir='ltr'><strong>nimirum</strong></span> <span class='ocrx_word' id='word_1_550' title='bbox 931 2360 1024 2383; x_wconf 86' lang='lat' dir='ltr'><strong>osten-</strong></span> 
     </span>
    </p>
   </div>
   <div class='ocr_carea' id='block_1_76' title="bbox 245 2401 1025 2439">
    <p class='ocr_par' dir='ltr' id='par_1_76' title="bbox 245 2401 1025 2439">
     <span class='ocr_line' id='line_1_76' title="bbox 245 2401 1025 2439; baseline -0.004 -8"><span class='ocrx_word' id='word_1_551' title='bbox 245 2405 358 2437; x_wconf 85' lang='lat' dir='ltr'><strong>sionem,</strong></span> <span class='ocrx_word' id='word_1_552' title='bbox 374 2404 547 2439; x_wconf 84' lang='lat' dir='ltr'><strong>baptismum.</strong></span> <span class='ocrx_word' id='word_1_553' title='bbox 558 2403 670 2430; x_wconf 57' lang='lat' dir='ltr'><strong>caeleste</strong></span> <span class='ocrx_word' id='word_1_554' title='bbox 697 2401 889 2434; x_wconf 89' lang='lat' dir='ltr'><strong>testimonium,</strong></span> <span class='ocrx_word' id='word_1_555' title='bbox 901 2401 1025 2436; x_wconf 67' lang='lat' dir='ltr'><strong>praedica-</strong></span> 
     </span>
    </p>
   </div>
   <div class='ocr_carea' id='block_1_77' title="bbox 280 2457 773 2491">
    <p class='ocr_par' dir='ltr' id='par_1_77' title="bbox 280 2457 773 2491">
     <span class='ocr_line' id='line_1_77' title="bbox 280 2457 773 2491; baseline -0.008 -4"><span class='ocrx_word' id='word_1_556' title='bbox 280 2460 302 2476; x_wconf 66' lang='grc' dir='ltr'><strong>ι’</strong></span> <span class='ocrx_word' id='word_1_557' title='bbox 318 2459 385 2487; x_wconf 86' lang='lat' dir='ltr'><strong>Gen.</strong></span> <span class='ocrx_word' id='word_1_558' title='bbox 398 2459 510 2491; x_wconf 76' lang='lat' dir='ltr'><strong>xvu,l2.</strong></span> <span class='ocrx_word' id='word_1_559' title='bbox 549 2458 571 2474; x_wconf 83' lang='lat'><strong>&#39;°</strong></span> <span class='ocrx_word' id='word_1_560' title='bbox 587 2458 652 2486; x_wconf 88' lang='lat' dir='ltr'><strong>Luc.</strong></span> <span class='ocrx_word' id='word_1_561' title='bbox 670 2466 712 2489; x_wconf 93' lang='grc' dir='ltr'>ιιι,</span> <span class='ocrx_word' id='word_1_562' title='bbox 728 2457 773 2484; x_wconf 79' lang='grc'><strong>25.</strong></span> 
     </span>
    </p>
   </div>
   <div class='ocr_carea' id='block_1_78' title="bbox 280 2512 1025 2552">
    <p class='ocr_par' dir='ltr' id='par_1_78' title="bbox 280 2512 1025 2552">
     <span class='ocr_line' id='line_1_78' title="bbox 280 2512 1025 2552; baseline -0.004 -9"><span class='ocrx_word' id='word_1_563' title='bbox 280 2517 336 2552; x_wconf 75' lang='lat'><strong>(28)</strong></span> <span class='ocrx_word' id='word_1_564' title='bbox 352 2515 413 2552; x_wconf 73' lang='grc' dir='ltr'><em>Τῶν</em></span> <span class='ocrx_word' id='word_1_565' title='bbox 422 2515 602 2552; x_wconf 29' lang='grc' dir='ltr'><strong>ἕτιένηπίων.</strong></span> <span class='ocrx_word' id='word_1_566' title='bbox 615 2514 644 2542; x_wconf 85' lang='lat' dir='ltr'><strong>In</strong></span> <span class='ocrx_word' id='word_1_567' title='bbox 658 2515 703 2541; x_wconf 90' lang='lat' dir='ltr'><strong>0r.</strong></span> <span class='ocrx_word' id='word_1_568' title='bbox 715 2515 728 2541; x_wconf 79' lang='lat' dir='ltr'><strong>‘.l</strong></span> <span class='ocrx_word' id='word_1_569' title='bbox 742 2513 816 2540; x_wconf 86' lang='lat' dir='ltr'><strong>deest</strong></span> <span class='ocrx_word' id='word_1_570' title='bbox 831 2513 893 2539; x_wconf 79' lang='grc' dir='ltr'>τῶν.</span> <span class='ocrx_word' id='word_1_571' title='bbox 915 2512 943 2539; x_wconf 89' lang='lat' dir='ltr'><strong>lu</strong></span> <span class='ocrx_word' id='word_1_572' title='bbox 957 2521 1025 2540; x_wconf 90' lang='lat' dir='ltr'><strong>non-</strong></span> 
     </span>
    </p>
   </div>
   <div class='ocr_carea' id='block_1_79' title="bbox 246 2550 557 2586">
    <p class='ocr_par' dir='ltr' id='par_1_79' title="bbox 246 2550 557 2586">
     <span class='ocr_line' id='line_1_79' title="bbox 246 2550 557 2586; baseline -0.013 -6"><span class='ocrx_word' id='word_1_573' title='bbox 246 2550 337 2583; x_wconf 80' lang='lat' dir='ltr'><strong>nullis.</strong></span> <span class='ocrx_word' id='word_1_574' title='bbox 349 2551 453 2586; x_wconf 80' lang='grc' dir='ltr'>νηπίων</span> <span class='ocrx_word' id='word_1_575' title='bbox 465 2550 557 2577; x_wconf 76' lang='grc' dir='ltr'>ὅντων.</span> 
     </span>
    </p>
   </div>
   <div class='ocr_carea' id='block_1_80' title="bbox 281 2582 969 2620">
    <p class='ocr_par' dir='ltr' id='par_1_80' title="bbox 281 2582 969 2620">
     <span class='ocr_line' id='line_1_80' title="bbox 281 2582 969 2620; baseline -0.004 -7"><span class='ocrx_word' id='word_1_576' title='bbox 281 2582 549 2620; x_wconf 60' lang='grc' dir='ltr'>(ἓθγΒὰπτισομεν.</span> <span class='ocrx_word' id='word_1_577' title='bbox 562 2584 592 2620; x_wconf 81' lang='lat' dir='ltr'><strong>In</strong></span> <span class='ocrx_word' id='word_1_578' title='bbox 605 2583 773 2620; x_wconf 78' lang='lat' dir='ltr'><strong>quibusdam,</strong></span> <span class='ocrx_word' id='word_1_579' title='bbox 788 2582 969 2618; x_wconf 84' lang='grc' dir='ltr'>βαπτίσωμεν.</span> 
     </span>
    </p>
   </div>
   <div class='ocr_carea' id='block_1_81' title="bbox 281 2619 770 2655">
    <p class='ocr_par' dir='ltr' id='par_1_81' title="bbox 281 2619 770 2655">
     <span class='ocr_line' id='line_1_81' title="bbox 281 2619 770 2655; baseline -0.008 -7"><span class='ocrx_word' id='word_1_580' title='bbox 281 2621 336 2655; x_wconf 81' lang='lat'><strong>(’50)</strong></span> <span class='ocrx_word' id='word_1_581' title='bbox 352 2621 489 2654; x_wconf 77' lang='grc' dir='ltr'>Ἐπείγοι.</span> <span class='ocrx_word' id='word_1_582' title='bbox 503 2620 568 2654; x_wconf 72' lang='lat' dir='ltr'><strong>Reg.</strong></span> <span class='ocrx_word' id='word_1_583' title='bbox 586 2619 641 2655; x_wconf 86' lang='lat' dir='ltr'><strong>bm.</strong></span> <span class='ocrx_word' id='word_1_584' title='bbox 657 2619 770 2655; x_wconf 57' lang='lat' dir='ltr'><strong>énatyet.</strong></span> 
     </span>
    </p>
   </div>
   <div class='ocr_carea' id='block_1_82' title="bbox 265 2651 1020 2717">
    <p class='ocr_par' dir='ltr' id='par_1_82' title="bbox 265 2651 1020 2717">
     <span class='ocr_line' id='line_1_82' title="bbox 265 2651 1020 2717; baseline -0.007 -34"><span class='ocrx_word' id='word_1_585' title='bbox 265 2651 337 2717; x_wconf 67' lang='lat'><strong>0(31)</strong></span> <span class='ocrx_word' id='word_1_586' title='bbox 351 2651 585 2690; x_wconf 66' lang='grc' dir='ltr'><strong>Ἂπωὶρίνεσθὶιι.</strong></span> <span class='ocrx_word' id='word_1_587' title='bbox 608 2651 728 2687; x_wconf 83' lang='lat' dir='ltr'><strong>Quatuor</strong></span> <span class='ocrx_word' id='word_1_588' title='bbox 749 2653 844 2687; x_wconf 76' lang='lat' dir='ltr'><strong>Regg.,</strong></span> <span class='ocrx_word' id='word_1_589' title='bbox 873 2651 1020 2687; x_wconf 75' lang='grc' dir='ltr'>ἀποκρίνα-</span> 
     </span>
     <span class='ocr_line' id='line_1_83' title="bbox 283 2700 319 2717; baseline 0 0"><span class='ocrx_word' id='word_1_590' title='bbox 283 2700 319 2717; x_wconf 80' lang='grc' dir='ltr'>αι.</span> 
     </span>
    </p>
   </div>
   <div class='ocr_carea' id='block_1_83' title="bbox 247 2699 319 2718">
    <p class='ocr_par' dir='ltr' id='par_1_83' title="bbox 247 2699 319 2718">
     <span class='ocr_line' id='line_1_84' title="bbox 247 2699 319 2718; baseline -0.014 0"><span class='ocrx_word' id='word_1_591' title='bbox 247 2699 319 2718; x_wconf 82' lang='grc' dir='ltr'>συαι.</span> 
     </span>
    </p>
   </div>
   <div class='ocr_carea' id='block_1_84' title="bbox 284 2723 797 2760">
    <p class='ocr_par' dir='ltr' id='par_1_84' title="bbox 284 2723 797 2760">
     <span class='ocr_line' id='line_1_85' title="bbox 284 2723 797 2760; baseline -0.006 -9"><span class='ocrx_word' id='word_1_592' title='bbox 284 2727 339 2760; x_wconf 71' lang='grc'>(52)</span> <span class='ocrx_word' id='word_1_593' title='bbox 362 2725 502 2758; x_wconf 80' lang='grc' dir='ltr'><strong>Ὑπέχειν.</strong></span> <span class='ocrx_word' id='word_1_594' title='bbox 517 2723 598 2760; x_wconf 66' lang='lat' dir='ltr'><strong>Cois].</strong></span> <span class='ocrx_word' id='word_1_595' title='bbox 610 2723 625 2760; x_wconf 4' lang='grc' dir='ltr'>(Ι</span> <span class='ocrx_word' id='word_1_596' title='bbox 634 2723 797 2760; x_wconf 27' lang='grc' dir='ltr'>,Δπαρέχειιμ</span> 
     </span>
    </p>
   </div>
   <div class='ocr_carea' id='block_1_85' title="bbox 285 2755 1026 2795">
    <p class='ocr_par' dir='ltr' id='par_1_85' title="bbox 285 2755 1026 2795">
     <span class='ocr_line' id='line_1_86' title="bbox 285 2755 1026 2795; baseline -0.007 -8"><span class='ocrx_word' id='word_1_597' title='bbox 285 2755 542 2795; x_wconf 67' lang='grc' dir='ltr'><strong>(55)Ἀνεῦὶ7υνον.</strong></span> <span class='ocrx_word' id='word_1_598' title='bbox 573 2758 662 2785; x_wconf 89' lang='lat' dir='ltr'><strong>Schol.</strong></span> <span class='ocrx_word' id='word_1_599' title='bbox 690 2755 891 2793; x_wconf 70' lang='grc' dir='ltr'>’Ἀτιμώρητονυ</span> <span class='ocrx_word' id='word_1_600' title='bbox 914 2765 923 2782; x_wconf 81' lang='grc' dir='ltr'><strong>ι</strong></span> <span class='ocrx_word' id='word_1_601' title='bbox 950 2755 1026 2782; x_wconf 84' lang='lat' dir='ltr'><strong>Nullo</strong></span> 
     </span>
    </p>
   </div>
   <div class='ocr_carea' id='block_1_86' title="bbox 249 2794 639 2823">
    <p class='ocr_par' dir='ltr' id='par_1_86' title="bbox 249 2794 639 2823">
     <span class='ocr_line' id='line_1_87' title="bbox 249 2794 639 2823; baseline -0.013 0"><span class='ocrx_word' id='word_1_602' title='bbox 249 2800 324 2823; x_wconf 82' lang='lat' dir='ltr'><strong>reatu</strong></span> <span class='ocrx_word' id='word_1_603' title='bbox 343 2794 450 2822; x_wconf 83' lang='lat' dir='ltr'><strong>obnoxii</strong></span> <span class='ocrx_word' id='word_1_604' title='bbox 467 2798 616 2821; x_wconf 85' lang='lat' dir='ltr'><strong>teneantur.</strong></span> <span class='ocrx_word' id='word_1_605' title='bbox 630 2802 639 2818; x_wconf 78' lang='grc' dir='ltr'><strong>ι</strong></span> 
     </span>
    </p>
   </div>
   <div class='ocr_carea' id='block_1_87' title="bbox 285 2826 1028 2865">
    <p class='ocr_par' dir='ltr' id='par_1_87' title="bbox 285 2826 1028 2865">
     <span class='ocr_line' id='line_1_88' title="bbox 285 2826 1028 2865; baseline -0.007 -8"><span class='ocrx_word' id='word_1_606' title='bbox 285 2830 341 2865; x_wconf 71' lang='grc'>(34)</span> <span class='ocrx_word' id='word_1_607' title='bbox 356 2829 534 2865; x_wconf 70' lang='grc' dir='ltr'>Υετειχίσθαι</span> <span class='ocrx_word' id='word_1_608' title='bbox 549 2827 652 2865; x_wconf 47' lang='grc' dir='ltr'><strong>δᾷβίε</strong></span> <span class='ocrx_word' id='word_1_609' title='bbox 664 2831 778 2860; x_wconf 86' lang='lat' dir='ltr'><strong>quatuor</strong></span> <span class='ocrx_word' id='word_1_610' title='bbox 798 2827 892 2862; x_wconf 70' lang='lat' dir='ltr'><strong>Regg.,</strong></span> <span class='ocrx_word' id='word_1_611' title='bbox 907 2826 953 2855; x_wconf 93' lang='lat' dir='ltr'><strong>Or.</strong></span> <span class='ocrx_word' id='word_1_612' title='bbox 971 2827 982 2853; x_wconf 82' lang='lat' dir='ltr'><strong>t</strong></span> <span class='ocrx_word' id='word_1_613' title='bbox 1001 2830 1028 2853; x_wconf 88' lang='lat' dir='ltr'><strong>et</strong></span> 
     </span>
    </p>
   </div>
   <div class='ocr_carea' id='block_1_88' title="bbox 249 2862 692 2899">
    <p class='ocr_par' dir='ltr' id='par_1_88' title="bbox 249 2862 692 2899">
     <span class='ocr_line' id='line_1_89' title="bbox 249 2862 692 2899; baseline -0.011 -6"><span class='ocrx_word' id='word_1_614' title='bbox 249 2862 344 2894; x_wconf 16' lang='lat' dir='ltr'><strong>Coinbv.</strong></span> <span class='ocrx_word' id='word_1_615' title='bbox 356 2864 386 2893; x_wconf 84' lang='lat' dir='ltr'><strong>In</strong></span> <span class='ocrx_word' id='word_1_616' title='bbox 404 2865 459 2899; x_wconf 61' lang='grc' dir='ltr'><strong>σόη</strong></span> <span class='ocrx_word' id='word_1_617' title='bbox 477 2862 639 2898; x_wconf 83' lang='grc' dir='ltr'>τετειχίσθαι</span> <span class='ocrx_word' id='word_1_618' title='bbox 653 2871 692 2889; x_wconf 82' lang='grc' dir='ltr'><strong>τε.</strong></span> 
     </span>
    </p>
   </div>
   <div class='ocr_carea' id='block_1_89' title="bbox 1074 1447 1861 1481">
    <p class='ocr_par' dir='ltr' id='par_1_89' title="bbox 1074 1447 1861 1481">
     <span class='ocr_line' id='line_1_90' title="bbox 1074 1447 1861 1481; baseline -0.004 -6"><span class='ocrx_word' id='word_1_619' title='bbox 1074 1450 1159 1481; x_wconf 59' lang='lat' dir='ltr'><strong>(erat,</strong></span> <span class='ocrx_word' id='word_1_620' title='bbox 1177 1449 1224 1475; x_wconf 74' lang='grc' dir='ltr'><strong>καὶ</strong></span> <span class='ocrx_word' id='word_1_621' title='bbox 1239 1449 1325 1475; x_wconf 86' lang='grc' dir='ltr'>ταῦτα</span> <span class='ocrx_word' id='word_1_622' title='bbox 1340 1448 1405 1479; x_wconf 79' lang='grc' dir='ltr'>Θεὸς</span> <span class='ocrx_word' id='word_1_623' title='bbox 1420 1447 1468 1474; x_wconf 75' lang='grc' dir='ltr'><strong>ὢν·</strong></span> <span class='ocrx_word' id='word_1_624' title='bbox 1490 1448 1536 1474; x_wconf 72' lang='grc' dir='ltr'><strong>καὶ</strong></span> <span class='ocrx_word' id='word_1_625' title='bbox 1552 1448 1584 1474; x_wconf 74' lang='grc' dir='ltr'><strong>σὺ</strong></span> <span class='ocrx_word' id='word_1_626' title='bbox 1599 1447 1719 1478; x_wconf 76' lang='grc' dir='ltr'>κελεύεις</span> <span class='ocrx_word' id='word_1_627' title='bbox 1731 1447 1861 1473; x_wconf 75' lang='grc' dir='ltr'>ἐπισπεύ-</span> 
     </span>
    </p>
   </div>
   <div class='ocr_carea' id='block_1_90' title="bbox 1073 1491 1862 1529">
    <p class='ocr_par' dir='ltr' id='par_1_90' title="bbox 1073 1491 1862 1529">
     <span class='ocr_line' id='line_1_91' title="bbox 1073 1491 1862 1529; baseline -0.004 -8"><span class='ocrx_word' id='word_1_628' title='bbox 1073 1494 1126 1521; x_wconf 86' lang='grc' dir='ltr'>δειν</span> <span class='ocrx_word' id='word_1_629' title='bbox 1143 1495 1173 1520; x_wconf 79' lang='grc' dir='ltr'>τὸ</span> <span class='ocrx_word' id='word_1_630' title='bbox 1185 1494 1341 1529; x_wconf 76' lang='grc' dir='ltr'>βάπτισμας</span> <span class='ocrx_word' id='word_1_631' title='bbox 1358 1493 1424 1519; x_wconf 76' lang='grc' dir='ltr'>Θεὸν</span> <span class='ocrx_word' id='word_1_632' title='bbox 1441 1491 1536 1523; x_wconf 79' lang='grc' dir='ltr'>εἰπὼν,</span> <span class='ocrx_word' id='word_1_633' title='bbox 1553 1492 1667 1523; x_wconf 77' lang='grc' dir='ltr'>λέλυκας</span> <span class='ocrx_word' id='word_1_634' title='bbox 1682 1492 1711 1518; x_wconf 82' lang='grc' dir='ltr'><strong>τὸ</strong></span> <span class='ocrx_word' id='word_1_635' title='bbox 1728 1492 1862 1527; x_wconf 78' lang='grc' dir='ltr'>ζητούμε-</span> 
     </span>
    </p>
   </div>
   <div class='ocr_carea' id='block_1_91' title="bbox 1073 1535 1863 1574">
    <p class='ocr_par' dir='ltr' id='par_1_91' title="bbox 1073 1535 1863 1574">
     <span class='ocr_line' id='line_1_92' title="bbox 1073 1535 1863 1574; baseline -0.005 -8"><span class='ocrx_word' id='word_1_636' title='bbox 1073 1549 1126 1566; x_wconf 90' lang='grc' dir='ltr'>νον.</span> <span class='ocrx_word' id='word_1_637' title='bbox 1148 1541 1177 1566; x_wconf 82' lang='lat'><strong>&#39;0</strong></span> <span class='ocrx_word' id='word_1_638' title='bbox 1205 1539 1253 1574; x_wconf 82' lang='grc' dir='ltr'><strong>μὲν</strong></span> <span class='ocrx_word' id='word_1_639' title='bbox 1274 1538 1328 1574; x_wconf 74' lang='grc' dir='ltr'>γὰρ</span> <span class='ocrx_word' id='word_1_640' title='bbox 1354 1538 1553 1573; x_wconf 73' lang='grc' dir='ltr'>αὑτοκάθαρσις</span> <span class='ocrx_word' id='word_1_641' title='bbox 1575 1535 1619 1572; x_wconf 79' lang='grc' dir='ltr'>ἦν,</span> <span class='ocrx_word' id='word_1_642' title='bbox 1645 1537 1692 1563; x_wconf 75' lang='grc' dir='ltr'>καὶ</span> <span class='ocrx_word' id='word_1_643' title='bbox 1708 1538 1758 1563; x_wconf 80' lang='grc' dir='ltr'>οὐκ</span> <span class='ocrx_word' id='word_1_644' title='bbox 1778 1537 1863 1563; x_wconf 73' lang='grc' dir='ltr'>ἐδεῖτο</span> 
     </span>
    </p>
   </div>
   <div class='ocr_carea' id='block_1_92' title="bbox 1073 1582 1862 1619">
    <p class='ocr_par' dir='ltr' id='par_1_92' title="bbox 1073 1582 1862 1619">
     <span class='ocr_line' id='line_1_93' title="bbox 1073 1582 1862 1619; baseline -0.003 -9"><span class='ocrx_word' id='word_1_645' title='bbox 1073 1583 1243 1619; x_wconf 77' lang='grc' dir='ltr'>καθάρσεως·</span> <span class='ocrx_word' id='word_1_646' title='bbox 1263 1583 1330 1609; x_wconf 80' lang='grc' dir='ltr'>ἀλλὰ</span> <span class='ocrx_word' id='word_1_647' title='bbox 1342 1583 1383 1609; x_wconf 75' lang='grc' dir='ltr'><strong>σοὶ</strong></span> <span class='ocrx_word' id='word_1_648' title='bbox 1407 1582 1578 1618; x_wconf 79' lang='grc' dir='ltr'>καθαίρεται,</span> <span class='ocrx_word' id='word_1_649' title='bbox 1593 1582 1686 1616; x_wconf 82' lang='grc' dir='ltr'>ὥσπερ</span> <span class='ocrx_word' id='word_1_650' title='bbox 1699 1582 1747 1608; x_wconf 72' lang='grc' dir='ltr'><strong>καὶ</strong></span> <span class='ocrx_word' id='word_1_651' title='bbox 1772 1582 1862 1617; x_wconf 68' lang='grc' dir='ltr'>σάρκα.</span> 
     </span>
    </p>
   </div>
   <div class='ocr_carea' id='block_1_93' title="bbox 1074 1621 1862 1665">
    <p class='ocr_par' dir='ltr' id='par_1_93' title="bbox 1074 1621 1862 1665">
     <span class='ocr_line' id='line_1_94' title="bbox 1074 1621 1862 1665; baseline -0.003 -10"><span class='ocrx_word' id='word_1_652' title='bbox 1074 1630 1152 1665; x_wconf 75' lang='grc' dir='ltr'>φορεῖ</span> <span class='ocrx_word' id='word_1_653' title='bbox 1164 1630 1204 1655; x_wconf 70' lang='grc' dir='ltr'>σοὶ</span> <span class='ocrx_word' id='word_1_654' title='bbox 1223 1629 1290 1663; x_wconf 79' lang='grc'>(56),</span> <span class='ocrx_word' id='word_1_655' title='bbox 1304 1628 1423 1664; x_wconf 79' lang='grc' dir='ltr'>ἄσαρκος</span> <span class='ocrx_word' id='word_1_656' title='bbox 1433 1628 1481 1654; x_wconf 81' lang='grc' dir='ltr'><strong>ὢν.</strong></span> <span class='ocrx_word' id='word_1_657' title='bbox 1496 1628 1562 1654; x_wconf 76' lang='grc' dir='ltr'><strong>Οὐδὲ</strong></span> <span class='ocrx_word' id='word_1_658' title='bbox 1572 1621 1614 1660; x_wconf 69' lang='grc' dir='ltr'><strong>τις</strong></span> <span class='ocrx_word' id='word_1_659' title='bbox 1626 1628 1748 1659; x_wconf 77' lang='grc' dir='ltr'>κίνδυνος</span> <span class='ocrx_word' id='word_1_660' title='bbox 1762 1626 1796 1663; x_wconf 83' lang='grc' dir='ltr'>ἦν</span> <span class='ocrx_word' id='word_1_661' title='bbox 1813 1628 1862 1654; x_wconf 69' lang='grc' dir='ltr'><strong>αὒ-</strong></span> 
     </span>
    </p>
   </div>
   <div class='ocr_carea' id='block_1_94' title="bbox 1073 1673 1860 1710">
    <p class='ocr_par' dir='ltr' id='par_1_94' title="bbox 1073 1673 1860 1710">
     <span class='ocr_line' id='line_1_95' title="bbox 1073 1673 1860 1710; baseline -0.004 -9"><span class='ocrx_word' id='word_1_662' title='bbox 1073 1675 1111 1710; x_wconf 84' lang='grc' dir='ltr'>τῴ</span> <span class='ocrx_word' id='word_1_663' title='bbox 1125 1675 1155 1701; x_wconf 79' lang='grc' dir='ltr'><strong>τὸ</strong></span> <span class='ocrx_word' id='word_1_664' title='bbox 1181 1674 1320 1709; x_wconf 76' lang='grc' dir='ltr'>βάπτισμα</span> <span class='ocrx_word' id='word_1_665' title='bbox 1337 1674 1535 1708; x_wconf 81' lang='grc' dir='ltr'>παρατείνοντι·</span> <span class='ocrx_word' id='word_1_666' title='bbox 1559 1673 1641 1705; x_wconf 74' lang='grc' dir='ltr'>αὐτὸς</span> <span class='ocrx_word' id='word_1_667' title='bbox 1666 1673 1721 1708; x_wconf 77' lang='grc' dir='ltr'><strong>γὰρ</strong></span> <span class='ocrx_word' id='word_1_668' title='bbox 1737 1674 1785 1699; x_wconf 77' lang='grc' dir='ltr'>καὶ</span> <span class='ocrx_word' id='word_1_669' title='bbox 1814 1673 1860 1698; x_wconf 72' lang='grc' dir='ltr'>τοῦ</span> 
     </span>
    </p>
   </div>
   <div class='ocr_carea' id='block_1_95' title="bbox 1074 1718 1861 1756">
    <p class='ocr_par' dir='ltr' id='par_1_95' title="bbox 1074 1718 1861 1756">
     <span class='ocr_line' id='line_1_96' title="bbox 1074 1718 1861 1756; baseline -0.004 -10"><span class='ocrx_word' id='word_1_670' title='bbox 1074 1720 1169 1747; x_wconf 77' lang='grc' dir='ltr'>παθεῖν</span> <span class='ocrx_word' id='word_1_671' title='bbox 1181 1719 1214 1756; x_wconf 79' lang='grc' dir='ltr'><strong>ἦν</strong></span> <span class='ocrx_word' id='word_1_672' title='bbox 1231 1720 1318 1755; x_wconf 79' lang='grc' dir='ltr'>ἑαυτῷ</span> <span class='ocrx_word' id='word_1_673' title='bbox 1330 1720 1440 1754; x_wconf 77' lang='grc' dir='ltr'>ταμίας,</span> <span class='ocrx_word' id='word_1_674' title='bbox 1456 1719 1549 1754; x_wconf 79' lang='grc' dir='ltr'>ὥσπερ</span> <span class='ocrx_word' id='word_1_675' title='bbox 1564 1719 1610 1745; x_wconf 72' lang='grc' dir='ltr'><strong>καὶ</strong></span> <span class='ocrx_word' id='word_1_676' title='bbox 1633 1718 1688 1753; x_wconf 81' lang='grc'>(57)</span> <span class='ocrx_word' id='word_1_677' title='bbox 1703 1719 1752 1753; x_wconf 83' lang='grc' dir='ltr'>τῆς</span> <span class='ocrx_word' id='word_1_678' title='bbox 1768 1719 1861 1753; x_wconf 81' lang='grc' dir='ltr'>γεννή-</span> 
     </span>
    </p>
   </div>
   <div class='ocr_carea' id='block_1_96' title="bbox 1075 1764 1860 1801">
    <p class='ocr_par' dir='ltr' id='par_1_96' title="bbox 1075 1764 1860 1801">
     <span class='ocr_line' id='line_1_97' title="bbox 1075 1764 1860 1801; baseline -0.004 -8"><span class='ocrx_word' id='word_1_679' title='bbox 1075 1775 1152 1798; x_wconf 85' lang='grc' dir='ltr'>σεως.</span> <span class='ocrx_word' id='word_1_680' title='bbox 1163 1767 1207 1792; x_wconf 68' lang='grc' dir='ltr'><strong>Σο).</strong></span> <span class='ocrx_word' id='word_1_681' title='bbox 1223 1767 1261 1798; x_wconf 76' lang='grc' dir='ltr'><strong>δὲ,</strong></span> <span class='ocrx_word' id='word_1_682' title='bbox 1279 1766 1337 1792; x_wconf 69' lang='grc' dir='ltr'>οὑδὲ</span> <span class='ocrx_word' id='word_1_683' title='bbox 1351 1766 1415 1801; x_wconf 76' lang='grc' dir='ltr'>περὶ</span> <span class='ocrx_word' id='word_1_684' title='bbox 1435 1764 1540 1801; x_wconf 83' lang='grc' dir='ltr'>μικρῶν</span> <span class='ocrx_word' id='word_1_685' title='bbox 1551 1767 1565 1791; x_wconf 77' lang='grc' dir='ltr'>ὁ</span> <span class='ocrx_word' id='word_1_686' title='bbox 1581 1765 1710 1796; x_wconf 83' lang='grc' dir='ltr'>κίνδυνος,</span> <span class='ocrx_word' id='word_1_687' title='bbox 1728 1765 1752 1790; x_wconf 89' lang='grc' dir='ltr'><strong>εί</strong></span> <span class='ocrx_word' id='word_1_688' title='bbox 1772 1765 1860 1791; x_wconf 80' lang='grc' dir='ltr'>ἀπέλ-</span> 
     </span>
    </p>
   </div>
   <div class='ocr_carea' id='block_1_97' title="bbox 1075 1810 1862 1847">
    <p class='ocr_par' dir='ltr' id='par_1_97' title="bbox 1075 1810 1862 1847">
     <span class='ocr_line' id='line_1_98' title="bbox 1075 1810 1862 1847; baseline -0.003 -9"><span class='ocrx_word' id='word_1_689' title='bbox 1075 1812 1130 1844; x_wconf 87' lang='grc' dir='ltr'>θοις</span> <span class='ocrx_word' id='word_1_690' title='bbox 1145 1813 1176 1847; x_wconf 80' lang='grc' dir='ltr'>τῇ</span> <span class='ocrx_word' id='word_1_691' title='bbox 1191 1813 1276 1847; x_wconf 77' lang='grc' dir='ltr'>φθορᾷ</span> <span class='ocrx_word' id='word_1_692' title='bbox 1289 1812 1427 1847; x_wconf 68' lang='grc' dir='ltr'>γεννηθεὶς</span> <span class='ocrx_word' id='word_1_693' title='bbox 1441 1812 1517 1846; x_wconf 76' lang='grc' dir='ltr'>μόνῃ,</span> <span class='ocrx_word' id='word_1_694' title='bbox 1532 1811 1578 1837; x_wconf 82' lang='grc' dir='ltr'>καὶ</span> <span class='ocrx_word' id='word_1_695' title='bbox 1595 1811 1631 1845; x_wconf 88' lang='grc' dir='ltr'>μὴ</span> <span class='ocrx_word' id='word_1_696' title='bbox 1645 1810 1692 1846; x_wconf 79' lang='grc' dir='ltr'><strong>τὴν</strong></span> <span class='ocrx_word' id='word_1_697' title='bbox 1708 1810 1862 1845; x_wconf 71' lang='grc' dir='ltr'>ἀφθαρσίαν</span> 
     </span>
    </p>
   </div>
   <div class='ocr_carea' id='block_1_98' title="bbox 1074 1855 1861 1893">
    <p class='ocr_par' dir='ltr' id='par_1_98' title="bbox 1074 1855 1861 1893">
     <span class='ocr_line' id='line_1_99' title="bbox 1074 1855 1861 1893; baseline -0.004 -8"><span class='ocrx_word' id='word_1_698' title='bbox 1074 1859 1277 1893; x_wconf 81' lang='grc' dir='ltr'>ἀμφιεσάμενος</span> <span class='ocrx_word' id='word_1_699' title='bbox 1295 1858 1362 1893; x_wconf 59' lang='lat'><strong>(7‘8).</strong></span> <span class='ocrx_word' id='word_1_700' title='bbox 1388 1856 1485 1883; x_wconf 82' lang='grc' dir='ltr'>Σκοπῶ</span> <span class='ocrx_word' id='word_1_701' title='bbox 1508 1856 1536 1882; x_wconf 80' lang='grc' dir='ltr'>δὲ</span> <span class='ocrx_word' id='word_1_702' title='bbox 1556 1857 1675 1887; x_wconf 80' lang='grc' dir='ltr'>κάκεῖνο,</span> <span class='ocrx_word' id='word_1_703' title='bbox 1688 1857 1729 1882; x_wconf 79' lang='grc' dir='ltr'>ὅτι</span> <span class='ocrx_word' id='word_1_704' title='bbox 1742 1855 1781 1891; x_wconf 78' lang='grc' dir='ltr'>τῷ</span> <span class='ocrx_word' id='word_1_705' title='bbox 1811 1856 1861 1890; x_wconf 85' lang='grc' dir='ltr'><strong>μὲν</strong></span> 
     </span>
    </p>
   </div>
   <div class='ocr_carea' id='block_1_99' title="bbox 1074 1900 1861 1938">
    <p class='ocr_par' dir='ltr' id='par_1_99' title="bbox 1074 1900 1861 1938">
     <span class='ocr_line' id='line_1_100' title="bbox 1074 1900 1861 1938; baseline -0.003 -8"><span class='ocrx_word' id='word_1_706' title='bbox 1074 1904 1221 1937; x_wconf 81' lang='grc' dir='ltr'>ἀναγκαῖος</span> <span class='ocrx_word' id='word_1_707' title='bbox 1235 1902 1268 1938; x_wconf 81' lang='grc' dir='ltr'><strong>ἦν</strong></span> <span class='ocrx_word' id='word_1_708' title='bbox 1281 1900 1357 1934; x_wconf 82' lang='grc' dir='ltr'>οὗτος</span> <span class='ocrx_word' id='word_1_709' title='bbox 1371 1903 1385 1929; x_wconf 85' lang='grc' dir='ltr'>ὁ</span> <span class='ocrx_word' id='word_1_710' title='bbox 1399 1902 1492 1937; x_wconf 74' lang='grc' dir='ltr'>καιρὸς</span> <span class='ocrx_word' id='word_1_711' title='bbox 1506 1901 1552 1928; x_wconf 76' lang='grc' dir='ltr'>τοῦ</span> <span class='ocrx_word' id='word_1_712' title='bbox 1566 1901 1759 1936; x_wconf 79' lang='grc' dir='ltr'>βαπτίσματος·</span> <span class='ocrx_word' id='word_1_713' title='bbox 1778 1902 1819 1928; x_wconf 71' lang='grc' dir='ltr'>σοὶ</span> <span class='ocrx_word' id='word_1_714' title='bbox 1831 1901 1861 1928; x_wconf 76' lang='grc' dir='ltr'>δὲ</span> 
     </span>
    </p>
   </div>
   <div class='ocr_carea' id='block_1_100' title="bbox 1075 1947 1861 1984">
    <p class='ocr_par' dir='ltr' id='par_1_100' title="bbox 1075 1947 1861 1984">
     <span class='ocr_line' id='line_1_101' title="bbox 1075 1947 1861 1984; baseline -0.003 -9"><span class='ocrx_word' id='word_1_715' title='bbox 1075 1949 1123 1984; x_wconf 80' lang='grc' dir='ltr'><strong>οὐχ</strong></span> <span class='ocrx_word' id='word_1_716' title='bbox 1138 1950 1152 1975; x_wconf 87' lang='grc' dir='ltr'>ὀ</span> <span class='ocrx_word' id='word_1_717' title='bbox 1166 1949 1246 1980; x_wconf 76' lang='grc' dir='ltr'>αὐτὸς</span> <span class='ocrx_word' id='word_1_718' title='bbox 1263 1949 1350 1982; x_wconf 83' lang='grc' dir='ltr'>λόγος,</span> <span class='ocrx_word' id='word_1_719' title='bbox 1379 1948 1528 1983; x_wconf 80' lang='grc' dir='ltr'>’Δνεὸείχθη</span> <span class='ocrx_word' id='word_1_720' title='bbox 1556 1947 1605 1982; x_wconf 77' lang='grc' dir='ltr'><strong>μὲν</strong></span> <span class='ocrx_word' id='word_1_721' title='bbox 1629 1947 1683 1983; x_wconf 78' lang='grc' dir='ltr'><strong>γὰρ</strong></span> <span class='ocrx_word' id='word_1_722' title='bbox 1701 1947 1861 1983; x_wconf 55' lang='grc' dir='ltr'>τριακοστὴν</span> 
     </span>
    </p>
   </div>
   <div class='ocr_carea' id='block_1_101' title="bbox 1075 1992 1861 2029">
    <p class='ocr_par' dir='ltr' id='par_1_101' title="bbox 1075 1992 1861 2029">
     <span class='ocr_line' id='line_1_102' title="bbox 1075 1992 1861 2029; baseline -0.001 -9"><span class='ocrx_word' id='word_1_723' title='bbox 1075 1994 1195 2028; x_wconf 83' lang='grc' dir='ltr'>γεγονὼς</span> <span class='ocrx_word' id='word_1_724' title='bbox 1211 1994 1281 2025; x_wconf 75' lang='grc' dir='ltr'>ἔτος,</span> <span class='ocrx_word' id='word_1_725' title='bbox 1299 1994 1329 2019; x_wconf 88' lang='grc' dir='ltr'>οὐ</span> <span class='ocrx_word' id='word_1_726' title='bbox 1348 1994 1490 2029; x_wconf 79' lang='grc' dir='ltr'>πρότερον,</span> <span class='ocrx_word' id='word_1_727' title='bbox 1513 1993 1560 2020; x_wconf 75' lang='grc' dir='ltr'>τοῦ</span> <span class='ocrx_word' id='word_1_728' title='bbox 1588 2002 1617 2020; x_wconf 82' lang='grc' dir='ltr'><strong>τε</strong></span> <span class='ocrx_word' id='word_1_729' title='bbox 1638 1992 1692 2028; x_wconf 77' lang='grc'>(59)</span> <span class='ocrx_word' id='word_1_730' title='bbox 1720 1992 1758 2028; x_wconf 83' lang='grc' dir='ltr'><strong>μὴ</strong></span> <span class='ocrx_word' id='word_1_731' title='bbox 1775 1993 1861 2019; x_wconf 84' lang='grc' dir='ltr'>δοκεῖν</span> 
     </span>
    </p>
   </div>
   <div class='ocr_carea' id='block_1_102' title="bbox 1076 2037 1861 2074">
    <p class='ocr_par' dir='ltr' id='par_1_102' title="bbox 1076 2037 1861 2074">
     <span class='ocr_line' id='line_1_103' title="bbox 1076 2037 1861 2074; baseline 0 -9"><span class='ocrx_word' id='word_1_732' title='bbox 1076 2039 1258 2070; x_wconf 74' lang='grc' dir='ltr'>ὲπιδεικτικὺς</span> <span class='ocrx_word' id='word_1_733' title='bbox 1283 2037 1351 2066; x_wconf 75' lang='grc' dir='ltr'>εἶναί</span> <span class='ocrx_word' id='word_1_734' title='bbox 1379 2048 1421 2071; x_wconf 82' lang='grc' dir='ltr'><strong>τις</strong></span> <span class='ocrx_word' id='word_1_735' title='bbox 1450 2039 1514 2074; x_wconf 79' lang='grc' dir='ltr'>(τῶν</span> <span class='ocrx_word' id='word_1_736' title='bbox 1535 2040 1588 2074; x_wconf 75' lang='grc' dir='ltr'><strong>γὰρ</strong></span> <span class='ocrx_word' id='word_1_737' title='bbox 1617 2039 1806 2074; x_wconf 75' lang='grc' dir='ltr'>ἀπειροκάλων</span> <span class='ocrx_word' id='word_1_738' title='bbox 1829 2039 1861 2065; x_wconf 77' lang='grc' dir='ltr'>τὸ</span> 
     </span>
    </p>
   </div>
   <div class='ocr_carea' id='block_1_103' title="bbox 1077 2084 1861 2121">
    <p class='ocr_par' dir='ltr' id='par_1_103' title="bbox 1077 2084 1861 2121">
     <span class='ocr_line' id='line_1_104' title="bbox 1077 2084 1861 2121; baseline -0.001 -10"><span class='ocrx_word' id='word_1_739' title='bbox 1077 2085 1184 2121; x_wconf 82' lang='grc' dir='ltr'>πάθος),</span> <span class='ocrx_word' id='word_1_740' title='bbox 1201 2086 1246 2112; x_wconf 79' lang='grc' dir='ltr'><strong>καὶ</strong></span> <span class='ocrx_word' id='word_1_741' title='bbox 1262 2085 1300 2116; x_wconf 80' lang='grc' dir='ltr'>ὡς</span> <span class='ocrx_word' id='word_1_742' title='bbox 1315 2085 1418 2112; x_wconf 86' lang='grc' dir='ltr'>τελείαν</span> <span class='ocrx_word' id='word_1_743' title='bbox 1433 2085 1548 2120; x_wconf 77' lang='grc' dir='ltr'>βάσανον</span> <span class='ocrx_word' id='word_1_744' title='bbox 1561 2085 1673 2120; x_wconf 83' lang='grc' dir='ltr'>ἀρετῆς,</span> <span class='ocrx_word' id='word_1_745' title='bbox 1688 2085 1736 2111; x_wconf 79' lang='grc' dir='ltr'>καὶ</span> <span class='ocrx_word' id='word_1_746' title='bbox 1759 2084 1805 2111; x_wconf 69' lang='grc' dir='ltr'>τοῦ</span> <span class='ocrx_word' id='word_1_747' title='bbox 1823 2084 1861 2110; x_wconf 90' lang='grc' dir='ltr'>δι-</span> 
     </span>
    </p>
   </div>
   <div class='ocr_carea' id='block_1_104' title="bbox 1077 2131 1860 2167">
    <p class='ocr_par' dir='ltr' id='par_1_104' title="bbox 1077 2131 1860 2167">
     <span class='ocr_line' id='line_1_105' title="bbox 1077 2131 1860 2167; baseline -0.001 -10"><span class='ocrx_word' id='word_1_748' title='bbox 1077 2131 1185 2157; x_wconf 86' lang='grc' dir='ltr'>δάσκειν</span> <span class='ocrx_word' id='word_1_749' title='bbox 1209 2131 1304 2166; x_wconf 84' lang='grc' dir='ltr'>καιρὸν</span> <span class='ocrx_word' id='word_1_750' title='bbox 1327 2131 1427 2167; x_wconf 81' lang='grc' dir='ltr'>ταύτης</span> <span class='ocrx_word' id='word_1_751' title='bbox 1448 2131 1562 2166; x_wconf 75' lang='grc' dir='ltr'>ἐχούσης</span> <span class='ocrx_word' id='word_1_752' title='bbox 1577 2131 1628 2166; x_wconf 81' lang='grc' dir='ltr'><strong>τῆς</strong></span> <span class='ocrx_word' id='word_1_753' title='bbox 1650 2131 1767 2165; x_wconf 79' lang='grc' dir='ltr'>ἡλικίας.</span> <span class='ocrx_word' id='word_1_754' title='bbox 1786 2131 1860 2157; x_wconf 80' lang='grc' dir='ltr'>Ἐπεὶ</span> 
     </span>
    </p>
   </div>
   <div class='ocr_carea' id='block_1_105' title="bbox 1077 2176 1859 2212">
    <p class='ocr_par' dir='ltr' id='par_1_105' title="bbox 1077 2176 1859 2212">
     <span class='ocr_line' id='line_1_106' title="bbox 1077 2176 1859 2212; baseline 0 -10"><span class='ocrx_word' id='word_1_755' title='bbox 1077 2176 1104 2202; x_wconf 79' lang='grc' dir='ltr'><strong>δὲ</strong></span> <span class='ocrx_word' id='word_1_756' title='bbox 1119 2177 1174 2212; x_wconf 63' lang='lat' dir='ltr'><strong>(AO)</strong></span> <span class='ocrx_word' id='word_1_757' title='bbox 1197 2177 1292 2203; x_wconf 81' lang='grc' dir='ltr'>παθεῖν</span> <span class='ocrx_word' id='word_1_758' title='bbox 1310 2177 1362 2203; x_wconf 74' lang='grc' dir='ltr'>ἔδει</span> <span class='ocrx_word' id='word_1_759' title='bbox 1379 2177 1409 2203; x_wconf 85' lang='grc' dir='ltr'>τὺ</span> <span class='ocrx_word' id='word_1_760' title='bbox 1425 2177 1471 2203; x_wconf 79' lang='grc' dir='ltr'>τοῦ</span> <span class='ocrx_word' id='word_1_761' title='bbox 1497 2177 1597 2212; x_wconf 82' lang='grc' dir='ltr'>κόσμου</span> <span class='ocrx_word' id='word_1_762' title='bbox 1616 2177 1747 2212; x_wconf 82' lang='grc' dir='ltr'>σωτήριον</span> <span class='ocrx_word' id='word_1_763' title='bbox 1766 2176 1859 2206; x_wconf 78' lang='grc' dir='ltr'>πάθος.</span> 
     </span>
    </p>
   </div>
   <div class='ocr_carea' id='block_1_106' title="bbox 1074 2221 1858 2258">
    <p class='ocr_par' dir='ltr' id='par_1_106' title="bbox 1074 2221 1858 2258">
     <span class='ocr_line' id='line_1_107' title="bbox 1074 2221 1858 2258; baseline 0 -11"><span class='ocrx_word' id='word_1_764' title='bbox 1074 2221 1162 2248; x_wconf 80' lang='grc' dir='ltr'>πάντα</span> <span class='ocrx_word' id='word_1_765' title='bbox 1176 2222 1336 2257; x_wconf 60' lang='grc' dir='ltr'>σπινόραμεῖν</span> <span class='ocrx_word' id='word_1_766' title='bbox 1351 2223 1404 2249; x_wconf 75' lang='grc' dir='ltr'>ἔδει</span> <span class='ocrx_word' id='word_1_767' title='bbox 1415 2223 1482 2258; x_wconf 81' lang='grc' dir='ltr'>πρὸς</span> <span class='ocrx_word' id='word_1_768' title='bbox 1497 2223 1527 2249; x_wconf 79' lang='grc' dir='ltr'>τὸ</span> <span class='ocrx_word' id='word_1_769' title='bbox 1539 2221 1623 2253; x_wconf 79' lang='grc' dir='ltr'>πάθος</span> <span class='ocrx_word' id='word_1_770' title='bbox 1633 2222 1683 2248; x_wconf 80' lang='grc' dir='ltr'>ὅσα</span> <span class='ocrx_word' id='word_1_771' title='bbox 1692 2221 1738 2248; x_wconf 79' lang='grc' dir='ltr'>τοῦ</span> <span class='ocrx_word' id='word_1_772' title='bbox 1747 2221 1858 2252; x_wconf 82' lang='grc' dir='ltr'>πάθους,</span> 
     </span>
    </p>
   </div>
   <div class='ocr_carea' id='block_1_107' title="bbox 1074 2266 1858 2302">
    <p class='ocr_par' dir='ltr' id='par_1_107' title="bbox 1074 2266 1858 2302">
     <span class='ocr_line' id='line_1_108' title="bbox 1074 2266 1858 2302; baseline 0 -10"><span class='ocrx_word' id='word_1_773' title='bbox 1074 2267 1123 2302; x_wconf 86' lang='grc' dir='ltr'><strong>τὴν</strong></span> <span class='ocrx_word' id='word_1_774' title='bbox 1139 2266 1285 2299; x_wconf 81' lang='grc' dir='ltr'>ἀνάδειξιν,</span> <span class='ocrx_word' id='word_1_775' title='bbox 1303 2267 1333 2293; x_wconf 84' lang='grc' dir='ltr'><strong>τὸ</strong></span> <span class='ocrx_word' id='word_1_776' title='bbox 1348 2268 1499 2302; x_wconf 75' lang='grc' dir='ltr'>βάπτισμα,</span> <span class='ocrx_word' id='word_1_777' title='bbox 1514 2267 1561 2301; x_wconf 86' lang='grc' dir='ltr'><strong>τὴν</strong></span> <span class='ocrx_word' id='word_1_778' title='bbox 1579 2266 1681 2293; x_wconf 83' lang='grc' dir='ltr'>ἄνωθεν</span> <span class='ocrx_word' id='word_1_779' title='bbox 1696 2266 1858 2301; x_wconf 76' lang='grc' dir='ltr'>μαρτυρίαν,</span> 
     </span>
    </p>
   </div>
   <div class='ocr_carea' id='block_1_108' title="bbox 1073 2311 1858 2348">
    <p class='ocr_par' dir='ltr' id='par_1_108' title="bbox 1073 2311 1858 2348">
     <span class='ocr_line' id='line_1_109' title="bbox 1073 2311 1858 2348; baseline 0 -10"><span class='ocrx_word' id='word_1_780' title='bbox 1073 2312 1104 2338; x_wconf 86' lang='grc' dir='ltr'>τὸ</span> <span class='ocrx_word' id='word_1_781' title='bbox 1117 2313 1258 2347; x_wconf 82' lang='grc' dir='ltr'>κήρυγμα.</span> <span class='ocrx_word' id='word_1_782' title='bbox 1271 2313 1320 2348; x_wconf 85' lang='grc' dir='ltr'>τὴν</span> <span class='ocrx_word' id='word_1_783' title='bbox 1338 2313 1489 2348; x_wconf 80' lang='grc' dir='ltr'>συνδρομὴν</span> <span class='ocrx_word' id='word_1_784' title='bbox 1506 2313 1551 2339; x_wconf 79' lang='grc' dir='ltr'>τοῦ</span> <span class='ocrx_word' id='word_1_785' title='bbox 1566 2312 1695 2347; x_wconf 83' lang='grc' dir='ltr'>πλήθους,</span> <span class='ocrx_word' id='word_1_786' title='bbox 1706 2312 1740 2338; x_wconf 84' lang='grc' dir='ltr'><strong>τά</strong></span> <span class='ocrx_word' id='word_1_787' title='bbox 1754 2311 1858 2346; x_wconf 74' lang='grc' dir='ltr'>θαύμα-</span> 
     </span>
    </p>
   </div>
   <div class='ocr_carea' id='block_1_109' title="bbox 1073 2356 1856 2394">
    <p class='ocr_par' dir='ltr' id='par_1_109' title="bbox 1073 2356 1856 2394">
     <span class='ocr_line' id='line_1_110' title="bbox 1073 2356 1856 2394; baseline -0.001 -10"><span class='ocrx_word' id='word_1_788' title='bbox 1073 2366 1116 2389; x_wconf 81' lang='grc' dir='ltr'><strong>τα,</strong></span> <span class='ocrx_word' id='word_1_789' title='bbox 1133 2356 1180 2384; x_wconf 76' lang='grc' dir='ltr'><strong>καῖ</strong></span> <span class='ocrx_word' id='word_1_790' title='bbox 1193 2358 1287 2393; x_wconf 85' lang='grc' dir='ltr'>ὥσπερ</span> <span class='ocrx_word' id='word_1_791' title='bbox 1303 2359 1331 2384; x_wconf 86' lang='grc' dir='ltr'><strong>ἓν</strong></span> <span class='ocrx_word' id='word_1_792' title='bbox 1346 2359 1425 2394; x_wconf 81' lang='grc' dir='ltr'>σῶμα</span> <span class='ocrx_word' id='word_1_793' title='bbox 1441 2358 1577 2394; x_wconf 80' lang='grc' dir='ltr'>γενέσθαι,</span> <span class='ocrx_word' id='word_1_794' title='bbox 1594 2357 1631 2393; x_wconf 84' lang='grc' dir='ltr'>μὴ</span> <span class='ocrx_word' id='word_1_795' title='bbox 1652 2357 1856 2392; x_wconf 82' lang='grc' dir='ltr'>διεσπασμένον,</span> 
     </span>
    </p>
   </div>
   <div class='ocr_carea' id='block_1_110' title="bbox 1076 2402 1858 2440">
    <p class='ocr_par' dir='ltr' id='par_1_110' title="bbox 1076 2402 1858 2440">
     <span class='ocr_line' id='line_1_111' title="bbox 1076 2402 1858 2440; baseline -0.003 -10"><span class='ocrx_word' id='word_1_796' title='bbox 1076 2403 1144 2438; x_wconf 84' lang='grc' dir='ltr'>μηδὲ</span> <span class='ocrx_word' id='word_1_797' title='bbox 1159 2404 1368 2440; x_wconf 75' lang='grc' dir='ltr'>ἀπερρηγμένον</span> <span class='ocrx_word' id='word_1_798' title='bbox 1389 2405 1444 2436; x_wconf 83' lang='grc' dir='ltr'>τοῖς</span> <span class='ocrx_word' id='word_1_799' title='bbox 1457 2405 1648 2439; x_wconf 77' lang='grc' dir='ltr'>διαστήμασιν.</span> <span class='ocrx_word' id='word_1_800' title='bbox 1670 2404 1717 2429; x_wconf 85' lang='grc' dir='ltr'>Ἐκ</span> <span class='ocrx_word' id='word_1_801' title='bbox 1734 2403 1783 2438; x_wconf 85' lang='grc' dir='ltr'><strong>μὲν</strong></span> <span class='ocrx_word' id='word_1_802' title='bbox 1805 2402 1858 2437; x_wconf 79' lang='grc' dir='ltr'><strong>γὰρ</strong></span> 
     </span>
    </p>
   </div>
   <div class='ocr_carea' id='block_1_111' title="bbox 1114 2514 1858 2551">
    <p class='ocr_par' dir='ltr' id='par_1_111' title="bbox 1114 2514 1858 2551">
     <span class='ocr_line' id='line_1_112' title="bbox 1114 2514 1858 2551; baseline -0.001 -10"><span class='ocrx_word' id='word_1_803' title='bbox 1114 2514 1168 2550; x_wconf 82' lang='grc'>(55)</span> <span class='ocrx_word' id='word_1_804' title='bbox 1184 2516 1469 2549; x_wconf 70' lang='grc' dir='ltr'>ΣιιμπιπτούσαςΛη</span> <span class='ocrx_word' id='word_1_805' title='bbox 1497 2516 1644 2548; x_wconf 86' lang='lat' dir='ltr'><strong>nonnullis,</strong></span> <span class='ocrx_word' id='word_1_806' title='bbox 1673 2514 1858 2551; x_wconf 82' lang='grc' dir='ltr'>προσπιπτού-</span> 
     </span>
    </p>
   </div>
   <div class='ocr_carea' id='block_1_112' title="bbox 1079 2557 1858 2653">
    <p class='ocr_par' dir='ltr' id='par_1_112' title="bbox 1079 2557 1858 2653">
     <span class='ocr_line' id='line_1_113' title="bbox 1079 2557 1858 2620; baseline -0.001 -10"><span class='ocrx_word' id='word_1_807' title='bbox 1079 2557 1169 2619; x_wconf 49' lang='lat' dir='ltr'><strong>“(gf-&gt;6)</strong></span> <span class='ocrx_word' id='word_1_808' title='bbox 1191 2585 1253 2611; x_wconf 81' lang='grc' dir='ltr'>Σοί.</span> <span class='ocrx_word' id='word_1_809' title='bbox 1277 2593 1286 2610; x_wconf 75' lang='grc' dir='ltr'><strong>ι</strong></span> <span class='ocrx_word' id='word_1_810' title='bbox 1314 2585 1341 2612; x_wconf 89' lang='lat' dir='ltr'><strong>In</strong></span> <span class='ocrx_word' id='word_1_811' title='bbox 1368 2586 1404 2612; x_wconf 92' lang='lat' dir='ltr'><strong>tui</strong></span> <span class='ocrx_word' id='word_1_812' title='bbox 1434 2587 1557 2620; x_wconf 76' lang='lat' dir='ltr'><strong>gratiam.</strong></span> <span class='ocrx_word' id='word_1_813' title='bbox 1581 2595 1590 2611; x_wconf 77' lang='grc' dir='ltr'><strong>ι</strong></span> <span class='ocrx_word' id='word_1_814' title='bbox 1617 2588 1696 2613; x_wconf 87' lang='lat' dir='ltr'><strong>Deest</strong></span> <span class='ocrx_word' id='word_1_815' title='bbox 1721 2585 1749 2612; x_wconf 92' lang='lat' dir='ltr'><strong>in</strong></span> <span class='ocrx_word' id='word_1_816' title='bbox 1775 2585 1858 2610; x_wconf 88' lang='lat' dir='ltr'><strong>tribus</strong></span> 
     </span>
     <span class='ocr_line' id='line_1_114' title="bbox 1079 2618 1242 2653; baseline 0.006 -9"><span class='ocrx_word' id='word_1_817' title='bbox 1079 2618 1171 2653; x_wconf 65' lang='grc' dir='ltr'><strong>[ἶρᾳᾳη</strong></span> <span class='ocrx_word' id='word_1_818' title='bbox 1190 2625 1242 2646; x_wconf 80' lang='lat' dir='ltr'><strong>etc.</strong></span> 
     </span>
    </p>
   </div>
   <div class='ocr_carea' id='block_1_113' title="bbox 1112 2654 1855 2690">
    <p class='ocr_par' dir='ltr' id='par_1_113' title="bbox 1112 2654 1855 2690">
     <span class='ocr_line' id='line_1_115' title="bbox 1112 2654 1855 2690; baseline 0.001 -11"><span class='ocrx_word' id='word_1_819' title='bbox 1112 2654 1167 2688; x_wconf 81' lang='grc'>(57)</span> <span class='ocrx_word' id='word_1_820' title='bbox 1183 2654 1296 2688; x_wconf 80' lang='grc' dir='ltr'>’Ὠσπερ</span> <span class='ocrx_word' id='word_1_821' title='bbox 1309 2655 1369 2681; x_wconf 80' lang='grc' dir='ltr'>καί.</span> <span class='ocrx_word' id='word_1_822' title='bbox 1383 2655 1428 2682; x_wconf 84' lang='lat' dir='ltr'><strong>Sic</strong></span> <span class='ocrx_word' id='word_1_823' title='bbox 1443 2656 1562 2690; x_wconf 87' lang='lat' dir='ltr'><strong>plerique</strong></span> <span class='ocrx_word' id='word_1_824' title='bbox 1578 2655 1656 2683; x_wconf 89' lang='lat' dir='ltr'><strong>codd.</strong></span> <span class='ocrx_word' id='word_1_825' title='bbox 1674 2655 1756 2682; x_wconf 87' lang='lat' dir='ltr'><strong>Deest</strong></span> <span class='ocrx_word' id='word_1_826' title='bbox 1767 2655 1813 2681; x_wconf 87' lang='grc' dir='ltr'><strong>καί</strong></span> <span class='ocrx_word' id='word_1_827' title='bbox 1829 2654 1855 2681; x_wconf 93' lang='lat' dir='ltr'><strong>in</strong></span> 
     </span>
    </p>
   </div>
   <div class='ocr_carea' id='block_1_114' title="bbox 1076 2689 1752 2763">
    <p class='ocr_par' dir='ltr' id='par_1_114' title="bbox 1076 2689 1752 2763">
     <span class='ocr_line' id='line_1_116' title="bbox 1076 2689 1752 2763; baseline 0.001 -14"><span class='ocrx_word' id='word_1_828' title='bbox 1076 2689 1164 2763; x_wconf 57' lang='grc' dir='ltr'>Εάξξξ)</span> <span class='ocrx_word' id='word_1_829' title='bbox 1177 2724 1423 2763; x_wconf 42' lang='grc' dir='ltr'>’ρέίφιεσᾴμενοςλ</span> <span class='ocrx_word' id='word_1_830' title='bbox 1433 2725 1479 2752; x_wconf 90' lang='lat' dir='ltr'><strong>Or.</strong></span> <span class='ocrx_word' id='word_1_831' title='bbox 1498 2725 1524 2757; x_wconf 81' lang='lat' dir='ltr'><strong>I,</strong></span> <span class='ocrx_word' id='word_1_832' title='bbox 1536 2725 1752 2760; x_wconf 78' lang='grc' dir='ltr'>ἀμφιασάμενος.</span> 
     </span>
    </p>
   </div>
   <div class='ocr_carea' id='block_1_115' title="bbox 1109 2757 1482 2794">
    <p class='ocr_par' dir='ltr' id='par_1_115' title="bbox 1109 2757 1482 2794">
     <span class='ocr_line' id='line_1_117' title="bbox 1109 2757 1482 2794; baseline 0.008 -10"><span class='ocrx_word' id='word_1_833' title='bbox 1109 2757 1166 2794; x_wconf 61' lang='grc'>(59)</span> <span class='ocrx_word' id='word_1_834' title='bbox 1181 2759 1234 2785; x_wconf 86' lang='grc' dir='ltr'><strong>Τοῦ</strong></span> <span class='ocrx_word' id='word_1_835' title='bbox 1251 2767 1292 2794; x_wconf 66' lang='grc' dir='ltr'><strong>τε.</strong></span> <span class='ocrx_word' id='word_1_836' title='bbox 1307 2757 1373 2791; x_wconf 70' lang='lat'><strong>185.,</strong></span> <span class='ocrx_word' id='word_1_837' title='bbox 1389 2759 1428 2794; x_wconf 85' lang='grc' dir='ltr'>τῷ</span> <span class='ocrx_word' id='word_1_838' title='bbox 1442 2769 1482 2787; x_wconf 86' lang='grc' dir='ltr'><strong>τε,</strong></span> 
     </span>
    </p>
   </div>
   <div class='ocr_carea' id='block_1_116' title="bbox 1075 2792 1856 2863">
    <p class='ocr_par' dir='ltr' id='par_1_116' title="bbox 1075 2792 1856 2863">
     <span class='ocr_line' id='line_1_118' title="bbox 1075 2792 1856 2863; baseline -0.001 -42"><span class='ocrx_word' id='word_1_839' title='bbox 1180 2793 1258 2854; x_wconf 48' lang='grc' dir='ltr'>ἐπεὶ</span> <span class='ocrx_word' id='word_1_840' title='bbox 1269 2793 1312 2821; x_wconf 86' lang='grc' dir='ltr'><strong>δέ.</strong></span> <span class='ocrx_word' id='word_1_841' title='bbox 1330 2795 1376 2822; x_wconf 80' lang='lat' dir='ltr'><strong>Sic</strong></span> <span class='ocrx_word' id='word_1_842' title='bbox 1388 2792 1502 2829; x_wconf 80' lang='lat' dir='ltr'><strong>quatuor</strong></span> <span class='ocrx_word' id='word_1_843' title='bbox 1516 2795 1596 2831; x_wconf 60' lang='grc' dir='ltr'><strong>Βεεθ-</strong></span> <span class='ocrx_word' id='word_1_844' title='bbox 1612 2800 1639 2823; x_wconf 89' lang='lat' dir='ltr'><strong>et</strong></span> <span class='ocrx_word' id='word_1_845' title='bbox 1649 2795 1744 2823; x_wconf 86' lang='lat' dir='ltr'><strong>Comb.</strong></span> <span class='ocrx_word' id='word_1_846' title='bbox 1759 2794 1787 2821; x_wconf 85' lang='lat' dir='ltr'><strong>In</strong></span> <span class='ocrx_word' id='word_1_847' title='bbox 1799 2792 1856 2825; x_wconf 87' lang='lat' dir='ltr'><strong>ed.,</strong></span> 
     </span>
    </p>
   </div>
  </div>
