2013 3134
163 181 212 208 401

626 185 757 213 ORATIO
777 186 833 213 XL.
853 202 887 206 —-
906 187 939 214 IN
960 187 1123 216 SANCTUM
1144 188 1325 217 BAPTISMA.

1726 193 1781 221 402

159 241 205 267 τοῦ
221 240 409 276 βαπτίσματος
421 242 467 268 καὶ
480 242 525 269 τοῦ
545 244 732 279 κηρύγματος,
750 246 763 271 ὁ
773 246 827 271 τῶν
840 254 952 282 συντρε-

1015 248 1115 281 ionem,
1128 248 1310 276 multitudinis
1325 256 1497 282 concursum,
1512 250 1651 283 miracula,
1670 256 1697 279 et
1708 253 1780 280 velut

159 287 261 321 χόντων
276 287 387 322 σεισμὸς
396 287 451 322 (41)
468 288 549 322 (οὕτω
565 289 640 326 γὰρὴ
649 291 743 326 Γραφὴ
755 292 831 318 καλεῖ
838 292 882 319 τὸν
888 301 948 318 και-

161 332 206 367 ρὸν
218 333 342 367 ἐκεῖνον),
362 335 394 360 ἐκ
411 334 439 360 δὲ
450 334 496 361 τοῦ
509 335 637 369 πλήθους,
651 338 667 372 ἡ
682 337 734 363 τῶν
754 338 873 372 σημείων
887 338 947 364 ἐπί-

159 377 253 410 δειξις,
272 379 320 405 καὶ
335 379 368 405 τὰ
383 379 509 415 θαύματα
525 381 563 416 τῷ
585 382 744 417 Εὐαγγελίῳ
765 384 948 418 προσάγοντα.

167 423 214 450 Ἐκ
238 424 265 449 δὲ
282 425 396 456 τούτων,
413 426 428 451 ὁ
443 425 547 460 φθόνος·
567 427 598 453 ἐκ
612 428 640 454 δὲ
653 427 757 460 τούτου,
775 429 804 455 τὸ
820 431 906 464 μῖσος
919 430 950 456 ἐκ

160 468 188 494 δὲ
201 469 248 495 τοῦ
266 469 372 504 μίσους,
391 471 421 496 τὸ
439 471 489 506 τῆς
501 472 658 506 ἐπιϐουλῆς,
673 473 779 508 καὶτῆς
796 474 950 509 προδοσίας

161 516 193 540 ἐκ
208 514 302 541 τούτου
317 516 355 546 δὲ,
376 517 389 543 ὁ
413 517 537 551 σταυρὸς,
558 518 605 543 καὶ
626 518 698 550 ὅσοις
716 518 885 553 σεσῴσμεθα.
910 519 950 547 Τὰ

163 560 212 594 μὲν
223 561 255 596 δὴ
269 561 316 587 τοῦ
333 562 451 598 Χριστοῦ
466 563 589 595 τοιαῦτα,
602 564 649 589 καὶ
666 563 752 595 οὕτως
767 564 872 599 ἔχοντα,
887 565 948 591 ὅσον

161 607 227 641 ἡμῖν
242 608 361 641 ἐφικτόν·
373 609 444 643 τάχα
459 609 481 635 δ’
496 609 529 636 ἄν
545 618 587 641 τις
604 610 650 636 καὶ
665 609 744 642 ἄλλος
766 610 889 646 εὑρεθείη
905 611 949 637 λό-

161 660 210 685 γος
224 653 326 679 τούτων
337 654 567 690 ἀπορρητότερος.

1002 300 1098 328 corpus
1116 302 1198 321 unum
1227 295 1298 327 ﬁeri,
1316 302 1367 322 non
1393 295 1537 328 divulsum,
1561 303 1610 323 nec
1631 301 1778 332 temporum

1002 339 1151 366 intervallis
1168 339 1331 373 disjunctum
1358 345 1385 367 et
1404 341 1591 375 interruptum.
1618 341 1721 369 Etenim
1747 351 1780 370 ex

1006 385 1142 419 baptismo
1157 391 1183 412 et
1195 386 1388 420 prmdicatione
1400 387 1532 413 excitatus
1544 391 1584 413 est
1596 387 1638 414 ille
1647 387 1783 415 conﬂuen-

1004 430 1038 457 tis
1057 430 1238 458 multitudinis
1255 436 1335 458 terra:
1352 431 1488 463 motus“;
1518 431 1557 458 sic
1582 432 1653 458 enim
1680 437 1783 466 tempus

1005 476 1066 504 illud
1085 476 1223 511 Scriptura
1236 481 1325 504 vocat.
1340 477 1446 504 Rursus
1459 484 1490 504 ex
1505 476 1594 511 populi
1613 477 1784 504 multitudine

1003 525 1030 548 et
1041 520 1204 554 frequentia,
1229 521 1309 556 715
1335 521 1473 554 signorum
1495 521 1586 553 editio.
1605 525 1631 548 ct
1645 521 1783 554 miracula,

1003 574 1063 601 quae
1086 567 1208 594 homines
1229 568 1262 594 ad
1288 567 1461 602 Evangelium
1484 566 1660 598 adducebant,
1675 567 1785 594 exstite-

1006 617 1077 638 runt.
1091 612 1128 639 Ex
1138 612 1179 639 his
1195 620 1275 647 porro
1286 613 1385 639 invidia
1400 616 1461 639 nata
1472 615 1523 644 est,
1534 619 1566 639 ex
1576 612 1674 639 invidia
1682 612 1784 645 odium,

1005 664 1037 684 ex
1051 658 1113 684 odio
1126 657 1238 690 insidiae,
1251 662 1278 684 et
1293 657 1420 691 proditio.
1443 656 1511 684 Hinc
1534 661 1669 691 postremo
1701 664 1780 691 crux,

162 706 249 731 eaque
272 699 374 733 omnia,
396 708 456 734 quae
478 701 555 728 nobis
571 700 685 728 salutem
707 706 880 736 pepererunt.
907 703 944 730 Ac
964 702 1183 737 Christiquidem
1206 711 1248 730 res
1265 703 1301 730 ita
1333 710 1363 730 se
1392 703 1503 734 habent,
1521 706 1651 737 quantum
1670 702 1779 736 quidem

164 744 242 772 nobis
262 746 370 780 assequi
387 746 468 775 licet:
482 752 563 782 atque
580 747 661 774 etiam
681 747 795 775 fortasse
807 748 857 775 alia
880 749 1001 783 quaedam
1036 750 1104 777 ratio
1138 750 1181 782 iis,
1213 757 1280 785 qttas
1308 749 1588 780 commemoravimus,
1620 748 1784 776 reconditior

164 789 276 820 inveniri
293 795 384 824 queat.

199 834 238 860 A'.
257 834 301 860 Σοὶ
313 834 341 860 δὲ
353 834 395 866 τίς
413 835 530 870 ἀνάγκη,
550 836 606 867 τοῖς
622 835 691 871 ὑπὲρ
707 836 736 863 σὲ
759 836 951 872 ὑποδείγμασιν

1040 836 1124 864 XXX.
1137 836 1195 864 Tibi
1209 841 1297 863 autem
1317 835 1381 870 quid
1395 842 1504 863 necesse
1514 839 1565 867 est,
1580 838 1609 862 ut
1625 835 1686 862 dum
1696 843 1789 863 exem-

165 879 302 914 ἑπομένῳ,
320 881 413 911 κακῶς
432 880 616 915 βουλεύεσθαι·
644 882 706 908 ἐπεὶ
729 882 776 908 καὶ
791 882 857 909 ἄλλα
870 882 954 909 πολλὰ

164 924 219 950 τῶν
240 925 393 960 τηνικαῦτα
418 926 616 962 ἱστορουμένων
642 927 742 963 ἑτέρως
758 928 774 962 ἢ
791 928 828 960 ὡς
849 927 884 954 τὰ
908 928 954 954 νῦν

165 972 261 1006 ἔχοντα
289 972 421 1007 φαίνεται,
444 973 491 999 καὶ
507 973 537 999 οὺ
565 973 747 1008 συμῦαίνοντα
761 975 816 1005 τοῖς
835 974 954 1009 καιροῖς;

165 1016 238 1048 Οἶον,
266 1019 411 1054 ἐνήστευσε
434 1019 531 1054 μικρὸν
551 1019 604 1054 πρὸ
616 1019 667 1054 τῆς
680 1019 787 1054 πείρας,
801 1020 881 1055 ἡμεῖς
903 1019 956 1054 πρὸ

165 1064 211 1089 τοῦ
227 1063 333 1098 Πάσχα·
351 1063 381 1090 τὸ
391 1063 439 1098 μὲν
448 1064 502 1089 τῶν
516 1063 647 1099 νηστειῶν
661 1064 699 1096 ἓν,
713 1064 743 1091 οὐ
757 1064 853 1099 μικρὸν
863 1064 891 1090 δὲ
901 1063 956 1099 (ἄῖ)

165 1110 330 1144 ἀμφοτέρων
360 1109 413 1136 τῶν
441 1108 544 1144 καιρῶν
560 1109 591 1135 τὸ
608 1109 755 1144 διάστημα.
776 1109 804 1135 ’0
825 1109 874 1144 μὲν
904 1109 956 1145 γὰρ

166 1155 239 1181 κατὰ
257 1155 312 1181 τῶν
333 1154 495 1190 πειρασμῶν
508 1154 609 1186 ταύτας
627 1154 817 1190 προϐάλλεται·
837 1155 901 1189 ἡμῖν
929 1155 957 1181 δὲ

167 1201 217 1236 τὴν
229 1200 411 1236 συννέκρωσιν
422 1200 540 1236 Χριστοῦ
564 1200 643 1227 τοῦτο
656 1199 777 1231 δύναται,
789 1200 836 1226 καὶ
853 1199 957 1234 κάθαρ-

169 1246 210 1277 σίς
224 1248 283 1272 ἐστι
296 1245 462 1281 προεόρτιος.
474 1246 529 1273 Καὶ
539 1247 552 1272 ὁ
566 1245 614 1281 μὲν
622 1245 746 1280 νηστεύει
755 1245 958 1280 τεσσαράκοντα

168 1292 276 1327 ἡμέρας
292 1291 369 1326 (Θεὸς
396 1292 450 1327 γὰρ
464 1289 521 1326 ἦν),
537 1292 617 1326 ἡμεῖς
639 1291 667 1318 δὲ
685 1292 718 1326 τῇ
747 1290 859 1326 δυνάμει
881 1290 958 1316 τοῦτο

169 1339 423 1373 συνεμετρήσαμεν,
439 1339 463 1364 εἰ
479 1338 524 1365 καί
537 1347 612 1370 τινας
627 1337 717 1373 ᾄττειν
740 1338 754 1364 ὁ
772 1337 851 1372 ζῆλος
871 1337 959 1363 πείθει

170 1383 217 1409 καὶ
234 1383 304 1418 ὑπὲρ
319 1383 446 1418 δύναμιν.
462 1384 546 1411 Πάλιν
559 1383 733 1418 μυσταγωγεῖ
750 1382 779 1409 τὸ
794 1382 890 1417 Πάσχα
897 1382 960 1413 τοὺς

171 1429 296 1464 μαθητὰς
306 1429 335 1455 ἐν
360 1429 487 1464 ὑπερῴῳ,
502 1429 549 1456 καὶ
567 1428 636 1464 μετὰ
665 1428 695 1454 τὸ
706 1428 813 1454 δεῖπνον
829 1428 895 1463 (45),
913 1428 960 1454 καὶ

170 1472 223 1508 πρὸ
244 1474 308 1509 μιᾶς
318 1473 364 1501 τοῦ
377 1475 472 1502 παθεῖν
486 1474 602 1510 ἡμέρας
618 1473 699 1508 ἡμεῖς
711 1473 739 1499 ἐν
752 1474 905 1509 προσευχῆς
921 1473 960 1500 οῖ-

1005 884 1059 918 pla,
1077 890 1137 918 quae
1154 887 1179 909 te
1194 881 1351 909 sublimiora
1369 885 1442 913 sunt,
1458 881 1590 916 sequeris,
1607 880 1705 907 malum
1723 887 1789 907 con-

1005 930 1093 957 silium
1113 929 1223 964 capias;
1245 927 1394 963 pra-sertim
1420 935 1498 959 cum,
1521 926 1655 961 permulta
1682 934 1790 962 quoque

1007 975 1057 1002 alia
1073 983 1106 1002 ex
1123 975 1167 1007 iis,
1188 982 1249 1009 quae
1265 979 1319 1001 tum
1333 974 1365 1001 ab
1379 981 1412 1000 eo
1425 979 1502 1008 gesta
1520 980 1579 1000 esse
1595 973 1714 999 historiae
1727 980 1789 1006 pro—

1007 1023 1089 1049 ditum
1102 1026 1156 1053 est,
1171 1029 1184 1048 a
1202 1025 1295 1048 nostro
1311 1020 1363 1047 ritu
1377 1020 1542 1054 discrepare,
1557 1026 1587 1046 ac
1603 1024 1722 1054 tempore
1737 1018 1792 1045 dis-

1007 1068 1104 1098 sidere.
1129 1067 1253 1094 constet?
1283 1066 1403 1099 Exempli
1429 1073 1532 1093 causa:
1566 1064 1689 1091 Christus
1711 1064 1790 1098 paulo

1007 1117 1069 1139 ante
1083 1111 1256 1139 tentationctn
1275 1110 1422 1146 jejunavit;
1440 1118 1489 1138 nos
1506 1116 1568 1138 ante
1587 1109 1701 1137 Pascha.
1719 1108 1790 1142 Jeju-

1008 1158 1081 1185 uium
1095 1164 1177 1183 unum
1192 1157 1318 1190 idemque
1331 1160 1372 1183 est
1385 1164 1392 1189 ;
1411 1159 1437 1182 at
1449 1155 1587 1188 utriusque
1598 1154 1725 1183 temporis
1736 1160 1791 1180 non

1008 1210 1088 1238 parva
1113 1207 1154 1229 est
1178 1201 1340 1229 differentia.
1366 1201 1410 1228 Ille
1434 1202 1504 1229 extim
1517 1201 1647 1236 jejunium
1664 1201 1792 1229 adversus

1010 1248 1186 1275 tentationum
1202 1248 1317 1281 impetus
1333 1247 1445 1281 objicit;
1461 1247 1538 1274 nobis
1561 1250 1648 1274 autem
1661 1247 1791 1281 jejunium

1009 1294 1060 1321 hoc
1077 1297 1206 1328 praestat,
1227 1298 1256 1320 ut
1269 1300 1328 1320 cum
1347 1292 1455 1320 Christo
1469 1292 1688 1324 commoriamur.
1710 1299 1741 1319 ac
1754 1292 1794 1319 fc-

1010 1344 1079 1365 stum
1092 1338 1229 1372 praecedat
1241 1339 1375 1372 purgatio.
1395 1337 1454 1364 Jam
1468 1338 1513 1365 ille
1526 1342 1596 1365 totos
1618 1338 1794 1372 quadraginta

1011 1385 1069 1412 dies
1087 1392 1102 1410 a
1119 1384 1178 1411 cibo
1190 1384 1322 1411 abstinuit
1335 1384 1421 1418 (Deus
1437 1383 1508 1410 enim
1530 1384 1599 1417 erat)
1613 1392 1621 1415 ς
1639 1391 1688 1410 nos
1703 1387 1793 1410 autent

1011 1429 1045 1457 ad
1058 1430 1154 1457 virium
1171 1433 1326 1457 nostrarum
1342 1429 1478 1456 modulum
1490 1429 1620 1464 jejunium
1636 1432 1795 1462 attempera-

1013 1476 1108 1508 vimus,
1126 1475 1231 1502 etiamsi
1251 1475 1359 1509 quidam
1373 1494 1380 1507 ,
1396 1474 1454 1501 zelo
1471 1474 1592 1508 impulsi,
1609 1474 1678 1500 ultra
1698 1473 1795 1500 virium

171 1528 238 1551 κοις,
253 1520 300 1546 καὶ
318 1520 370 1555 πρὸ
378 1520 425 1547 τοῦ
445 1520 563 1559 δείπνου,
577 1519 624 1546 καὶ
647 1519 716 1554 μετὰ
730 1519 780 1554 τὴν
800 1519 956 1547 ἀνάστασιν.

1011 1521 1166 1549 facultatem
1189 1520 1216 1547 in
1245 1520 1391 1556 jejunando
1409 1519 1560 1554 prosiliant.
1577 1519 1710 1546 Praeterea
1723 1537 1731 1550 ,
1751 1517 1796 1545 ille

177 1566 329 1593 Ἀνέσταται
341 1568 499 1602 τριήμερος,
513 1568 593 1602 ἡμεῖς
605 1566 674 1602 μετὰ
698 1566 781 1593 πολὺν
795 1566 898 1601 χρόνον·
915 1567 961 1593 καὶ

171 1611 233 1638 οὔτε
245 1612 419 1648 ἁπέρῤηκται
432 1612 485 1639 τῶν
501 1612 606 1639 ἐκείνου
622 1612 655 1638 τὰ
678 1612 810 1647 ἡμέτερα,
822 1611 884 1638 οὔτε
899 1621 963 1639 συν-

173 1657 298 1690 έζευκται
313 1657 455 1693 χρονικῶς·
478 1657 534 1684 ἀλλ’
560 1658 622 1684 ὅσον
646 1657 732 1688 τύπος
757 1665 799 1687 τις
811 1655 881 1683 εἶναι
909 1657 962 1684 τῶν

173 1703 314 1739 ἡμετέρων
333 1703 519 1738 παραδοθέντα
534 1703 601 1738 (44),
617 1702 648 1728 τὸ
665 1702 753 1737 πάντη
777 1703 964 1738 παραπλήσιον

173 1748 363 1783 διαπέφευγεν.
380 1749 412 1775 Ti
424 1747 469 1776 οὖν
495 1749 662 1784 θαυμαστὸν,
688 1748 802 1784 καὶ(45)
822 1749 853 1775 τὸ
870 1748 966 1783 βάπτι-

175 1803 232 1828 σμα
246 1794 430 1830 παρειλῆφϐαι
449 1794 498 1829 μὲν
512 1794 544 1820 δι’
562 1794 647 1829 ἡμᾶς,
663 1793 702 1828 τῷ
716 1794 805 1828 χρόνῳ
824 1793 852 1820 δὲ
874 1794 966 1829 διαφέ-

177 1848 250 1874 ρεινς
266 1841 298 1866 Ὃ
319 1840 350 1866 σύ
370 1849 416 1875 μοι
436 1841 524 1872 δοκεῖς
541 1840 578 1871 ὡς
597 1839 668 1874 μέγα
692 1848 718 1865 τι
743 1840 791 1866 καὶ
812 1839 966 1875 θαυμαστὸν

175 1883 230 1912 οἷον
261 1886 463 1921 προϐάλλεσθαι
495 1886 566 1913 κατὰ
596 1886 646 1919 τῆς
670 1885 766 1912 ἑαυτοῦ
795 1885 850 1921 (46)
879 1894 967 1921 σωτη-

178 1940 249 1966 ριας.

1011 1568 1154 1596 Paschalis
1169 1567 1328 1603 mysterium
1343 1566 1483 1601 discipulis
1497 1566 1524 1592 in
1543 1565 1681 1592 caenaculo
1697 1564 1794 1596 tradit,

1011 1617 1039 1640 et
1064 1621 1078 1640 a
1106 1620 1183 1640 cwna
1196 1634 1203 1646 ,
1225 1617 1252 1640 et
1269 1612 1350 1640 unico
1372 1617 1434 1639 ante
1454 1611 1606 1646 passionem
1627 1609 1687 1643 die;
1707 1617 1754 1636 nos
1769 1609 1796 1636 in

1013 1660 1132 1695 templis,
1149 1663 1176 1686 et
1198 1663 1261 1686 ante
1281 1665 1403 1689 coenam,
1425 1662 1453 1684 et
1473 1661 1533 1691 post
1550 1656 1795 1684 itesurrectionem.

1013 1703 1058 1731 ille
1081 1704 1160 1731 tertio
1179 1703 1222 1731 die
1241 1711 1257 1730 a
1276 1708 1365 1730 morte
1384 1703 1416 1729 ad
1438 1701 1520 1729 vitam
1548 1701 1644 1734 rediit;
1666 1707 1715 1727 nos
1738 1703 1799 1734 post

1013 1751 1171 1777 diuturnum
1203 1755 1319 1785 tempus.
1341 1749 1378 1776 ita
1404 1749 1488 1783 ipsius
1512 1755 1574 1780 res,
1597 1754 1647 1774 nec
1666 1754 1680 1773 a
1699 1746 1798 1772 nostris

1013 1795 1121 1830 penitus
1135 1795 1274 1823 distracta:
1298 1800 1378 1830 atque
1396 1794 1515 1828 abruptas
1529 1797 1611 1825 sunt,
1632 1799 1681 1819 nec
1703 1799 1799 1817 rursus

1015 1841 1180 1876 temporibus
1198 1841 1269 1868 inter
1283 1848 1313 1868 se
1327 1841 1481 1871 cohaerent;
1501 1846 1594 1866 verum
1608 1838 1738 1864 hactenus
1751 1844 1799 1863 no—

1014 1887 1054 1914 bis
1081 1887 1202 1920 traditac,
1218 1892 1247 1914 ut
1269 1887 1302 1914 ad
1324 1894 1418 1914 earum
1444 1884 1582 1919 exemplar
1605 1884 1673 1911 ritus
1693 1887 1800 1910 nostros

1015 1933 1225 1966 conformemus,
1240 1933 1344 1967 pleuarn
1358 1932 1536 1965 omnibusque
1552 1931 1640 1958 modis
1651 1929 1800 1964 perfectam

179 1979 385 2020 similitudinem
416 1979 533 2016 fugiunt.
558 1980 628 2014 Quid
653 1982 736 2017 igitur
758 1980 867 2011 mirum,
893 1987 965 2012 eum,
986 1982 1111 2015 quamvis
1123 1982 1217 2008 salutis
1231 1986 1330 2008 nostra:
1358 1987 1437 2006 causa
1452 1979 1613 2013 baptismum
1641 1976 1799 2009 susceperit,

180 2027 311 2061 temporis
344 2032 433 2055 tamen
457 2029 562 2056 ratione
582 2037 596 2056 a
617 2030 694 2056 nobis
712 2027 842 2056 diﬂ'erre?
856 2027 932 2061 Quod
954 2032 981 2055 tu
1000 2029 1107 2063 quidem
1123 2030 1200 2062 mihi,
1215 2030 1287 2056 velut
1299 2036 1426 2063 magnum
1445 2027 1545 2061 aliquid
1562 2031 1589 2053 et
1602 2025 1799 2056 admirandum,

178 2072 308 2099 adversus
323 2079 394 2100 tuam
411 2074 494 2108 ipsius
509 2075 623 2102 salutem
643 2082 779 2110 opponere
794 2073 906 2100 videris.

213 2118 276 2145 AA’.
290 2118 324 2144 Εἴ
333 2127 359 2144 τι
369 2116 414 2145 οὖν
426 2120 487 2154 ἐμοὶ
499 2119 636 2152 πείθεσθε,
649 2120 711 2150 τοὺς
723 2119 772 2155 μὲν
784 2117 918 2149 τοιούτους
929 2118 961 2145 λόι

1058 2117 1153 2145 XXXI.
1182 2116 1286 2150 Quare,
1314 2115 1335 2142 si
1352 2115 1415 2149 quid
1439 2121 1482 2141 me
1503 2113 1663 2141 audiendnut
1682 2111 1799 2146 putatis,

180 2173 244 2199 γους
252 2165 358 2200 χαίρειν
374 2164 482 2191 ἐάσατε·
506 2166 583 2192 αὐτοὶ
599 2166 627 2192 δὲ
647 2165 684 2200 τῷ
701 2164 795 2199 ἀγαθῷ
815 2164 971 2200 προσπηδή-

182 2219 256 2243 σατε,
274 2212 322 2237 καὶ
336 2211 444 2238 διπλοῦν
460 2212 554 2245 ἀγῶνα
583 2211 753 2245 ἀγωνιεῖσθε·
773 2211 818 2237 τὸν
841 2211 889 2246 μὲν
905 2218 972 2245 προ-

183 2257 324 2293 καθαὶρειν
354 2257 426 2292 ὑμᾶς
458 2258 556 2288 αὐτοὺς
586 2256 632 2283 τοῦ
658 2256 854 2291 βαπτίσματος,
880 2255 926 2281 τὸν
943 2254 972 2280 δὲ

185 2305 325 2339 συντηρεῖν
340 2303 370 2330 τὸ
382 2303 530 2338 βάπτισμα·
542 2302 635 2338 ἐπειδὴ
649 2302 698 2336 τῆς
707 2302 791 2336 αὐτῆς
805 2303 862 2327 ἐστι
878 2301 972 2335 δυσχε-

185 2349 269 2383 ρείας,
290 2349 338 2375 καὶ
352 2348 502 2383 κτήσασθαί
516 2357 543 2374 τι
558 2348 611 2374 τῶν
638 2347 746 2381 ἀγαθῶν
765 2347 814 2381 οὐχ
841 2346 971 2380 ὑπάρχον,

185 2394 231 2419 καὶ
245 2393 344 2427 κτηθὲν
357 2391 703 2423 διασώσασθαι.·ῐ1ολλάκις
714 2392 768 2427 γὰρ
778 2391 792 2417 ὃ
806 2392 855 2426 μὲν
869 2390 969 2425 σπουδὴ

187 2438 346 2474 προσέλαϐε,
373 2438 493 2474 ῥᾳθυμία
515 2438 675 2473 διέφθειρεν
693 2437 707 2464 ὃ
724 2437 752 2463 δὲ
768 2436 846 2468 ὄκνος
865 2435 971 2463 ἀπώλε-

188 2492 242 2514 σεν,
252 2483 434 2511 ἀνεκαλέσατο
445 2484 597 2519 ζεει-ειμςὲλεισ..
610 2484 699 2510 Καλόν
715 2492 754 2510 σοι
768 2482 893 2517 βοήθημα
904 2481 971 2517 πρὸς

186 2529 216 2555 τὸ
229 2531 330 2564 τυχεῖν,
344 2527 380 2556 ὧν
396 2529 543 2563 ὲπιποθεῖς,
554 2530 711 2564 ἅγρυπνίαι,
727 2530 856 2564 νηστεῖαι,
870 2536 972 2564 χαμευ-

241 2587 260 2601 ¹¹
271 2585 367 2614 Matth.
381 2585 494 2618 xxt,10.

225 2646 279 2678 (41)
302 2646 334 2672 '0
346 2645 405 2672 τῶν
414 2645 640 2680 συντρεχόντων
650 2645 784 2680 σεισμός.
801 2654 809 2670 1
818 2643 970 2680 Ῠςοηαιιοηη

193 2682 226 2708 tis
241 2681 423 2707 multitudinis
437 2678 515 2708 terrm
526 2678 632 2707 motus.
650 2679 700 2706 1111
715 2684 803 2706 autem
816 2679 923 2706 Nicetas
934 2678 972 2705 sic

191 2717 321 2751 exponit:
348 2725 357 2740 1
383 2715 648 2751 lugenstnortalium
668 2714 809 2741 multitudo
832 2713 971 2751 conﬂuxit,

190 2748 284 2785 atque,
306 2756 335 2776 ut.
362 2748 449 2783 inquit
464 2749 620 2778 Mztllltmus.
641 2754 773 2785 commota
790 2753 841 2780 est,
862 2754 887 2775 nt
902 2748 973 2773 velut

191 2784 309 2812 tremore
321 2792 452 2812 concussa
469 2791 511 2812 est
528 2785 651 2811 universa
667 2784 780 2813 civitas,
797 2787 974 2810 concurrente

192 2820 317 2847 videlicet
348 2820 447 2853 popqu
474 2828 505 2847 ac
526 2827 586 2847 sese
604 2823 801 2847 commovente.
820 2828 829 2844 1
846 2817 906 2844 νίιι.
933 2825 972 2844 or.

193 2863 268 2885 aut.
282 2863 358 2881 num.
372 2854 417 2880 ‘25.

229 2890 285 2924 (Η)
299 2889 413 2922 Μικρέν
431 2889 474 2916 δέ.
498 2889 543 2916 Sic
565 2889 654 2924 plures
669 2888 746 2916 codd.
764 2887 792 2915 lu
806 2887 860 2921 ed.,
880 2886 975 2922 μικρὸν

1024 2163 1176 2200 hujusmodi
1190 2163 1309 2189 rationes
1325 2162 1413 2188 valere
1428 2161 1529 2195 jubete,
1550 2166 1630 2194 atque
1642 2159 1690 2193 ipsi
1706 2159 1738 2184 ad
1754 2158 1802 2184 bo-

1021 2218 1083 2237 num
1099 2209 1150 2236 hoc
1165 2207 1286 2242 prosilite
1299 2227 1307 2240 ,
1322 2215 1352 2234 ac
1367 2207 1464 2241 duplex
1480 2210 1615 2232 certamen
1634 2204 1698 2230 iuite
1711 2212 1717 2236 ;
1732 2203 1801 2230 alte-

1022 2263 1096 2288 rum,
1109 2259 1138 2281 ut
1150 2261 1195 2280 vos
1208 2254 1280 2287 ipsos
1297 2258 1360 2280 ante
1375 2252 1537 2287 baptismum
1552 2249 1719 2281 emuntlctis;
1735 2248 1802 2274 alte-

1021 2307 1091 2332 rum,
1111 2303 1139 2325 ttt
1153 2303 1292 2331 acceptqu
1307 2297 1468 2330 baptismum
1482 2294 1647 2322 couservetis
1660 2302 1666 2320 :
1680 2292 1801 2326 quando—

1022 2345 1128 2380 quidem
1146 2343 1264 2378 ejusdem
1280 2348 1320 2370 est
1334 2342 1509 2372 difﬁcultatis,
1524 2346 1550 2368 et
1565 2340 1663 2367 bonttm
1681 2337 1801 2372 aliquod,

1021 2399 1074 2425 quo
1087 2392 1160 2425 prius
1171 2390 1293 2421 carebas,
1308 2389 1432 2424 adipisci,
1449 2392 1486 2420 et,
1503 2395 1562 2414 cum
1579 2386 1690 2420 adeptus
1707 2384 1801 2414 fueris,

1022 2443 1193 2463 conservare.
1211 2435 1340 2462 Fitcnim
1357 2434 1532 2469 plerumque,
1555 2436 1599 2464 ut,
1624 2430 1694 2465 quod
1721 2428 1803 2465 716

1022 2481 1110 2508 studio
1124 2486 1152 2508 et
1169 2480 1302 2508 industria
1323 2485 1428 2514 partum
1444 2483 1501 2510 est,
1521 2476 1645 2505 socordia
1661 2475 1802 2502 labefacte-

1024 2531 1083 2559 tur;
1097 2527 1167 2561 quod
1184 2531 1272 2553 autem
1285 2526 1382 2552 inertia
1404 2525 1530 2551 amissum
1544 2527 1602 2554 est,
1617 2521 1708 2548 labore
1722 2524 1749 2547 et
1760 2519 1802 2545 di-

1022 2642 1075 2659 ηιτω
1093 2642 1120 2659 RL

1027 2650 1208 2716 ἱωόᾔ-ἕῗᾟξτὰ
1219 2675 1251 2716 τὸ
1262 2674 1393 2702 δεῖπνον.
1411 2672 1457 2700 Sic
1477 2670 1542 2705 Reg.
1565 2669 1598 2702 ph
1615 2672 1640 2694 el
1659 2667 1712 2694 duo
1726 2665 1803 2694 Colb.

1023 2711 1100 2738 Deest
1113 2711 1143 2738 τό
1159 2711 1183 2737 111
1200 2712 1241 2736 ed.

1059 2747 1114 2781 (Μ)
1132 2744 1346 2781 Παρηδοθέξττα.
1358 2742 1433 2781 Par,
1451 2738 1672 2781 παραδειχθέντα.

1058 2776 1114 2813 {45)
1132 2776 1195 2808 Κίιῖ.
1213 2781 1267 2806 [)uo
1282 2779 1377 2814 “933.,
1393 2777 1416 2802 εἱ
1432 2776 1487 2814 καί.
1621 2808 1632 2813 ἡ

1059 2811 1114 2852 (46)
1135 2814 1270 2843 Ἑαυτοῦ.
1297 2811 1497 2843 ltthuttullis,
1527 2811 1652 2842 σεαυτοῦ,
1675 2811 1717 2838 et.
1739 2814 1803 2834 σιω-ι

1024 2863 1083 2880 του.
