2013 3134
245 168 299 196 403

842 168 870 196 S.
892 168 1054 198 GREGOR"
1074 168 1244 197 THEOLOGI

1807 170 1862 198 40‘

246 224 357 261 Iigentia
370 228 556 258 recuperatur.
571 223 693 259 Magnum
706 224 753 252 tibi
767 224 800 251 ad
813 231 855 257 ea,
867 233 926 260 quae
937 226 1024 261 cupis,

1079 226 1140 258 νίαι,
1157 224 1313 261 προσευχαὶ,
1333 224 1458 261 δάκρυον,
1473 233 1564 256 οικτος
1578 225 1631 251 τῶν
1641 225 1787 261 δεομένων,
1808 235 1864 262 με-

247 270 415 305 ussequenda
430 274 457 297 et
473 269 610 297 retinenda
624 290 631 302 ,
644 270 793 297 subsidium
806 270 944 298 attulerint
961 271 1027 306 vigi-

245 316 301 348 liae,
312 315 424 350 ieiunia,
438 315 603 343 chameuniae
617 335 623 342 .
639 316 785 347 orationes,
801 316 938 350 lacrymaz,
953 324 1028 344 com-

247 361 385 388 miseratio
395 368 459 395 erga
474 367 616 395 pauperes,
629 360 746 396 largitio.
763 361 811 388 His
823 362 913 393 rebus,
929 361 1026 396 partim

247 413 296 440 pro
309 406 350 437 iis.
367 413 427 439 qua:
443 405 580 439 accepisti,
592 405 694 439 gratias
710 413 768 440 age,
785 405 882 439 partim
901 406 982 433 etiam
995 413 1027 433 ea

247 457 323 478 tuere
329 459 359 478 ac
366 451 478 478 custodi.
491 450 578 478 Habes
589 450 759 482 beneficium,
770 451 839 485 quod
850 455 876 478 te
884 450 1026 478 multorqu

247 498 438 524 mandatorum
449 497 608 523 submoncat
621 505 628 522 :
645 502 678 522 ne
687 496 859 529 contemptim
871 501 1025 530 praetereas.

246 541 352 576 Pauper
372 541 505 569 accessit?
528 540 556 567 In
577 545 692 568 mentem
713 540 761 568 tibi
775 541 883 574 veniat,
899 548 931 568 ex
947 549 1026 575 quam

246 588 322 622 gravi
340 592 495 623 paupertate
517 588 550 614 ad
572 591 688 622 quantas
705 586 814 614 divitias
828 592 972 622 provectus
985 594 1025 614 es.

248 634 320 661 Pane
331 641 438 665 carens,
460 638 504 660 aut
519 638 582 668 potu
593 652 601 664 ,
619 637 700 668 atque
715 633 795 660 etiam
810 633 924 660 fortasse
941 632 1027 659 Laza-

248 686 294 706 rus
316 678 448 713 quispiam
473 678 505 705 ad
524 679 620 706 domus
643 683 694 705 tua;
715 678 787 705 iores
808 678 963 712 provolutus
977 677 1026 704 "?

251 724 356 751 Moveat
381 729 406 751 te
427 724 542 758 mystica
567 731 681 756 mensa,
708 723 740 751 ad
765 731 846 758 quam
871 723 1026 754 accessisti;

248 770 325 804 panis
346 770 410 802 ille.
435 770 513 804 cujus
538 771 672 805 particeps
688 770 775 797 factus
799 777 845 801 es;
873 769 942 796 calix
965 769 1027 802 ille,

249 823 329 849 quem
345 815 485 850 accepisti,
503 823 562 842 cum
575 816 676 843 Christi
691 815 861 850 passionibus
872 815 1026 842 initiareris.

250 862 408 896 Peregrinus
427 862 459 888 ad
477 869 562 896 genua
578 866 621 888 tua
637 861 797 896 procubuit,
813 861 894 888 domo
915 868 1028 892 carens,

1079 271 1194 302 τάδοσις.
1210 271 1293 297 Τοῦτό
1310 279 1351 296 σοι
1363 270 1482 304 γενέσθω
1502 270 1569 306 (47),
1585 268 1621 298 ὧν
1632 271 1791 306 τετύχηκας.
1813 272 1861 298 ei»

1079 316 1254 352 χαριστήριόν
1267 324 1295 342 τε
1305 315 1361 351 ἅμα
1375 316 1422 342 καὶ
1433 316 1623 352 φυλακτήριον.
1651 317 1741 351 Ἔχεις
1755 317 1862 343 πολλῶν

1078 360 1192 387 ἐντολῶν
1217 361 1376 395 ὑπόμνημα,
1404 360 1452 395 τὴν
1472 361 1640 396 εὐεργεσίαν·
1665 361 1701 396 μὴ
1721 362 1862 397 παραδρά⁴

1079 415 1142 443 μῃς.
1168 406 1255 442 Πένης
1279 405 1430 442 προσῆλοε;
1459 406 1593 442 μνήσθητι
1619 407 1701 433 πόσον
1721 406 1775 441 (48)
1789 415 1863 432 πτω-

1078 452 1173 488 χεὺων,
1191 453 1272 479 πόσον
1285 452 1461 487 ἐπλούτησας.
1475 453 1572 488 Ἄρτου
1591 452 1726 487 δεόμενος,
1739 451 1755 487 ἥ
1773 453 1866 487 πόμα-

1076 506 1132 529 τος,
1145 498 1266 533 Λάζαρος
1283 498 1347 529 ἴσως
1359 506 1402 528 τις
1417 497 1494 528 ἄλλος
1505 498 1560 528 τοῖς
1575 498 1630 528 σοῖς
1658 497 1762 524 πυλῶσι
1777 505 1864 532 προσ-

1078 543 1260 579 εῤῥιμμένοςς
1282 543 1424 578 Aiacem.
1450 543 1499 578 τὴν
1529 543 1660 578 μυστικὴν
1676 543 1824 579 τράπεζαν,

1078 589 1238 624 προσῆλθες·
1255 589 1300 615 τὸν
1317 589 1408 624 ἄρτον,
1428 586 1459 615 οὗ
1489 588 1662 624 μετείληφας·
1676 589 1706 615 τὸ
1720 589 1863 624 ποτήριον,

1078 631 1108 659 οἶ)
1119 633 1319 669 κεκοινώνηκας
1333 635 1388 665 τοῖς
1400 634 1517 669 Χριστοῦ
1531 633 1586 670 (49)
1598 633 1695 661 πάθεσι
1709 634 1864 669 τελειούμε-

1079 687 1133 710 νος.
1149 679 1229 710 Ξένος
1244 679 1422 714 προσέπεσεν,
1439 679 1541 710 ἄοικος,
1557 678 1763 714 παρεπίδημος;
1787 679 1865 706 Ὑπό-

1077 724 1151 758 δεξαι
1163 724 1206 751 διὰ
1216 724 1309 750 τούτου
1326 723 1425 750 τὸνδιὰ
1437 724 1465 750 σὲ
1489 724 1685 756 ξενιτεύσαντα,
1704 724 1752 751 καὶ
1776 725 1865 751 ταῦτα

1078 771 1106 798 ὲν
1116 771 1173 802 τοῖς
1188 770 1262 801 ἰδίοις
1274 769 1342 804 (50),
1364 770 1411 796 καὶ
1427 770 1621 797 εἰσοικισθέντα
1635 778 1675 796 σοι
1691 769 1735 796 διὰ
1747 770 1797 804 τῆς
1814 771 1864 805 χά-

1079 825 1162 852 ριτος,
1179 817 1226 842 καὶ
1239 816 1306 851 πρὸς
1316 815 1364 851 τὴν
1386 815 1442 842 ἄνω
1454 816 1595 843 κατοικίαν
1605 815 1763 843 ὲλκύσαντα.
1781 816 1863 843 Γενοῦ

1078 863 1223 897 Ζακχαῖος,
1236 863 1250 888 ό
1258 862 1320 897 χθὲς
1328 861 1456 897 τελώνης,
1472 863 1518 888 καὶ
1530 863 1648 897 σήμερον
1664 862 1863 897 μεγαλάψυχκ·

248 907 369 934 advena?
383 906 434 934 Per
447 907 518 934 hunc
531 914 593 934 eunt
607 907 711 941 excipe.
727 906 772 941 qui
791 911 902 941 propter
916 911 941 933 te
953 913 1027 940 pere-

1079 909 1168 936 πάντα
1185 910 1218 944 τῇ
1242 908 1336 943 εἰσόδῳ
1355 908 1402 934 τοῦ
1419 908 1474 942 (51)
1501 908 1618 943 Χριστοῦ
1642 908 1863 944 καρποφὸρησον,

248 953 373 987 grinatus
381 959 435 986 est,
451 953 531 987 idque
545 953 570 979 in
585 953 712 987 propriis,
727 953 827 987 quique
849 959 898 986 per
913 952 1026 985 gratiam

250 998 282 1025 ad
304 1003 329 1025 te
348 998 522 1032 immigravit,
535 1003 612 1032 teque
623 998 656 1024 ad
668 998 779 1025 caeleste
790 997 953 1025 domicilium
969 1004 1027 1031 per-

250 1044 342 1071 traxit.
352 1043 492 1071 Zachzeum
509 1043 613 1071 imitare
622 1043 656 1076 ³³,
672 1043 757 1075 illum,
772 1044 892 1078 inquam,
906 1043 963 1070 beri
979 1050 1028 1077 pu-

249 1089 392 1121 blicanum,
419 1090 497 1117 hodie
526 1089 697 1124 magnificum
726 1099 732 1116 :
762 1089 905 1116 facultates
928 1096 1025 1116 omnes

249 1141 310 1164 tuas
335 1137 495 1172 ingredienti
517 1137 625 1164 Christo
646 1136 713 1164 oﬂ'er
734 1141 777 1168 ut,
803 1137 865 1164 licet
895 1135 1029 1171 corporali

247 1188 351 1210 statura
367 1183 492 1217 pusillus,
519 1183 612 1210 animo
625 1187 712 1209 tamen
733 1182 874 1214 eveharis,
891 1181 1026 1209 Christum

248 1228 355 1262 egregie
371 1228 552 1262 conspicatus.
564 1227 692 1262 Egrotus
707 1232 828 1263 prostat,
850 1235 883 1256 ac
899 1227 1028 1255 saucius?

248 1274 352 1301 Moveat
367 1280 392 1301 te
409 1275 511 1302 sanitas
527 1279 571 1302 tua
582 1295 590 1308 ,
608 1279 635 1302 et
649 1275 759 1302 vulnera
772 1295 779 1306 ,
797 1275 895 1308 quibus
911 1279 936 1302 te
951 1275 1029 1302 Chri-

247 1324 304 1347 stus
316 1319 449 1347 liberavit.
466 1320 496 1348 Si
506 1321 599 1347 videris
619 1322 728 1352 nudum,
745 1321 817 1354 operi
829 1328 887 1347 eum
902 1321 940 1352 ",
953 1325 1027 1347 tuum

248 1367 460 1400 incorruptionis
499 1367 695 1398 indumentum.
723 1368 775 1394 hoc
802 1372 843 1394 est
873 1367 1026 1399 Christum,

249 1414 526 1447 honore-prosequens
539 1422 546 1439 :
559 1412 690 1447 Quotquot
703 1413 770 1439 enim
783 1413 810 1439 in
835 1412 966 1439 Christum
985 1413 1028 1438 ba-

247 1458 338 1489 ptizati
350 1466 450 1491 smnus,
470 1457 602 1485 Christum
616 1459 749 1484 induimus
776 1458 809 1484 ³⁵.
837 1457 864 1485 Si
879 1457 1026 1485 debitorem

249 1507 344 1531 nactus
356 1504 405 1537 sis,
419 1504 453 1531 ad
468 1504 549 1538 pedes
563 1509 622 1531 tuos
637 1511 697 1531 sese
710 1504 893 1538 abjicientem,
917 1511 1027 1538 syngra-

247 1549 326 1583 pham
347 1556 473 1582 omnem,
499 1553 552 1576 tam
578 1549 688 1584 justam,
709 1557 789 1583 quam
819 1547 962 1582 injustam,
984 1556 1028 1576 re-

1079 954 1122 981 ῐνα
1141 953 1226 988 μέγας
1243 953 1299 988 (52)
1315 953 1462 988 ἀναφανῇς,
1479 952 1531 980 κᾶν
1544 953 1640 989 μικρὸς
1658 951 1692 990 ᾖς
1705 953 1755 989 τὴν
1770 962 1863 989 σωμα-

1077 999 1155 1034 τικὴν
1163 999 1280 1034 ἡλικίαν,
1293 999 1381 1030 καλῶς
1394 998 1509 1034 Χριστὸν
1522 999 1696 1034 θεασάμενος.
1706 999 1864 1035 "Appios-ro:

1079 1045 1220 1080 πρόκειται
1236 1046 1282 1072 καὶ
1289 1045 1475 1081 τραυματίας;
1493 1045 1542 1080 τὴν
1556 1045 1604 1080 σὴν
1620 1044 1723 1079 ὑγίειαν
1745 1045 1802 1080 (55)
1822 1046 1864 1072 αἰ-

1079 1089 1196 1125 δέσθητι,
1221 1089 1317 1116 καὶτὰ
1339 1088 1495 1125 τραύματα,
1514 1085 1552 1116 ὧν
1570 1097 1599 1115 σε
1618 1089 1734 1125 Χριστὸς
1753 1089 1864 1124 ἠλευθέ-

1079 1143 1175 1171 ρωσεν.
1193 1136 1262 1162 Ἐὰν
1275 1135 1343 1169 ἴδῃς
1354 1136 1478 1170 γυμνὸν,
1490 1135 1640 1169 περίϐαλε,
1657 1135 1688 1161 τὺ
1713 1135 1760 1162 σὺν
1777 1136 1864 1170 τιμῶν

1078 1181 1178 1216 ἔνδυμα
1192 1182 1241 1216 τῆς
1253 1180 1416 1216 ἀφθαρσίας·
1434 1181 1550 1216 Χριστὸς
1563 1180 1590 1206 δὲ
1607 1180 1662 1215 (δι)
1678 1180 1757 1207 τοῦτό
1778 1181 1863 1207 ἐστιν·

1085 1225 1204 1259 Ἐπειδὴ
1220 1225 1286 1252 ὅσοι
1294 1227 1337 1258 εὶς
1355 1225 1483 1259 Χριστὸν
1494 1225 1722 1260 ἐϐαπτίσθημεν,
1735 1225 1865 1259 Χριστὸν

1078 1271 1265 1306 ὲνὸεδύμεθα.
1275 1271 1337 1297 Ἐὰν
1344 1270 1540 1306 χρεωφειλέτην
1551 1271 1636 1306 λάϐῃς
1649 1271 1865 1306 προσπίπτοντα,

1079 1319 1168 1344 πᾶσαν
1179 1317 1339 1352 συγγραφὴν
1352 1318 1443 1344 ἄδικον
1453 1316 1498 1344 καὶ
1515 1317 1572 1351 (55)
1585 1317 1691 1343 δικαίαν
1704 1316 1863 1344 διὰσπασον.

1078 1363 1220 1399 Μνήσοητι
1250 1363 1304 1390 τῶν
1331 1363 1435 1399 μυρίων
1459 1363 1607 1394 ταλάντων,
1629 1359 1667 1389 ὧν
1691 1371 1732 1389 σοι
1748 1363 1867 1397 Χριστὸς

1079 1409 1233 1445 ἐχαρίσατο.
1255 1409 1300 1444 Μὴ
1318 1408 1384 1444 γένῃ
1411 1408 1542 1444 πράκτωρ
1558 1408 1655 1443 πικρὸς
1666 1409 1712 1435 τοῦ
1726 1408 1864 1440 ἐλάττονος

1079 1456 1186 1492 χρέους.
1215 1456 1269 1482 Καὶ
1293 1455 1379 1481 ταῦτα
1412 1454 1484 1486 τίσις
1507 1454 1569 1486 Τοῖς
1597 1453 1762 1489 ὁμοδούλοις,
1791 1455 1806 1481 ὁ
1834 1455 1864 1480 τὸ

1079 1502 1160 1529 πλέον
1175 1502 1229 1537 (56)
1244 1501 1319 1536 παρὰ
1334 1501 1380 1527 τοῦ
1392 1501 1527 1528 Δεσπότου
1545 1501 1741 1537 συγχωρηθεὶς,
1759 1501 1796 1536 μὴ
1818 1502 1865 1528 καὶ

1079 1549 1128 1584 τῆς
1155 1548 1258 1574 ἐκείνου
1288 1547 1492 1583 φιλανθρωπίας
1513 1547 1634 1584 ὑπόσχῃς
1652 1547 1739 1582 δίκην,
1754 1547 1788 1582 ἢν
1815 1547 1865 1574 οὐκ

248 1594 341 1622 scinde
354 1595 386 1622 ³⁸.
404 1595 499 1622 Decem
521 1595 566 1623 illa
593 1595 752 1622 talentorum
776 1595 858 1622 millia
871 1616 878 1628 ,
903 1603 963 1630 quae
977 1595 1023 1622 tibi

1079 1593 1205 1628 ἐμιμήσω
1218 1591 1306 1618 λαϐὼν
1318 1592 1476 1626 ὑπόδειγμα.

248 1640 374 1668 Christus
390 1641 504 1675 remisit,
515 1641 542 1669 in
552 1642 709 1669 memoriam
724 1649 830 1668 revoca.
844 1642 943 1669 Nolite
967 1642 1094 1668 acerbum
1113 1639 1226 1666 minoris
1256 1638 1338 1666 debiti
1373 1643 1528 1666 exactorem
1545 1639 1676 1673 prazhere,
1696 1644 1724 1666 et
1756 1639 1863 1674 quidem

251 1688 400 1721 conservis,
418 1685 537 1716 cuintibi
557 1697 572 1715 a
587 1689 700 1716 Domino
714 1688 799 1722 major
814 1696 917 1716 summa
948 1689 1096 1716 comlouata
1128 1686 1174 1718 sit,
1205 1692 1239 1712 ne
1268 1685 1443 1712 humanitatis
1460 1692 1568 1720 quoque
1581 1685 1661 1718 illius,
1680 1693 1761 1720 quam
1774 1686 1821 1713 tibi
1836 1686 1863 1713 in

248 1732 398 1767 exemplum
423 1734 588 1768 propositam
610 1733 816 1768 haudquaquam
836 1734 956 1761 imitatus
974 1741 1020 1764 es,
1041 1738 1128 1766 poenae
1144 1737 1158 1757 a
1173 1735 1198 1758 te
1211 1735 1385 1764 expetantur.

282 1778 388 1806 XXXII.
409 1778 455 1806 Sic
467 1783 492 1805 te
512 1786 649 1814 compara,
672 1784 701 1806 ut
716 1779 852 1806 lavacrum
871 1787 924 1807 non
947 1780 1027 1806 modo

247 1831 359 1859 corpus,
375 1824 422 1851 sed
442 1823 584 1858 imaginem
610 1829 718 1857 quoque
737 1823 846 1850 abluat:
875 1831 927 1850 non
949 1822 1028 1850 modo

249 1874 356 1904 peccata
367 1868 449 1901 eluat,
464 1869 512 1895 sed
527 1875 616 1895 mores
632 1868 714 1894 etiam
723 1867 864 1895 emendet:
881 1874 933 1894 non
950 1867 1028 1894 modo

250 1914 375 1948 pristinas
386 1914 446 1941 vitae
459 1914 553 1941 sordes
568 1913 714 1948 abstergat.
731 1920 825 1940 verum
846 1912 948 1940 fontem
961 1920 1027 1946 quo-

249 1967 303 1995 que
329 1960 416 1995 ipsum
434 1964 589 1994 expurget:
619 1967 672 1986 non
696 1959 747 1986 hoc
769 1959 849 1994 717
877 1964 980 1986 tantum
1003 1959 1029 1986 in

249 2007 340 2034 animo
351 2007 398 2034 tibi
412 2006 556 2041 insculpat,
566 2011 596 2033 ut
611 2006 679 2033 bona
697 2005 810 2033 honeste
826 2005 951 2039 acquiras
963 2012 970 2038 ;
983 2004 1029 2031 sed

250 2058 279 2080 ut
294 2053 376 2081 etiam
395 2053 464 2080 bene
478 2056 554 2087 parta
569 2052 687 2084 amittas,
708 2056 764 2084 aut,
778 2051 849 2085 quod
866 2050 1028 2077 levissimum

249 2103 301 2131 est,
314 2099 385 2127 male
402 2103 480 2134 parta
494 2098 625 2133 deponas.
642 2098 710 2131 Quid
727 2099 800 2124 enim
820 2097 866 2124 tibi
881 2096 1028 2132 profuerit,

249 2144 287 2171 ita
301 2143 403 2178 peccati
419 2144 525 2171 veniam
547 2143 723 2178 impetrasse,
741 2147 770 2169 ut
790 2147 878 2168 tamen
893 2140 918 2168 ci
929 2160 936 2172 ,
950 2148 1029 2174 quem

249 2190 365 2222 laeseris,
392 2190 519 2217 damnum
544 2197 596 2217 non
621 2189 771 2220 sarciatur;
798 2195 859 2215 cum
882 2193 909 2214 tu
931 2187 1029 2222 duplici

250 2237 351 2264 scelere
365 2236 528 2264 constrictus
543 2235 674 2267 tenearis,
690 2235 785 2266 altero,
805 2234 866 2268 quia
891 2233 1031 2261 sceleratis

251 2282 355 2310 artibus
373 2281 514 2309 facultates
529 2272 594 2308 tuas.
613 2280 731 2313 auxisti,
747 2280 831 2307 altero
843 2279 923 2314 ,quia
943 2284 1032 2313 partas

1116 1777 1178 1805 AB'.
1195 1775 1317 1802 Γενέσθω
1331 1784 1371 1802 σοι
1382 1775 1412 1802 τὸ
1423 1775 1543 1811 λουτρὸν,
1559 1776 1600 1812 μὴ
1613 1777 1659 1804 τοῦ
1674 1776 1802 1813 σώματος
1816 1778 1864 1814 μό.

1078 1831 1123 1849 νον
1135 1822 1201 1858 (57),
1219 1821 1288 1849 ἀλλὰ
1300 1822 1347 1848 καὶ
1362 1821 1412 1857 τῆς
1431 1822 1544 1853 εἰκόνος·
1566 1822 1603 1858 μὴ
1620 1822 1672 1849 τῶν
1699 1824 1863 1859 ἁμαρτημά-

1081 1877 1134 1895 των
1150 1868 1280 1898 ἐκπλυσις
1296 1868 1351 1902 (58)
1372 1868 1460 1903 μόνον,
1475 1868 1541 1894 ἀλλὰ
1555 1868 1602 1895 καὶ
1618 1868 1665 1895 τοῦ
1680 1870 1783 1904 τρόπου
1794 1870 1865 1906 διόρ-

1079 1914 1171 1946 θωσιςο
1188 1913 1225 1949 μὴ
1241 1913 1286 1939 τὸν
1295 1912 1464 1948 προλαϐόντα
1479 1913 1533 1947 (59)
1550 1913 1677 1948 βόρϐορον
1690 1913 1865 1946 ἁποκλυζέτω

1081 1961 1170 1996 μόνον,
1185 1959 1253 1986 ἀλλὰ
1263 1959 1310 1985 καὶ
1325 1958 1374 1994 τὴν
1391 1958 1482 1994 πηγὴν
1501 1959 1665 1994 καθαιρέτω’
1681 1959 1718 1994 μὴ
1732 1960 1762 1986 τὸ
1777 1960 1864 1992 καλῶς

1079 2007 1191 2034 κτᾶσθαι
1202 2005 1327 2033 τυπούτω
1344 2006 1433 2041 μόνον,
1442 2005 1509 2033 ἀλλὰ
1527 2006 1574 2033 καὶ
1591 2006 1621 2033 τὸ
1633 2006 1722 2039 καλῶς
1744 2008 1865 2034 ἀποκτᾶο

1078 2053 1148 2083 σθαι.
1161 2053 1189 2088 ἢ,
1202 2053 1232 2079 τό
1239 2061 1270 2086 γε
1281 2052 1455 2086 κουφότατον,
1468 2052 1499 2079 τὸ
1514 2052 1608 2084 κακῶς
1626 2053 1724 2089 κτηθὲν
1739 2053 1864 2081 ἀποτιθε-

1079 2098 1150 2126 σθαι.
1163 2099 1196 2124 Τί
1208 2098 1260 2134 γὰρ
1271 2098 1365 2132 ὄφελος
1376 2099 1417 2125 σοὶ
1433 2098 1482 2133 μὲν
1494 2099 1702 2135 συγχωρηθῆναι
1712 2099 1761 2135 τὴν
1776 2100 1864 2135 ἅμαρ-

1081 2145 1151 2175 τίαν,
1163 2145 1202 2179 τῷ
1219 2144 1247 2171 δὲ
1265 2145 1421 2180 ἠδικημένῳ
1434 2145 1471 2181 μὴ
1485 2144 1597 2180 λυθῆναι
1610 2145 1660 2182 τὴν
1668 2145 1743 2181 παρὰ
1754 2146 1801 2172 σοῦ
1818 2146 1865 2181 ζη-

1085 2191 1158 2226 μίαν·
1176 2191 1222 2218 δύο
1247 2199 1288 2218 σοι
1316 2191 1408 2218 κακῶν
1421 2191 1515 2223 ὄντων,
1529 2191 1576 2218 τοῦ
1601 2200 1631 2218 τε
1644 2192 1797 2226 κτήσασθαι
1827 2192 1864 2226 μὴ

1083 2236 1203 2267 δικαίως,
1221 2236 1267 2262 καὶ
1282 2235 1328 2262 τοῦ
1342 2235 1372 2262 τὸ
1386 2235 1484 2271 κτηθὲν
1494 2235 1548 2270 (60)
1562 2235 1722 2271 κατέχεσθαι
1732 2235 1801 2267 ;Τοῦ
1817 2237 1864 2271 μὲν

1084 2280 1180 2315 ἄφεσιν
1196 2280 1301 2312 ἒλαὸες,
1320 2280 1351 2307 τὸ
1364 2280 1392 2306 δὲ
1415 2281 1532 2317 σήμερον
1549 2281 1659 2312 ἀδικεῖς.
1675 2281 1797 2317 Σήμερον
1812 2281 1864 2316 γάρ

285 2344 310 2378 δ’
321 2360 386 2388 Luc.
406 2367 461 2392 xvr,
483 2359 518 2386 20
531 2367 592 2394 sqq.
642 2359 664 2374 ³³
679 2358 744 2385 Luc.
759 2366 817 2390 nx,
845 2358 863 2384 2
887 2365 946 2392 sqq.
986 2357 1008 2373 ³⁵
1024 2358 1075 2385 lsa.
1087 2365 1161 2390 Lvm,
1175 2359 1202 2386 7.
1240 2358 1262 2374 ³⁵
1275 2357 1362 2386 Galal.
1375 2366 1416 2390 ιιι,
1428 2358 1473 2385 27.
1511 2359 1534 2374 ³⁸
1547 2358 1641 2385 Matth.
1653 2358 1783 2391 XVIII,26.

285 2451 343 2486 (47)
354 2451 501 2478 Γενέσθω.
519 2451 602 2486 Regg.
618 2450 662 2477 bm
674 2456 701 2486 et
711 2451 756 2483 ph,
769 2449 895 2486 γινέσθω.

285 2484 343 2521 (48)
358 2487 469 2513 Πόσον.
499 2484 580 2513 Coisl.
600 2487 625 2518 1,
660 2485 761 2513 πόσων.
791 2485 850 2511 Mox
869 2484 960 2515 etiam,
981 2484 1030 2510 πό-

204 2519 211 2525 “
252 2519 316 2547 σων.
369 2527 371 2530 ‘

286 2555 341 2590 (49)
362 2556 425 2589 Τοῖς
446 2555 584 2590 Χριστοῦ.
603 2555 648 2590 Sic
670 2553 908 2590 quinqueiﬂegg.)
927 2558 978 2590 etc.
1003 2553 1029 2580 lu

251 2587 371 2633 εμὲ,τοῦ
387 2587 516 2626 Χριστοῦ.
537 2590 609 2623 Mox,
631 2587 715 2623 ξένος.
727 2587 772 2618 Sic
785 2589 868 2617 Coisl.
888 2588 914 2615 2.
935 2587 1030 2621 lned.,

251 2625 412 2695 εἱὲὄῇέν
427 2661 489 2693 τοῖς
502 2661 596 2693 ἰδίοις.
611 2671 621 2687 ι
648 2661 674 2687 lu
696 2660 821 2695 propriis.
843 2669 853 2685 ι
873 2658 918 2686 Sic
933 2657 1032 2693 Vulga-

252 2699 289 2722 ta.
303 2695 405 2727 Billins,
418 2705 428 2721 ι
445 2697 470 2722 in
481 2697 537 2723 suis
550 2696 711 2730 regionibus.
725 2705 733 2721 ι

288 2730 344 2764 (ΞΗ)
362 2730 426 2757 Τοῦ.
443 2731 521 2757 Deest
535 2731 562 2757 in
577 2732 694 2765 quinque
710 2731 792 2765 liegg.

289 2765 345 2800 (52)
361 2766 468 2800 Μέγας.
480 2765 526 2793 Sic
542 2766 631 2800 plures
649 2766 755 2799 optima:
768 2771 836 2794 uota:
849 2765 925 2794 cedd.
941 2767 967 2795 In
975 2767 1029 2798 θύη

276 2800 344 2902 e33;
363 2835 495 2868 Ὑγίειαν.
506 2834 570 2870 Reg.
585 2835 640 2868 bm,
657 2835 758 2869 ὑγείαν.

290 2869 333 2902 (54
361 2869 406 2896 Δέ.
429 2870 506 2897 Deest
523 2870 547 2896 in
566 2870 650 2898 tr‘bus
670 2870 751 2902 liegg.

290 2869 344 2903 (54)
361 2869 406 2896 Δέ.
429 2870 506 2897 Deest
523 2869 650 2898 illitr‘bus
670 2870 751 2904 liegg.

1118 2449 1174 2482 (55)
1193 2449 1257 2484 Καί.
1271 2447 1338 2484 Reg.
1353 2448 1407 2479 bm,
1421 2449 1449 2484 ἡ.
1463 2448 1529 2483 Reg.
1546 2449 1591 2481 ph,
1604 2449 1620 2483 ἢ
1634 2449 1689 2476 καί.

1119 2484 1174 2517 (56)
1189 2483 1296 2509 Πλέσν.
1313 2483 1395 2517 Regg.
1411 2484 1437 2515 b,
1452 2492 1476 2515 c,
1493 2485 1520 2516 d,
1534 2484 1634 2510 πλεῖον.

1120 2518 1175 2552 (57)
1189 2519 1298 2545 Μόνον.
1319 2518 1389 2553 Tres?
1408 2518 1505 2553 liegg.,
1526 2518 1608 2546 Coisl.
1629 2519 1639 2545 1
1664 2523 1690 2545 et
1708 2518 1803 2545 Comb.
1820 2519 1864 2545 ad-

1086 2553 1163 2594 dunt,
1178 2553 1318 2594 ξκπλυσις.
1335 2561 1344 2578 ι
1369 2552 1425 2593 Non
1444 2552 1565 2594 corporis
1584 2558 1686 2580 tantum
1701 2554 1803 2581 ahlutio
1819 2554 1863 2586 sit,

1085 2589 1130 2616 sed
1143 2589 1248 2620 animae,
1265 2597 1274 2613 ι
1294 2589 1374 2622 δῖνοι
1389 2587 1521 2622 imaginis.
1537 2597 1545 2613 ι

1123 2623 1178 2666 (.582
1195 2621 1586 2666 Ἀμίερτημάτφνέξὶπλυετίς-
1597 2622 1862 2666 mittes-360‘?!-

1086 2660 1100 2686 l
1118 2657 1144 2686 et
1156 2657 1289 2690 Coiubef.,
1307 2658 1512 2692 ἁμαρτημάτων
1526 2657 1612 2689 λύσις,
1628 2666 1638 2683 ‹
1655 2658 1814 2685 delictorum
1825 2665 1862 2684 so-

1084 2695 1159 2721 lutio.
1173 2702 1182 2718 ›

1120 2728 1176 2764 (59)
1192 2727 1403 2764 Προλᾳόξόνταζ
1414 2727 1533 2764 Quatuor
1558 2727 1654 2764 μεμε..
1684 2735 1778 2754 novem
1801 2727 1862 2764 Col-

1084 2761 1166 2794 bert.,
1182 2763 1234 2789 duo
1245 2762 1326 2789 Coisl.
1341 2767 1367 2789 et
1386 2761 1433 2789 0r.
1447 2762 1472 2794 l,
1490 2761 1663 2797 προελθόντα,
1681 2771 1690 2787 ι
1713 2763 1861 2797 ριίιιθιίιιιε

1086 2800 1188 2826 sordes.
1202 2807 1211 2822 ι

1122 2832 1178 2868 (60)
1196 2831 1231 2858 Τὸ
1245 2832 1364 2868 κτηθέν.
1375 2831 1422 2868 Sic
1433 2831 1552 2868 plerique
1567 2832 1643 2860 codd.
1663 2831 1690 2859 In
1705 2831 1864 2866 quibusdam

1087 2866 1186 2901 tamen,
1204 2867 1270 2896 etin
1285 2867 1340 2900 ed.,
1354 2866 1387 2894 τὰ
1401 2866 1542 2904 κτηθέντα..
