2013 3134
147 187 200 215 ωδ

614 187 744 216 ORATIO
761 187 817 214 XL.
838 204 871 208 —
889 189 922 216 IN
943 189 1108 218 SANCTUM
1127 188 1306 217 BAPTISMA.

1725 190 1776 218 666

147 245 205 270 ἐστι
222 243 298 279 παρὰ
331 243 372 270 σοὶ
388 243 417 270 τὸ
449 244 599 280 ἀλλότριον·
630 245 677 272 καὶ
697 245 748 271 οὐκ
761 245 879 281 ἀνῃρέθη
910 246 939 272 τὸ

992 254 1057 281 opes
1074 246 1174 274 retines
1185 245 1196 272 ‘I
1207 245 1256 277 Ita,
1272 244 1396 279 quamvis
1409 244 1454 272 illa
1471 245 1518 273 tibi
1535 253 1604 273 noxa
1624 247 1777 277 condonata

146 289 362 324 ἀμάρτημα,τῷ
371 290 460 325 χρόνῳ
475 290 505 316 δὲ
529 290 652 326 διεκόπη.
678 290 715 316 Τὸ
743 290 793 325 μὲν
822 291 876 327 πρὸ
890 291 938 318 τοῦ

147 334 339 370 βαπτίσματος
354 334 499 370 τολμηθὲν,
511 334 542 361 τὸ
560 335 588 362 δὲ
605 335 684 370 μένον
704 335 773 370 μετά
793 335 823 362 τὸ
842 335 938 370 βάπτι-

147 389 216 415 σμα·
232 381 287 408 τῶν
297 381 352 416 γὰρ
367 381 580 416 ἡμαρτημένων,
597 382 628 408 οὺ
643 381 696 408 τῶν
710 382 939 418 ἁμαρτανομένων

146 428 178 454 τὸ
197 427 310 462 λουτρὸν
323 427 379 462 ἔχει
394 427 577 463 συγχώρησιν.
603 428 649 454 Δεῖ
669 428 697 454 δὲ
722 428 759 464 μὴ
779 428 939 463 σοφισθῆναι

147 474 193 500 τὸν
208 473 361 509 καθαρμὸν,
375 473 432 500 ἀλλ’
450 474 663 510 ἑνσημανθῆναι·
682 473 892 510 λαμπρυνθῆναί
910 483 939 500 σε

147 519 268 550 τελείως,
281 518 349 546 ἀλλὰ
365 519 402 554 μὴ
415 518 581 555 χρωσοῆναι·
601 519 669 554 μηδὲ
692 519 855 554 ὲπικάλυψιν
885 519 939 546 τῶν

148 564 302 600 ἁμαρτιῶν,
321 565 378 592 ἀλλ’
391 565 551 601 ἀπαλλαγὴν
563 565 636 600 ἔχειν
646 565 676 591 τὸ
690 565 823 601 χάρισμα.
841 565 941 593 Μακά-

144 620 217 646 ριοι,
230 608 274 638 ὧν
286 610 444 646 ἀφέθησαν
464 613 493 638 αὶ
511 611 642 646 ἀνομίαι·
657 611 738 638 τοῦτο
761 611 812 646 τῆς
841 620 943 639 παντε-

147 657 212 689 λοῦς
229 658 388 693 καθάρσεως
400 666 406 672 ·
421 657 469 684 καὶ
480 655 524 684 ὧν
536 657 790 691 ἐπεωλύφθησαν
803 659 834 684 al
854 657 943 692 ἀμαρ-

146 704 218 731 τίαι·
231 703 310 731 τοῦτο
323 704 380 730 τῶν
394 703 470 731 οὔπω
482 704 513 730 τὸ
525 704 604 739 βάθος
618 704 687 739 καθη
693 704 826 739 ραμένων.
841 702 943 730 Μακά-

145 759 211 785 ριος
221 750 311 784 ἀνὴρ,
322 747 346 784 ᾧ
363 752 399 777 οὐ
421 750 465 785 μὴ
486 750 645 784 λογίσηται
667 750 773 784 Κύριος
785 749 942 784 ἁμαρτίαιμ

146 796 228 831 τρίτη
242 796 361 831 τιςαῦτη
381 795 457 829 τάξις
474 795 528 822 τῶν
541 795 786 831 ἁμαρτανομένων·
809 791 874 829 ὦνή
891 795 940 830 μὲν

148 840 249 876 πρᾶξις
269 840 319 866 οὐκ
336 840 392 875 (61)
411 839 549 875 ἐπαινετὴ,
567 840 598 866 τὸ
619 839 649 866 δὲ
664 839 715 875 τῆς
734 838 848 874 γνώμης
864 838 944 865 ἀνεύ-

147 888 237 914 θυνον.

993 294 1038 325 sil,
1053 293 1104 319 hac
1121 296 1210 318 tamen
1223 291 1355 318 hodierno
1367 290 1409 318 die
1422 291 1511 318 adhuc
1522 292 1678 326 implicaris.
1692 293 1780 322 limite

991 338 1062 365 enim
1080 337 1149 371 apud
1165 341 1191 364 te
1214 335 1302 363 aliena
1322 343 1366 363 res
1380 340 1437 369 est;
1455 336 1569 371 ideoque
1584 338 1693 366 minime
1711 339 1777 367 sub-

992 383 1076 409 latum
1101 385 1128 409 et
1157 381 1321 408 exstinctum
1347 386 1388 409 est
1414 389 1565 416 peccatum,
1588 384 1634 410 sed
1656 389 1777 418 tempore

987 428 1075 455 solum
1103 427 1274 454 intercisum.
1299 426 1367 453 Illud
1395 427 1502 462 quidem
1527 433 1590 455 ante
1614 429 1776 464 baptismum

987 477 1171 508 perpetratum
1186 477 1238 505 est,
1256 473 1326 500 istud
1341 480 1405 500 vero
1417 477 1478 508 post
1498 474 1659 507 baptismum
1675 482 1776 504 manet.

987 519 1136 546 Lavacrum
1167 518 1239 546 enim
1262 519 1443 546 admissorum
1470 524 1644 554 peccatomm
1668 521 1777 549 veniam

989 565 1087 599 habet,
1108 572 1160 592 non
1180 573 1286 598 eorum,
1311 572 1372 600 qua:
1397 566 1588 594 admittuntur.
1613 566 1698 594 Porro
1723 575 1777 595 non

990 611 1104 638 l'ucanda
1121 616 1163 639 est
1175 611 1317 646 purgatio,
1332 612 1379 639 sed
1397 612 1592 647 imprimenda;
1610 613 1711 648 tibique
1727 614 1778 641 hoc

991 657 1137 691 agendum,
1152 661 1181 684 ut
1197 656 1275 692 plene
1296 665 1328 684 ac
1347 657 1466 692 perfecte
1482 657 1664 693 splendescas,
1683 667 1734 686 non
1748 664 1778 686 ut

991 701 1088 728 levitcr
1101 706 1182 736 atque
1197 702 1223 728 in
1242 701 1412 736 superﬁciem
1429 702 1560 736 illiuaris;
1579 707 1608 730 ut
1622 705 1709 739 gratia
1724 712 1778 732 non

991 751 1103 781 peccata
1122 751 1227 774 tantum
1242 748 1374 780 obducat,
1390 747 1437 775 sed
1454 747 1488 775 ab
1499 748 1532 775 iis
1544 749 1654 777 omnino
1672 753 1698 777 te
1715 750 1776 778 vin-

991 792 1071 819 dicet.
1087 792 1182 825 Beati,
1199 801 1312 828 quorum
1329 795 1445 821 remissa:
1466 799 1526 821 sunt
1545 795 1693 829 iniquitates
1704 805 1713 823 :
1726 797 1778 824 hoc

991 838 1077 872 plenae
1093 843 1120 866 et
1136 839 1280 866 cumulatae
1298 841 1465 875 purgationis
1482 845 1537 874 est;
1552 846 1576 868 et
1587 850 1695 877 quorum
1710 848 1777 870 tecta

991 889 1051 911 sunt
1072 890 1177 920 peccata
1192 885 1232 912 ³⁷ι
1249 886 1301 914 hoc
1318 886 1351 914 iis
1373 887 1514 922 congruit,
1537 895 1651 923 quorum
1674 889 1778 916 intima:

148 935 235 962 animi
247 939 339 970 partes
350 934 468 962 nondum
484 938 604 969 purgatae
623 938 697 960 sunt.
715 933 814 960 Beatus
826 932 877 965 vir,
893 931 934 959 cui
954 939 1006 958 non
1036 933 1173 967 ἱηιριιιαυὶι
1205 933 1332 961 Dominus
1344 939 1478 968 peccatum
1491 935 1514 951 ³⁸
1529 943 1538 963 :
1559 936 1638 963 tertia
1654 937 1777 970 quaedam

149 984 210 1011 haec
235 988 278 1010 est
293 983 464 1016 peccantium
479 982 593 1015 classis;
617 989 735 1016 quorum
757 980 877 1012 scilicet,
894 980 1000 1007 tametsi
1013 980 1083 1007 actio
1096 981 1207 1008 minime
1234 980 1377 1008 laudabilis
1405 986 1460 1014 est,
1489 988 1566 1010 mens
1580 986 1669 1010 tamen
1697 983 1777 1019 culpa

147 1035 177 1057 et
189 1029 306 1057 crimine
319 1033 408 1056 vacat.

184 1077 245 1103 AI".
267 1076 299 1102 Τί
310 1073 357 1103 οὖν
371 1084 453 1110 φημι,
466 1074 564 1106 καὶτίς
577 1075 591 1101 ὁ
604 1074 671 1110 ὲμὺς
682 1074 761 1108 λόγος
772 1081 779 1106 ;
793 1073 856 1109 χθὲς
870 1070 939 1108 ἦσθα

1029 1069 1150 1098 XXXIII.
1174 1070 1243 1103 Quid
1266 1070 1348 1105 igitur
1358 1070 1438 1104 dico,
1464 1076 1492 1100 et
1517 1079 1570 1107 quo
1595 1080 1654 1100 mea
1675 1077 1778 1107 spectat

147 1122 291 1149 Χαναναία
312 1121 401 1157 ψυχὴ,
417 1121 465 1147 καὶ
476 1120 521 1148 διὰ
541 1120 591 1155 τῆς
608 1120 664 1155 (62)
678 1119 816 1156 ἁμαρτίας
837 1118 937 1153 συγκύ-

147 1173 264 1194 πτουσα·
287 1169 407 1201 σήμερον
433 1164 600 1201 ἀνωρθώθης
622 1164 676 1191 ὑπὸ
700 1164 748 1190 τοῦ
769 1163 867 1198 Λόγου.
892 1162 937 1197 Μὴ

149 1213 292 1249 συγκύῴῃς
314 1211 411 1244 πάλιν,
425 1211 473 1237 καὶ
498 1211 537 1243 εἰς
558 1210 611 1245 γῆν
636 1209 732 1246 κλιθῇς
755 1209 826 1245 (65),
845 1209 939 1243 ὥσπερ

148 1259 256 1293 κύφωνι
273 1258 328 1293 (64)
347 1257 423 1292 παρὰ
437 1257 485 1284 τοῦ
505 1255 624 1292 πονηροῦ
638 1255 801 1292 βαρηθεϊσα,
818 1255 864 1281 καὶ
878 1254 940 1280 δυσ-

147 1305 302 1339 ανὰκλητον
319 1303 383 1339 ἔχῃς
402 1302 458 1338 (65)
476 1302 525 1338 τὴν
542 1301 734 1337 ταπεινότητα-
747 1300 817 1332 Χθὲς
828 1298 940 1335 ἐξηραί·

148 1360 195 1378 νου
211 1350 346 1377 θάλλουσα
360 1350 392 1385 τῇ
406 1348 554 1384 αἱμορῤοίᾳ
566 1348 722 1383 (ἐπήγαζες
735 1347 789 1382 γὰρ
798 1346 848 1381 τὴν
859 1353 940 1381 φοινι-

149 1396 201 1431 κὴν
219 1395 276 1431 (66)
297 1394 462 1430 ἁμαρτίαν)·
482 1394 602 1428 σήμερον
621 1391 756 1427 ἁνέθηλας
769 1390 826 1426 (b7)
839 1390 938 1426 ξηραν-

148 1442 240 1469 θεῖσα.
258 1441 339 1475 Ἦψω
355 1439 409 1475 γὰρ
426 1439 480 1465 τῶν
496 1438 616 1474 Χριστοῦ
636 1437 812 1474 κρασπέδων,
829 1436 877 1463 καὶ
891 1436 940 1472 τὴν

151 1488 230 1522 ῥύσιν
244 1487 372 1522 ἔστησας.
388 1485 512 1513 Φύλασσέ
528 1493 573 1520 μοι
585 1485 634 1520 τὴν
645 1484 796 1519 κάθαρσιν,
811 1483 848 1518 μὴ
859 1483 940 1510 πάλιν

149 1534 350 1569 αἱμορροήσῃς,
362 1532 409 1559 καὶ
418 1532 467 1558 οὐκ
482 1530 595 1567 ίσχύσῃς
604 1530 660 1566 (68)
670 1528 800 1557 λαϐέσθαι
809 1527 938 1564 Χριστοῦ,

151 1580 196 1606 ἵνα
221 1579 323 1616 κλέψῃς
341 1579 391 1614 τὴν
416 1577 563 1614 σωτηρίαν.
585 1577 623 1603 Οὐ
642 1576 697 1611 γὰρ
719 1575 849 1606 πολλάκις
869 1574 941 1610 φιλεῖ

151 1624 269 1659 Χριστὸς
284 1623 483 1658 κλεπτόμενος,
493 1623 541 1649 καὶ
553 1623 578 1648 εί
593 1621 652 1648 λίαν
666 1621 726 1648 ἐστὶ
739 1619 939 1655 φιλάνθρωπος.

150 1671 223 1701 Χθὲς
241 1670 288 1696 ἐπὶ
304 1669 399 1704 κλίνης
415 1668 511 1703 έρῤιψο
527 1666 695 1703 παρειμένος
712 1666 759 1692 καὶ
778 1665 940 1700 λελυμένος,

149 1717 199 1744 καὶ
223 1717 274 1744 οὐκ
298 1715 369 1752 εἶχες
409 1716 568 1751 ἄνθρωπον,
592 1715 651 1747 ἵνα,
671 1714 734 1741 ὅταν
761 1713 884 1749 ταραχθῇ
911 1711 941 1739 τὺ

149 1763 239 1798 ὕδωρ,
254 1749 340 1798 βάλλῇ
354 1761 409 1796 (69)
429 1749 515 1792 σεέἰς
533 1760 583 1796 τὴν
600 1757 802 1795 κολυμϐήθραν·
820 1759 938 1793 σήμερον
954 1749 975 1778 c

150 1806 233 1845 εὗρες
255 1808 414 1844 ἄνθρωπον,
434 1807 480 1834 τὸν
500 1807 580 1834 αὐτὸν
601 1807 649 1833 καὶ
666 1805 750 1838 Θεὸν,
779 1805 877 1840 μᾶλλον
896 1804 937 1835 δὲ,

149 1855 218 1881 Θεὸν
233 1854 281 1881 καὶ
298 1854 441 1889 ἄνθρωπον
458 1853 526 1888 (70).
546 1852 653 1888 Ἦρθης
669 1851 724 1879 ἀπὸ
745 1850 793 1878 τοῦ
816 1850 939 1885 κραὸϐἁ-

149 1909 198 1927 ’του
214 1900 288 1935 (71),
307 1900 407 1935 μᾶλλον
421 1899 448 1926 δὲ
463 1897 534 1935 ἦρας
550 1899 596 1925 τὸν
611 1897 781 1934 κράδϐατον,
799 1897 846 1923 καὶ
861 1897 940 1931 ἐστη-

152 1946 279 1978 δετευσας
294 1947 344 1982 τὴν
365 1945 542 1982 εὐεργεσίαν·
560 1945 596 1980 μὴ
614 1944 695 1971 πάλιν
717 1944 763 1970 ἐπὶ
784 1942 939 1979 κραϐϐάτου

152 1994 235 2029 (treﬁt;
249 1992 412 2029 ἁμαρτήσας
423 2012 430 2024 ,
443 1992 494 2027 τῆς
507 1991 594 2025 κακῆς
610 1989 666 2023 (72)
679 1989 726 2016 τοῦ
741 1988 865 2024 σώματος
878 1989 940 2015 ἀνα-

151 2037 280 2069 παύσεως
293 2036 459 2072 παρειμένου
471 2037 531 2067 ταῖς
541 2035 646 2070 ἡδοναῖς
655 2043 662 2049 ·
672 2034 728 2060 ἀλλ’
741 2034 778 2065 ὡς
787 2033 862 2068 ἔχεις
871 2032 938 2067 (73),

110 2086 113 2118 (
153 2082 244 2117 βάδιζε
262 2082 435 2118 μεμνημένος
450 2082 500 2116 τῆς
517 2081 626 2116 ἐντολῆς
639 2089 646 2096 ·
669 2079 741 2107 Ἰδοὺ
753 2078 841 2113 ὑγιὴς
855 2077 938 2113 γέγο-

151 2137 224 2162 rat,"
243 2129 350 2164 μηκέτι
365 2128 529 2163 ἁμάρτανε,
545 2127 596 2154 ἵνα
609 2126 652 2161 μὴ
670 2125 769 2161 χεῖρόν
784 2125 812 2151 τι
828 2132 877 2151 σοι
891 2123 939 2158 γέ-

151 2183 252 2208 νηται,
275 2174 352 2209 κακῷ
375 2173 485 2208 φανέντι
508 2173 577 2208 μετὰ
596 2173 647 2207 τὴν
668 2169 932 2203 εὐποιίαν.Λὰζαρε,

120 2222 124 2242 1
151 2221 240 2255 δεῦρο
259 2220 332 2253 ἕξω,
351 2221 470 2256 ἤκουσας
487 2219 535 2254 τῆς
559 2218 680 2254 μεγάλης
699 2216 790 2251 φωνῆς
812 2217 841 2242 ὲν
862 2215 939 2250 τάφῳ

152 2265 292 2301 κείμενος(
301 2266 326 2292 τί
339 2266 392 2300 γὰρ
403 2265 451 2291 τοῦ
466 2264 554 2298 Λόγου
585 2260 872 2299 μεγαλοφωνότερονς)
893 2260 940 2287 καὶ

151 2312 298 2347 προῆλοες,
315 2311 346 2338 οὐ
360 2311 549 2347 τετραήμερος
558 2309 665 2346 νεκρὸς,
677 2307 746 2335 ἀλλὰ
756 2307 938 2342 πολυήμερος,

150 2358 190 2392 τῷ
205 2357 348 2394 τριημέρῳ
361 2357 543 2388 συναναστὰς,
558 2355 605 2382 καὶ
619 2354 672 2381 τῶν
686 2353 820 2387 ὲνταφίων
832 2351 939 2386 δεσμῶν

151 2402 291 2439 ὲξελύθης.
311 2402 358 2438 Μὴ
376 2401 517 2437 νεκρωθῇς
537 2400 633 2432 πάλιν,
650 2399 696 2426 καὶ
715 2398 783 2434 γένῃ
801 2396 868 2431 μετὰ
884 2396 937 2423 τῶν

188 2476 210 2492 ³⁷
224 2475 294 2503 Psal.
312 2483 388 2506 aut,
410 2475 433 2501 I.
470 2474 492 2490 ³⁸
506 2474 569 2501 ibid.
589 2473 617 2500 2.
656 2472 688 2488 ⁸⁸⁸
706 2470 799 2498 Matth.
821 2477 865 2502 xv,
883 2469 928 2495 22.
968 2469 989 2485 "
1006 2470 1071 2500 Luc.
1087 2481 1146 2506 xm,
1161 2475 1202 2502 II.

152 2512 176 2527 ⁸⁸
191 2511 256 2538 ibid.
273 2510 316 2537 Η.
356 2510 379 2526 ⁸³
393 2510 472 2538 Joan.
491 2517 530 2542 ιι,
543 2509 578 2536 45

188 2565 244 2599 (61)
261 2567 332 2592 Οὐκ.
354 2565 399 2592 Sic
415 2565 533 2600 quinque
552 2564 635 2599 Regg.
654 2564 682 2591 lu
699 2565 753 2596 ει1.,
766 2563 835 2590 οὐδέ.

187 2601 242 2634 (62)
260 2601 312 2627 Διά
327 2599 495 2637 [ἦα]ξοὶδῇ
505 2600 531 2631 1,
542 2600 586 2626 διὰ
599 2600 669 2637 τᾲς.-
897 2631 904 2637 ἢ

189 2631 243 2669 (65)
259 2631 383 2669 Κλιθῇξζ
398 2635 444 2662 Sic
455 2635 544 2670 plures
558 2635 636 2662 codd.
661 2634 690 2661 In
706 2633 841 2661 nonnullis
852 2652 859 2664 ,
879 2631 936 2658 κλί-

152 2671 219 2702 οείς.
232 2672 258 2697 In
272 2670 330 2702 ed.,
347 2670 454 2705 κριθῇς.

188 2705 243 2742 (ti-1)
257 2702 388 2742 Κύρωνὶ.
414 2702 530 2742 Schoh:
554 2704 735 2742 Δεσμωτηρίῳ
760 2702 935 2742 κυρτῴματις

155 2750 166 2765 ε
183 2737 372 2767 Carceralibus
391 2740 525 2767 numellis.
545 2750 554 2765 ι
579 2737 728 2773 Hesychius
747 2744 775 2766 et
797 2737 893 2766 Suidas
911 2737 938 2773 id

154 2776 305 2809 intelligunt
322 2777 353 2801 ule
368 2784 378 2810 μ
391 2775 479 2810 ligneo
489 2775 592 2807 collari,
609 2784 617 2801 ι
630 2772 728 2810 δεσμὸς
742 2772 939 2810 ξύλινοςεγιιιιιιθ

153 2811 263 2842 dicitur,
285 2809 401 2836 δεδέσθω
415 2809 455 2836 ίὲν
479 2810 594 2844 κύφωνι,
615 2820 623 2836 ι
642 2809 777 2838 vinciatur
799 2810 824 2836 iu
851 2809 938 2843 ligneo

152 2845 257 2872 collari.
277 2854 288 2870 ι
307 2845 364 2871 Non
377 2845 459 2876 igitur
470 2850 542 2872 recte
556 2845 659 2875 Dillius.
677 2854 687 2871 ι
702 2844 804 2873 catenis
812 2844 913 2872 ferreis.
925 2851 935 2868 ι

187 2880 245 2915 (65)
264 2881 369 2914 Ἐχῃς.
392 2880 455 2914 Reg.
469 2888 483 2907 c
495 2885 522 2907 et
541 2879 629 2915 OrLI,
642 2880 721 2913 ἔξεις.

187 2916 245 2948 (66)
263 2916 416 2949 Φοινίκην.
435 2915 480 2943 Sic
501 2921 556 2943 tres
581 2914 664 2951 Regg.
689 2922 715 2943 et
740 2919 794 2944 tres
816 2915 891 2944 Colb.
910 2915 936 2942 In

988 1116 1091 1144 oratio?
1107 1115 1168 1142 Ileri
1181 1116 1332 1143 Chananaea
1348 1117 1437 1144 anima
1451 1118 1564 1150 eras'”,
1579 1122 1606 1145 et
1621 1125 1668 1152 per
1679 1125 1778 1151 pecca-

990 1166 1046 1188 tum
1067 1161 1094 1188 in
1113 1167 1214 1188 terram
1239 1161 1368 1188 inclinata
1385 1162 1408 1177 "
1426 1169 1433 1189 :
1455 1162 1534 1190 hodie
1553 1170 1567 1190 a
1582 1163 1670 1190 Verbo
1685 1169 1775 1191 erecta

988 1215 1027 1234 es.
1048 1206 1085 1234 Ne
1107 1214 1201 1233 rursus
1216 1207 1357 1240 curveris,
1376 1215 1425 1240 ac,
1447 1207 1520 1235 velut
1540 1207 1626 1243 ligneo
1651 1208 1743 1237 collari
1761 1217 1777 1237 a

989 1251 1097 1279 diabolo
1113 1253 1257 1285 depressa,
1272 1251 1299 1279 in
1321 1258 1420 1279 terram
1443 1254 1625 1288 propendeas,
1647 1259 1727 1290 atque
1740 1255 1776 1282 ita

989 1296 1125 1330 aﬂiciaris,
1143 1302 1172 1324 ut
1187 1297 1231 1324 vix
1249 1298 1315 1331 erigi
1329 1304 1356 1325 et
1371 1306 1515 1333 assurgere
1530 1307 1624 1334 queas.
1639 1300 1702 1328 Heri
1717 1308 1777 1328 san-

989 1343 1077 1378 guinis
1099 1342 1230 1378 proﬂuvio
1264 1344 1422 1372 tabescebas
1440 1345 1480 1377 ‘°;
1514 1345 1625 1373 rubrum
1650 1346 1722 1373 enim
1751 1351 1778 1374 et

989 1394 1133 1417 cruentum
1153 1395 1292 1424 peccatum
1310 1398 1343 1418 ex
1370 1395 1395 1418 te
1419 1391 1560 1425 manabat;
1579 1392 1660 1419 hodie
1674 1392 1777 1420 siccato

990 1435 1121 1469 proﬂuvio
1150 1436 1184 1463 ad
1204 1436 1346 1470 pristinum
1375 1435 1468 1464 ﬂorem
1500 1438 1614 1465 rediisti;
1641 1438 1775 1465 Contacta

989 1481 1088 1516 quippe
1101 1481 1183 1508 vestis
1197 1481 1296 1509 Christi
1317 1482 1439 1516 ﬁmbria,
1453 1481 1553 1510 ﬂuxum
1574 1484 1775 1518 compressisti.

990 1526 1044 1553 Fac
1065 1527 1251 1562 purgationem
1270 1535 1378 1560 serves.
1400 1537 1434 1556 ne
1449 1529 1548 1564 alioqui
1568 1529 1709 1564 sanguinis
1729 1530 1777 1557 de-

990 1571 1070 1599 ﬂuvio
1082 1579 1174 1599 rursus
1185 1572 1300 1606 labores,
1314 1573 1507 1609 Christumque
1516 1574 1584 1609 jam,
1596 1575 1774 1610 surripienda:

990 1618 1084 1646 salutis
1111 1626 1206 1651 causa,
1234 1621 1404 1654 prehendere
1433 1629 1562 1656 nequeas.
1585 1621 1680 1657 Neque
1703 1622 1775 1649 enim

991 1664 1117 1692 Christus
1128 1666 1226 1699 szepins
1245 1666 1295 1693 sibi
1319 1666 1421 1702 aliquid
1445 1667 1546 1702 surripi
1565 1673 1653 1700 amat,
1669 1667 1777 1695 tametsi

992 1710 1060 1737 mire
1072 1710 1205 1745 benignus
1218 1715 1246 1738 et
1261 1711 1359 1739 facilis.
1372 1711 1434 1740 Heri
1451 1713 1477 1740 in
1491 1712 1559 1741 lecto
1572 1713 1698 1748 jacebas,
1714 1721 1777 1741 eor-

991 1764 1058 1792 pore
1069 1756 1171 1784 fractus
1182 1762 1210 1785 et
1230 1758 1345 1792 solutus,
1360 1767 1410 1787 nec
1425 1760 1564 1788 hominem
1582 1766 1680 1795 praesto
1693 1762 1776 1789 babe-

987 1802 1046 1833 bas.
1059 1802 1116 1837 qui,
1132 1810 1194 1829 cum
1211 1804 1367 1831 turbaretur
1379 1812 1449 1840 aqua
1461 1826 1469 1838 ,
1483 1810 1510 1833 te
1523 1805 1549 1832 in
1564 1806 1695 1841 piscinam
1714 1807 1775 1842 injl-

987 1846 1104 1880 ceret“;
1120 1847 1198 1875 hodie
1215 1848 1297 1884 718
1312 1854 1406 1877 nactus
1420 1857 1450 1878 es
1468 1851 1603 1879 hominem
1617 1872 1625 1884 ,
1638 1852 1776 1879 eumdem-

987 1900 1040 1927 que
1071 1893 1170 1927 Deum,
1185 1894 1228 1921 vel
1248 1900 1277 1922 ut
1293 1896 1395 1923 rectius
1419 1896 1524 1931 loquar,
1544 1897 1626 1924 Deum
1647 1902 1674 1925 et
1690 1897 1777 1925 homi-

988 1946 1060 1966 nem.
1078 1939 1170 1968 Elatus
1187 1948 1217 1967 es
1234 1942 1382 1976 egrabato,
1399 1942 1454 1969 imo
1467 1944 1608 1978 grabatum
1626 1945 1775 1976 exstulisti.

992 1992 1023 2011 ac
1034 1985 1196 2013 beneﬁcium
1210 1992 1361 2022 acceptum,
1376 1988 1450 2015 velut
1467 1989 1493 2016 in
1510 1990 1634 2016 columna
1650 1990 1775 2028 incisum,

991 2032 1117 2059 omnibus
1137 2033 1311 2066 spectandum
1326 2036 1498 2069 proposuisti.
1515 2036 1597 2068 Cave,
1612 2044 1646 2063 ne
1660 2036 1776 2063 admisso

990 2083 1101 2114 peccato
1117 2087 1211 2107 rursus
1226 2081 1252 2108 in
1271 2083 1401 2117 grabato,
1417 2082 1443 2110 id
1462 2087 1521 2116 est,
1541 2083 1568 2110 in
1583 2083 1697 2118 pessima
1714 2090 1775 2110 cor-

992 2124 1065 2158 poris
1080 2125 1260 2160 voluptatibus
1281 2127 1360 2155 l'racti
1377 2128 1467 2162 quiete
1478 2149 1486 2162 ,
1500 2128 1601 2162 jaceas.
1619 2128 1729 2160 Verum,
1748 2133 1774 2156 ut

992 2177 1031 2201 es,
1047 2170 1228 2206 proﬁciscere,
1243 2175 1370 2209 prtecepti
1387 2175 1466 2210 hujus
1478 2183 1599 2202 memor:
1617 2174 1682 2202 Ecce
1696 2183 1776 2202 sanus

991 2215 1078 2249 [actus
1091 2224 1134 2249 es;
1147 2217 1206 2252 jam
1224 2219 1278 2245 noli
1298 2227 1404 2254 peccare
1415 2241 1422 2253 ,
1439 2229 1469 2248 ne
1482 2221 1597 2247 tl'eteriua
1613 2220 1712 2255 aliquid
1729 2220 1776 2247 (ibi

989 2261 1092 2288 accidat
1108 2261 1142 2296 “,
1154 2263 1176 2290 si
1193 2269 1255 2298 post
1270 2271 1409 2300 acceptum
1425 2266 1584 2293 beneﬁcium
1607 2266 1692 2293 malus
1703 2266 1775 2293 inve-

989 2307 1082 2335 niaris.
1097 2308 1218 2344 Magnam
1237 2311 1308 2339 hanc
1326 2320 1434 2343 vocem,
1451 2312 1563 2345 Lazare,
1583 2313 1640 2339 veni
1658 2312 1730 2346 [oras
1741 2311 1775 2343 ⁸³,

989 2352 1015 2379 in
1039 2355 1162 2388 sepulcro
1189 2356 1282 2390 jaceus
1302 2358 1399 2385 audisti
1423 2359 1507 2394 (quid
1527 2359 1599 2386 cuitu
1618 2357 1697 2385 Verbi
1712 2365 1775 2384 voce

988 2402 1158 2432 prmstantius
1169 2402 1191 2437 ?)
1201 2402 1240 2430 Ac
1251 2404 1384 2438 prodiisti,
1398 2411 1450 2432 non
1462 2404 1614 2439 quatriduo,
1628 2403 1674 2431 sed
1686 2402 1775 2430 multis

1241 2476 1264 2492 ⁸⁸
1279 2476 1343 2504 Luc.
1359 2485 1419 2510 vui,
1431 2476 1465 2505 45
1481 2484 1542 2512 sqq.
1580 2476 1601 2492 “
1614 2475 1688 2503 Joan.
1709 2483 1735 2506 v,
1749 2475 1774 2502 7.

951 2559 973 2587 D
987 2559 1042 2591 ed..
1061 2564 1191 2595 φωνικήν.

1026 2596 1081 2664 (67)
1098 2596 1270 2633 Ἀνέθηλας.
1287 2600 1348 2627 Bas.
1365 2601 1419 2632 θα..
1435 2601 1589 2631 ἀνέθαλλες.

1037 2631 1082 2664 68)
1103 2632 1261 2664 Ἰσχύσῃς.
1277 2635 1323 2662 Sic
1341 2638 1460 2664 auinaue
1480 2636 1576 2664 ﬂeam.

1037 2631 1261 2671 ῧβ),’1σχύὸ-ῃς⁷,
1277 2635 1323 2662 Sic
1341 2638 1460 2670 quinque
1480 2636 1576 2671 Regg.,
1593 2639 1647 2663 tres
1660 2635 1734 2662 Colb.
1748 2640 1776 2662 ct

989 2665 1078 2704 0'31:
1089 2667 1116 2704 IL'
1130 2665 1185 2704 fil-fu
1202 2665 1331 2704 ῑᾶᾖύσεις.

1225 2700 1452 2742 (juatnorAReggq
1465 2706 1543 2742 βαλῇ.

1094 2738 1151 2799 ἐπὶ
1167 2736 1331 2773 ἀνθρώπον.
1348 2736 1492 2777 δῑοῖἶεεέ.
1510 2736 1554 2769 Ii'm
1579 2746 1606 2769 et
1631 2742 1676 2776 ph.
1697 2742 1776 2770 Deest

988 2780 1035 2797 και
1054 2780 1079 2798 III
1094 2780 1137 2799 Cll.

1095 2809 1325 2847 Ifgaﬁé’drgv.Aln
1339 2811 1460 2845 pluribus
1471 2812 1608 2844 scribitur,
1623 2811 1771 2847 κραϐάτου.

1023 2843 1080 2912 (ἹΞ)
1096 2843 1153 2877 Τῆς
1165 2845 1271 2878 κακῆς.
1285 2844 1312 2872 1η
1328 2843 1473 2878 nonnullis,
1489 2847 1629 2882 κακίστης.

1034 2878 1079 2912 75)
1104 2879 1151 2912 Ὡς
1165 2879 1254 2912 ἔχεις.
1273 2890 1281 2906 ε
1307 2880 1339 2908 Ut
1349 2889 1389 2912 es.
1409 2891 1417 2907 ι
1434 2881 1459 2910 id
1479 2887 1536 2912 est.
1555 2883 1627 2912 inuui

1034 2878 1079 2913 75)
1104 2879 1254 2918 Ὠς-ἐχερς.
1273 2890 1281 2918 ς
1307 2880 1389 2916 lites,
1409 2891 1417 2907 ι
1434 2881 1459 2910 id
1479 2887 1536 2917 est,
1555 2878 1640 2918 inquit
1655 2882 1771 2914 Nicctas.

990 2925 998 2941 ι
1017 2922 1098 2943 sanus
1112 2921 1139 2943 et
1155 2915 1305 2944 incolumis.
1320 2925 1329 2942 ι
