2013 3134
242 170 291 199 607

845 167 874 194 S.
895 167 1056 195 GREGORII
1078 167 1249 196 TIIEOLOCI

1808 167 1859 195 λοι

242 227 337 256 diebus
359 230 497 257 mortuus,
513 232 572 251 cttm
590 224 713 251 triduano
731 224 776 251 ilio
793 224 872 251 simul
895 225 927 252 ad
944 226 1025 252 vitam

1085 225 1278 252 ιατοικούντιυν
1290 227 1319 252 ἐν
1331 226 1435 260 rigate,
1454 224 1520 260 μηδὲ
1533 226 1722 260 κατασφιγγῇς
1734 224 1789 259 (Hi
1802 227 1861 256 ταῖς

244 273 361 304 rediens,
377 277 458 307 alque
473 271 632 298 funebribus
642 271 756 298 vinculis
769 271 872 298 solutus
888 279 926 300 es.
942 271 1024 303 Cave,

243 328 276 346 ne
294 325 388 345 rursus
402 317 556 348 emoriaris,
574 316 659 350 iisque
677 337 684 348 ,
701 317 745 350 qui
760 317 785 343 in
807 317 936 350 sepulcris
951 317 1027 343 hahi-

244 368 301 389 tant
313 362 354 394 “,
371 362 540 396 aggregeris,
555 369 587 388 ac
608 366 780 396 peccatorum
795 365 899 388 tuorum
921 361 1028 388 funibus

243 408 450 440 constringaris;
468 415 528 434 cum
543 408 675 434 incertum
694 407 738 438 sit,
757 414 789 432 an
804 415 897 433 rursus
911 415 926 434 ο
940 408 1029 440 sepul-

244 460 290 478 cro
313 452 345 478 ad
380 452 462 478 vitam
493 451 675 482 excitaberis,
698 459 782 485 usque
808 452 841 478 ad
868 456 1030 486 postremam

1081 273 1184 306 σειραῖς
1209 272 1263 297 τῶν
1284 271 1391 297 οίκείων
1412 270 1635 305 ἁμαρτημάτων·
1655 270 1753 305 ἄδηλον
1775 270 1815 301 ὃν,
1837 272 1862 297 εἰ

1081 317 1159 343 πάλιν
1175 316 1347 352 ἐξαναστήσῃ
1363 316 1414 342 τῶν
1429 316 1532 350 τάφων,
1550 316 1630 350 μέχρι
1644 316 1691 350 τῆς
1706 315 1863 347 τελευταίας

1082 363 1129 388 καὶ
1148 363 1240 396 κοινῆς
1261 362 1451 393 ἀναστάσεως,
1465 363 1482 397 ἦ
1500 363 1554 388 πᾶν
1568 362 1598 388 τὺ
1618 361 1722 396 ποίημα
1744 361 1802 394 ἄξει
1823 362 1862 392 εἰς

1083 407 1189 442 κρίσιν,
1205 408 1234 433 οὐ
1256 407 1526 442 θεραπευθησύμενον
1537 426 1544 438 ,
1560 407 1629 433 ἀλλὰ
1650 406 1862 441 κριθησόμενον,

1081 453 1128 479 καὶ
1142 453 1220 486 λόγον
1237 452 1350 486 ὺφέξον,
1365 449 1402 478 ὧν
1419 451 1448 479 εὖ
1465 452 1480 488 ἥ
1496 452 1588 484 κακῶς
1603 451 1792 486 ἐθησαύρισεν.

245 499 317 525 illam
333 503 364 532 et
374 505 542 524 communem
561 498 797 528 resurrectionem,
814 505 884 531 quat,
899 498 1027 532 quidquid
1047 499 1145 526 factum
1159 500 1252 532 est,ad
1263 499 1392 534 judicium
1404 499 1528 529 adducet,
1539 498 1656 532 nonjam
1685 502 1712 524 ut
1737 502 1860 527 curetur.

245 546 292 573 sed
316 550 345 571 ut
360 545 506 578 iudicetur,
523 545 709 578 rationemque
732 551 825 570 eorum
844 544 955 576 reddat,
967 551 1027 578 qua:
1046 550 1119 572 recte
1135 545 1175 571 vel
1193 545 1262 571 male
1279 544 1457 571 coacervarit.

280 589 400 617 XXXIV.
426 589 454 616 Si
485 588 576 623 lepra,
603 589 653 614 hoc
679 591 721 614 est
745 587 856 614 deformi
882 589 1029 622 pravitate,

246 635 320 670 prius
332 635 448 662 inlectus
463 641 527 660 eras
542 654 550 666 ,
565 641 597 660 ac
609 635 704 660 deinde
719 633 813 660 ahrasa
829 633 967 667 ejectaque
979 633 1030 660 hac

246 681 342 708 vitiosa
362 680 486 710 materia.
497 674 598 706 salvam
611 684 638 706 et
653 679 814 706 incolumem
833 679 977 714 imaginem
991 686 1031 705 re-

247 726 353 760 cepisti,
368 725 556 759 purgationem
567 724 643 756 mihi,
656 725 787 751 sacerdoti
807 730 863 756 tuo,
876 726 987 752 ostende
994 726 1030 757 '°,

249 777 278 799 ut
302 778 482 806 cognoscam.
499 775 629 805 quantum
653 778 684 798 ea
710 771 821 805 legalem
843 773 1030 807 purgationem

248 817 402 844 antecellat.
416 816 516 843 Novem
530 816 581 842 illis
599 816 711 850 ingratis
727 824 760 842 ne
777 823 804 844 te
819 817 966 852 adiungas,
985 826 1031 845 ve-
1047 806 1068 834 Β

250 870 308 890 rum
326 862 459 889 decimum
481 862 527 888 tibi
541 861 701 888 imitandum
717 869 836 896 propone
850 871 856 895 ;
870 863 926 897 qui,
945 871 1033 897 quan-

250 915 331 941 quam
350 907 537 934 Samaritanus
559 912 645 938 esset.
669 907 736 935 alios
752 912 841 936 tamen
857 910 927 942 grati
949 910 1031 936 animi

250 953 338 981 oilicio
354 954 429 981 vicit.
451 954 487 981 Da
510 961 639 988 operam,
665 961 699 981 ne
727 954 795 981 mala
818 954 920 990 vitiligo
941 963 1033 982 rursus

250 1003 393 1034 erumpat,
408 1003 488 1034 atque
505 999 540 1026 ita
560 999 685 1027 alliciaris
697 1020 705 1030 .
723 1005 752 1027 ut
770 1001 894 1034 corporis
917 1002 954 1027 tui
969 1001 1033 1027 vitio

251 1045 295 1071 vix
310 1044 363 1071 ulla
382 1045 513 1072 medicina
526 1045 609 1080 possit
622 1046 753 1073 adhiberi.
771 1045 861 1080 Nuper
879 1047 990 1073 avaritia
1007 1052 1034 1074 et

251 1092 386 1118 tenacitas
400 1099 508 1118 manum
525 1097 596 1119 tuam
613 1093 733 1119 siccabat
749 1092 790 1123 “;
813 1093 892 1119 hodie
906 1100 966 1119 eam
982 1093 1034 1119 lar-

250 1136 318 1170 gitio
333 1141 360 1163 et
376 1135 552 1163 beneﬁcentia
569 1137 708 1163 extendat.
725 1135 857 1163 Prmclara
878 1144 955 1170 aegras
976 1145 1034 1164 ma-

255 1188 304 1208 nus
319 1181 423 1208 curatio
440 1186 482 1208 est
494 1201 502 1213 ,
523 1181 678 1216 dispergere
688 1202 695 1213 ,
711 1182 775 1208 dare
788 1183 950 1216 pauperibus
961 1201 968 1214 ,
983 1190 1013 1209 ea
1025 1202 1032 1214 ,

252 1227 351 1262 quibus
375 1227 600 1260 circumﬂuimns,
619 1227 734 1254 ubertim
759 1228 923 1259 exhaurire,
945 1229 1034 1262 quoad

254 1271 366 1299 fundum
382 1280 488 1307 quoque
511 1273 599 1308 ipsum
621 1275 793 1308 attigerimus
816 1274 942 1309 (fortasse
957 1283 989 1302 es
1003 1283 1035 1303 co

252 1326 360 1353 quoque
379 1319 534 1346 alimentum
552 1320 599 1347 tibi
616 1321 752 1352 manabit,
766 1321 838 1347 velut
862 1321 927 1347 olim
953 1321 1034 1348 Sare-

253 1366 389 1399 phtbame,
405 1373 436 1392 ac
451 1366 599 1399 pt‘u'serlim
625 1366 647 1393 si
668 1365 751 1392 Eliam
769 1366 867 1393 alueris
882 1366 933 1400 ‘1);
957 1374 1034 1401 egre-

253 1412 311 1446 gias
334 1418 400 1445 opes
426 1411 594 1444 existimare,
611 1411 699 1445 inopia
714 1417 821 1445 propter
833 1412 1034 1447 Christum.qui

253 1462 341 1484 nostra
354 1464 434 1485 causa
447 1462 631 1491 paupertatem
646 1458 739 1488 subiit,
754 1457 885 1484 laborare.
895 1457 924 1484 Si
939 1458 1035 1484 surdus

253 1510 285 1530 ac
298 1507 386 1530 mutus
401 1510 462 1530 eras
476 1503 510 1534 ⁸⁸,
524 1503 635 1530 auribus
655 1503 708 1530 tuis
724 1502 839 1530 Verbum
856 1504 977 1536 insonet;
994 1505 1034 1530 vel

252 1549 340 1582 potius
349 1557 421 1579 eum.
440 1549 484 1582 qui
506 1549 639 1580 insonuit,
660 1550 756 1576 retine.
781 1549 819 1576 Ne
839 1549 922 1584 719
935 1550 967 1576 ad
983 1549 1035 1577 Do-

254 1593 319 1620 mini
335 1594 505 1628 disciplinam
523 1599 550 1621 et
569 1595 780 1622 admonitionem
791 1615 798 1627 ,
813 1597 1035 1630 quemadmodum

254 1639 327 1672 aspis
346 1640 380 1665 ad
405 1639 615 1672 incantationes,
638 1641 761 1667 ocelusas
778 1648 858 1668 aures
874 1641 983 1668 habeas.
1004 1641 1032 1668 Si

257 1692 343 1712 caecus
367 1685 400 1717 ",
413 1690 441 1712 et
458 1685 566 1712 luminis
581 1693 687 1720 expers.
708 1686 828 1713 illumina
851 1688 944 1714 oculos
965 1692 1035 1721 tuos,

255 1738 290 1758 ne
307 1737 423 1765 unquam
440 1731 466 1757 iu
481 1737 594 1758 mortem
609 1731 764 1758 obdormias
778 1732 811 1758 ⁸ο.
822 1732 849 1758 In
868 1732 973 1759 Domini
994 1733 1035 1759 lu-

255 1776 329 1802 mine
348 1775 436 1802 lumen
460 1776 582 1810 perspice
596 1777 630 1808 “,
653 1776 678 1803 in
700 1776 800 1810 Spiritu
823 1776 869 1803 Dei
885 1777 980 1804 Filium
997 1777 1037 1804 in-

255 1826 342 1854 tuere,
358 1822 456 1849 trinum
475 1823 595 1857 inquam,
620 1822 684 1850 illud
700 1826 727 1849 et
744 1822 857 1856 simplex
871 1827 953 1857 atque
967 1823 1036 1850 indi-

255 1868 342 1894 visum
356 1867 455 1894 lumen.
469 1866 497 1893 Si
511 1867 646 1894 Christum
662 1872 747 1894 totum
760 1867 914 1898 admiseris.
927 1868 1036 1894 univer-

255 1920 299 1940 sas
314 1913 397 1948 ipsius
410 1913 573 1943 curationes,
588 1913 684 1947 quibus
697 1913 834 1948 sigillatim
851 1914 1037 1948 unusquisque

255 1960 288 1986 ad
302 1959 444 1986 sanitatem
463 1963 604 1986 revocatus
615 1964 668 1990 est,
679 1959 704 1985 in
718 1959 834 1986 animam
852 1964 924 1986 tuam
938 1967 1037 1994 conge-

255 2013 308 2033 res.
327 2005 391 2032 Illud
404 2006 483 2032 modo
498 2013 612 2036 caveas,
628 2012 661 2032 ne
677 2005 771 2039 gratia:
789 2013 941 2032 mensuram
961 2007 1036 2039 igno-

255 2059 308 2085 res,
324 2059 391 2079 neve
405 2052 452 2079 tibi
472 2059 567 2079 somno
584 2051 683 2084 dedito,
699 2059 731 2078 ac
747 2051 817 2078 male
837 2058 945 2082 securo,
964 2052 1036 2078 ziza-

255 2098 299 2124 nia
323 2097 408 2124 hostis
423 2097 618 2131 superseminet
635 2097 668 2122 ".
689 2095 755 2123 Illud
780 2096 860 2123 modo
874 2096 1016 2130 provideas
1029 2116 1036 2127 .

255 2151 300 2176 ne.
313 2143 430 2177 puritate
443 2147 489 2169 tua
501 2142 600 2169 diaboli
624 2142 752 2168 invidiam
772 2141 892 2171 subiens.
909 2146 935 2168 te
950 2141 1036 2175 ipsum

255 2196 348 2217 rursus
359 2196 407 2222 per
419 2194 557 2222 peccatum
571 2187 751 2214 miserabilem
763 2187 869 2213 reddas.
884 2187 948 2213 lllud
959 2188 1037 2213 modo

255 2236 357 2268 videas,
373 2243 406 2262 ne
424 2241 534 2269 propter
547 2235 644 2261 bonum
665 2241 732 2267 opus
748 2232 869 2260 eﬂttsiori
887 2232 978 2259 laetitia
992 2240 1037 2267 ge-

255 2283 350 2314 stiens,
367 2287 447 2315 atque
459 2280 600 2307 immodice
612 2279 699 2306 elatus
708 2286 830 2310 corrnas,
843 2279 904 2304 dum
920 2278 944 2304 in
954 2277 1037 2304 altum

254 2328 369 2356 θῆαι-τῖε.
391 2328 455 2355 Illud
474 2328 552 2354 modo
568 2333 664 2357 cures,
683 2329 712 2351 ut
729 2325 916 2358 purgationem
935 2331 1039 2350 summo

1118 590 1176 616 ΛΔ¹,
1197 589 1228 616 Εἰ
1245 589 1346 625 λέπραν
1363 589 1460 624 ἑῧρυες
1480 589 1549 620 τέως
1565 588 1614 623 τὴν
1638 589 1761 623 ἃμορ’,;ον
1783 596 1865 622 πονη-

1087 635 1162 670 ρίαν,
1180 635 1332 670 ἀπεξέσθης
1347 635 1373 661 δὲ
1388 635 1436 670 τῆς
1450 635 1538 669 κακῆς
1553 634 1632 669 ὕλης,
1647 634 1693 660 καὶ
1709 634 1758 668 τὴν
1773 634 1864 660 εἰκόνα

1085 681 1155 707 σώαν
1168 681 1302 712 ἀπέλαϐες
1311 702 1318 713 ,
1331 680 1416 707 δεῖξον
1429 681 1490 715 ἐμοὶ
1505 680 1543 715 τῷ
1559 681 1626 715 ἱερεῖ
1643 679 1688 706 σοὺ
1702 679 1753 714 τὴν
1767 679 1866 714 κάὒαρι

1085 733 1141 758 σιν,
1159 725 1202 752 ἵνα
1221 725 1278 759 γνῶ
1298 725 1370 759 (75),
1390 725 1472 751 πόσον
1489 725 1536 760 τῆς
1552 725 1665 759 νομικῆς
1681 724 1749 759 αὕτη
1767 733 1864 759 τιμιω-

1084 771 1160 806 τέρα.
1183 771 1264 797 Γενοῦ
1308 771 1345 806 μὴ
1367 770 1421 796 τῶν
1442 770 1520 797 ἐννέα
1537 770 1592 796 τῶν
1609 770 1779 805 ἀχαρίστων,
1799 770 1866 796 ἀλλὰ

1082 816 1127 844 τὸν
1147 816 1259 842 δέκατον
1280 816 1415 851 μίμησαι-
1434 817 1480 842 καὶ
1499 816 1553 851 γὰρ
1575 817 1598 842 εἰ
1623 816 1796 851 Σαμαρείτης
1813 815 1864 851 ἦν,

1083 862 1151 889 ἀλλὰ
1166 861 1219 888 τῶν
1233 862 1320 889 ἄλλων
1341 862 1602 897 εὐγνωμονέστερος.
1630 861 1805 896 Ἀσφάλισαι,
1828 863 1866 897 μὴ

1084 907 1165 934 πάλιν
1173 908 1266 939 κακῶς
1275 907 1434 944 ὲξανθήσῃς,
1447 908 1494 934 καὶ
1501 907 1718 942 δυσθεράπευτον
1730 908 1802 940 ἔξεις
1811 908 1866 943 ('16)

1083 953 1132 990 τὴν
1152 954 1310 988 ἀνωμαλίαν
1331 954 1378 980 τοῦ
1398 953 1533 988 σώματος.
1552 954 1650 989 Πρώην
1665 953 1791 989 ὲξήραινέ
1811 954 1866 989 (77)

1085 1007 1132 1024 σου
1151 998 1202 1034 τὴν
1225 1000 1303 1034 χεῖρα
1330 999 1492 1034 μικρολογία
1508 999 1556 1025 καὶ
1580 998 1724 1033 φειδωλία·
1749 999 1868 1035 σήμερον

1083 1045 1230 1072 ὲκτεινέιτω
1248 1045 1390 1080 μετάδοσις
1407 1045 1454 1071 καὶ
1475 1044 1672 1080 φιλανθρωπία.
1690 1045 1768 1080 Καλὴ
1787 1045 1867 1080 θερα-

1086 1091 1151 1117 πεία
1171 1091 1263 1126 χειρὸς
1282 1090 1492 1126 ἀρρωστούσης.
1511 1090 1681 1126 σκορπίζειν,
1697 1090 1797 1117 διδόναι
1813 1093 1868 1123 τοῖς

1085 1137 1212 1171 πένησιν,
1235 1136 1372 1169 ἐξαντλεῖν
1393 1133 1430 1162 ὧν
1452 1136 1550 1171 ἔχομεν
1570 1136 1704 1171 δαψιλῶς,
1721 1136 1817 1172 μέχρις
1835 1137 1868 1163 ἂν

1085 1183 1133 1208 καὶ
1151 1182 1198 1208 τοῦ
1216 1182 1354 1217 πυθμένος
1373 1182 1505 1216 ἁψώμεθα
1524 1182 1599 1215 (ἴσως
1617 1182 1663 1208 καὶ
1679 1178 1758 1213 οὗτος
1781 1182 1868 1216 πηγα-

1086 1235 1127 1254 σει
1140 1235 1181 1253 σοι
1195 1227 1313 1262 τροφὴν,
1327 1227 1452 1261 καθάπερ
1466 1228 1498 1262 τῇ
1514 1226 1670 1262 Σαραφθίᾳ,
1686 1227 1734 1253 καὶ
1749 1227 1868 1262 μάλιστα

1085 1275 1110 1300 εί
1132 1273 1224 1308 τύχοις
1246 1273 1303 1308 (78)
1328 1273 1421 1299 Ἠλίαν
1444 1272 1608 1308 τρέφουσα),
1634 1273 1720 1307 καλὴν
1741 1273 1870 1308 εὐπορίαν

1086 1319 1196 1352 ειδέναι,
1212 1318 1242 1345 τὺ
1257 1318 1301 1345 διὰ
1317 1318 1434 1353 Χριστὸν
1451 1319 1578 1353 ἀπορεῖν,
1594 1318 1640 1344 τὸν
1654 1318 1688 1344 δι’
1705 1318 1780 1353 ἡμᾶς
1796 1327 1867 1345 πτω-

1088 1364 1232 1400 χεύσαντα.
1251 1365 1282 1391 Et
1296 1365 1386 1398 κωφὸς
1399 1363 1470 1400 ἦσθα
1486 1365 1532 1390 καὶ
1546 1364 1659 1396 ἄλαλος,
1676 1365 1691 1390 ὁ
1708 1365 1795 1399 Λόγος
1827 1367 1869 1391 ἑν-

1085 1410 1215 1444 ηχησάτω
1222 1418 1272 1436 σοι·
1287 1410 1386 1445 μᾶλλον
1399 1409 1426 1436 δὲ
1440 1411 1558 1445 κάτασχε
1571 1410 1616 1436 τὸν
1629 1411 1810 1445 ὲνηχήσιντα.
1825 1410 1870 1446 Μὴ

1087 1456 1196 1491 κλείσῃς
1209 1456 1244 1482 τὰ
1255 1453 1311 1482 ὦτα
1325 1455 1393 1490 πρὸς
1405 1455 1529 1482 παιδείαν
1543 1456 1646 1491 Κυρίου
1658 1456 1705 1482 καὶ
1718 1456 1868 1487 νουθεσίαν,

1087 1502 1124 1533 ὼς
1138 1502 1220 1533 ἀσπὶς
1234 1501 1302 1537 πρὸς
1316 1502 1473 1537 ὲπᾴσματα.
1489 1503 1520 1528 Εἰ
1535 1502 1634 1536 τυφλὸς
1648 1503 1696 1528 καὶ
1708 1502 1868 1536 ἀφώτιστος.

1087 1547 1204 1581 φώτισον
1230 1549 1292 1580 τοὺς
1323 1547 1475 1582 ὀφθαλμούς
1502 1557 1554 1580 σου,
1589 1549 1625 1583 μή
1653 1556 1716 1574 ποτε
1742 1548 1870 1583 ὂπνώσης

1086 1594 1124 1624 εἰς
1156 1592 1272 1619 θάνατον.
1308 1593 1351 1620 Ἐν
1380 1593 1418 1628 τῷ
1443 1594 1513 1628 φωτὶ
1543 1594 1646 1629 Κυρίου
1678 1593 1775 1620 θέασαι
1803 1594 1869 1628 φῶς,

1086 1639 1116 1665 ὲν
1136 1639 1175 1673 τῷ
1197 1639 1334 1674 Πνεύματι
1349 1639 1397 1665 τοῦ
1413 1639 1480 1666 Θεοῦ
1501 1639 1546 1666 τὸν
1567 1639 1631 1666 Υξὸν
1655 1640 1822 1674 αὐγάσθητι,
1841 1639 1871 1665 τὸ

1086 1684 1196 1719 τρισσὸν
1219 1684 1276 1718 φῶς
1298 1684 1344 1711 καὶ
1360 1684 1516 1720 ἀμέριστον.
1539 1685 1602 1713 Ἐὰν
1621 1685 1681 1713 ὅλον
1698 1685 1805 1722 εισδέξῃ
1826 1686 1870 1711 τὸν

1087 1730 1172 1763 Λόγον
1182 1749 1189 1760 ,
1208 1730 1297 1761 πάσας
1308 1730 1358 1762 τὰς
1371 1731 1492 1766 Χριστοῦ
1508 1731 1655 1766 θεραπείας
1669 1732 1716 1758 ἐπὶ
1732 1731 1781 1767 τὴν
1795 1740 1871 1758 σεαυ-

1087 1775 1134 1802 τοῦ
1150 1776 1274 1809 συνάξεις
1286 1776 1390 1812 ψυχὴν,
1404 1777 1436 1808 ἃς
1451 1777 1522 1804 κατὰ
1538 1777 1620 1813 μέρος
1633 1777 1749 1809 ἕκαστος
1763 1778 1871 1813 τεθερά-

1089 1831 1197 1849 πευται.
1218 1823 1306 1849 Μόνον
1321 1823 1358 1858 μὴ
1373 1823 1510 1859 ἀγνοήσῃς
1524 1823 1554 1849 τὸ
1567 1823 1666 1858 μέτρον
1679 1824 1728 1858 τῆς
1741 1825 1851 1860 χάριτος
1863 1833 1869 1840 ’

1090 1867 1168 1903 μόνον
1192 1867 1229 1903 μὴ
1251 1867 1408 1894 καθεύδοντί
1430 1877 1471 1894 σοι
1491 1868 1538 1895 καὶ
1561 1869 1756 1904 ἁμεριμνοῦντι
1781 1870 1871 1901 κακῶς

1087 1913 1234 1949 ἐπισπείρῃ
1252 1915 1266 1940 ὁ
1284 1913 1381 1949 ἐχθρὸς
1394 1913 1429 1940 τὰ
1446 1913 1567 1946 ζιζάνια·
1585 1915 1664 1949 μόνον
1679 1915 1822 1949 ἐπίφθονος
1833 1916 1872 1952 τῷ

1087 1959 1200 1994 πονηρῷ
1210 1959 1330 1993 γεγονὼς
1343 1959 1387 1986 διὰ
1397 1959 1445 1995 τὴν
1457 1960 1640 1996 καθαρότητα,
1655 1961 1692 1996 μὴ
1704 1962 1784 1988 πάλιν
1795 1971 1873 1988 σεαυ-

1087 2005 1132 2032 τὸν
1153 2006 1268 2032 ἐλεεινὸν
1288 2006 1463 2041 καταστήσῃς
1482 2005 1527 2032 διὰ
1544 2006 1594 2040 τῆς
1613 2007 1767 2043 ἁμαρτίας·
1792 2008 1871 2042 μόνον

1090 2051 1126 2086 μὴ
1141 2051 1179 2086 τῷ
1196 2051 1292 2086 ἀγαθῷ
1305 2051 1464 2087 περιχαρεῖς
1477 2051 1543 2087 (79),
1556 2053 1603 2078 καὶ
1617 2052 1735 2087 ὑψωθεὶς
1749 2054 1869 2089 ἄμετρα,

1088 2097 1248 2131 καταπέσῃς
1268 2097 1297 2123 ἐν
1319 2097 1357 2132 τῷ
1379 2097 1532 2133 ἐπαρθῆναι
1545 2107 1551 2113 ·
1571 2098 1653 2133 μόνον
1672 2099 1715 2124 ἀεὶ
1734 2099 1870 2133 φιλοπὸνει

1053 2142 1136 2184 υτὴν
1167 2141 1315 2178 κάθαρσιν,
1337 2142 1484 2174 ἀναδάσεις
1511 2144 1540 2169 ὲν
1571 2145 1604 2178 τῇ
1637 2144 1736 2180 καρδίᾳ
1766 2145 1869 2180 τιθέμε-

1089 2195 1134 2218 νος
1157 2187 1231 2221 (80)·
1256 2188 1303 2214 καὶ
1324 2185 1358 2224 ἧς
1393 2188 1487 2224 ἔτυχες
1508 2189 1578 2216 κατὰ
1604 2189 1707 2224 δωρεὰν
1732 2191 1870 2225 ἀφέσεως,

1089 2233 1192 2269 ταύτην
1206 2234 1351 2269 ἐπιμελείᾳ
1369 2236 1537 2271 συντήρησον
1547 2244 1554 2250 ·
1569 2236 1612 2262 ἵνα
1628 2236 1658 2262 τὸ
1673 2236 1722 2271 μὲν
1736 2237 1870 2271 ἀφεθῆναί

1092 2286 1133 2304 σοι
1154 2279 1229 2314 παρὰ
1242 2280 1310 2306 Θεοῦ
1321 2300 1328 2312 ,
1343 2280 1373 2306 τὸ
1388 2280 1416 2306 δὲ
1436 2281 1637 2317 συντηρηθῆναι
1647 2303 1654 2314 ,
1669 2283 1717 2309 καὶ
1733 2284 1809 2320 παρὰ
1825 2284 1870 2310 σοῦ

1092 2325 1204 2360 γένηται
1223 2327 1263 2360 (8i
1270 2327 1289 2361 ).

254 2375 356 2402 studio.
369 2373 494 2401 excolere
513 2379 649 2406 nunquam
671 2372 854 2402 intermittas,
868 2369 1039 2397 ascensiones
1059 2370 1085 2396 in
1120 2372 1202 2398 corde
1234 2377 1279 2400 tuo
1295 2373 1440 2407 dispanens
1450 2372 1490 2405 u;
1515 2377 1595 2408 alque
1613 2380 1749 2409 acceptam
1769 2376 1813 2403 Dei
1828 2375 1872 2402 be.

255 2422 352 2448 neiicio
365 2425 392 2447 et
407 2421 492 2454 gratia
507 2420 624 2450 veniam,
640 2426 704 2446 citra
722 2423 749 2446 et
768 2417 903 2451 diligentia
921 2417 1036 2448 tuearis;
1059 2423 1086 2444 ut
1100 2424 1270 2453 peccatorum
1292 2421 1400 2455 quidem
1424 2425 1530 2446 tuorum
1563 2421 1685 2449 remissio
1716 2431 1730 2449 a
1744 2422 1798 2450 Deo
1811 2432 1871 2459 pro-

255 2467 401 2498 liciscatur,
427 2473 519 2492 verum
547 2464 714 2491 remissionis
735 2463 921 2493 conservatio,
948 2469 982 2488 ex
1010 2468 1035 2488 te
1053 2470 1159 2498 quoque
1174 2465 1218 2491 sit.

289 2537 313 2551 ⁸⁵
341 2535 411 2562 Ρςιιί.
428 2543 511 2564 urit.
532 2535 557 2561 ἵ.
593 2534 616 2549 ⁸⁵
630 2533 696 2560 Luc.
709 2541 774 2563 uti.
791 2532 823 2559 12
842 2539 901 2566 sqq.

951 2531 974 2547 ‘°
994 2531 1057 2559 an.
1073 2540 1111 2561 vt.
1121 2532 1147 2558 (ἲ.

1186 2532 1206 2547 ⁸⁷
1222 2531 1251 2558 lll
1265 2532 1328 2563 [ιι-ιε.
1349 2539 1414 2560 xvtt.
1425 2532 1452 2558 9.
1491 2531 1514 2547 ⁵⁸
1528 2531 1610 2559 Marc.
1625 2540 1671 2564 vn,
1685 2533 1729 2560 59..
1766 2536 1790 2551 δ’
1809 2535 1870 2562 Luc.

256 2579 333 2602 xvttl,
348 2571 391 2597 55,
430 2571 452 2586 ⁵⁸
465 2570 534 2597 l’sui.
551 2577 598 2599 λιι.
616 2569 643 2595 Ii.
681 2569 702 2584 “
719 2565 939 2599 Psa|.ua\',10.
975 2567 999 2582 ⁸¹
1013 2566 1034 2592 Μ

1085 2576 1113 2607 ηι..
1124 2575 1184 2598 xui,
1198 2567 1242 2593 ‘25.
1280 2567 1303 2583 ⁵³
1321 2566 1391 2594 Psal.
1406 2574 1518 2598 Lxxxttt,
1530 2567 1554 2593 ϋ.

292 2632 347 2667 (74)
363 2631 582 2666 Κατίισφιττῇς.
598 2631 642 2657 Sic
655 2635 768 2665 quatuor
780 2628 931 2664 llt.‘gg.,0r.
947 2629 1033 2662 l,etc.

256 2667 283 2693 in
302 2669 356 2698 ed.,
371 2667 582 2701 κατασφιγχθῇς.

302 2675 356 2708 em,
371 2675 582 2727 καῖασφιςίχυῐὶς.
630 2701 641 2706 _

290 2702 346 2736 (ιῦ)
360 2703 436 2727 Frui.
450 2701 532 2728 Corsl.
568 2721 576 2731 .
590 2709 672 2736 γνῳς.

292 2736 348 2767 (76)
367 2737 475 2769 Ἕξεις.
491 2737 547 2762 Duo
565 2736 658 2770 lii-33.,
673 2736 736 2771 ἔχῃς

293 2771 348 2807 (77)
361 2771 526 2805 Ἐξήραινε.
547 2768 615 2805 κυεῖ
628 2768 664 2805 ph
681 2768 850 2797 ei."llasilien.
871 2770 950 2802 edit.,
973 2768 1035 2803 ἐξή-

275 2815 332 2833 ανε.

259 2816 348 2874 ραῖἷέ)
365 2842 477 2875 Τύχοις.
495 2840 521 2866 In
542 2840 684 2875 nonnullis,
698 2841 789 2875 τυχῇς.

294 2876 348 2910 (79)
370 2874 548 2910 ΙΙεριχαρείς.
568 2874 631 2910 Reg.
648 2875 703 2907 hut,
720 2875 878 2909 περιχαρῇς.

1124 2631 1179 2661 (80)
1200 2631 1360 2664 ΤιθέμειὊς.
1377 2631 1440 2663 Reg.
1458 2632 1511 2661 Iun.
1527 2631 1720 2665 ἐπιτιθέμενος.

1125 2667 1179 2699 (8ίί
1200 2667 1254 2693 Καί
1271 2667 1348 2700 παρὰ
1364 2666 1422 2692 σοῦ
1440 2665 1567 2700 γένηται.
1587 2664 1661 2692 lit-est
1688 2665 1734 2692 καί
1758 2665 1783 2690 in
1806 2664 1870 2695 Ben.

1091 2701 1136 2735 ph.
1153 2701 1245 2727 Billius
1257 2701 1282 2727 in
1295 2702 1378 2735 prima
1396 2701 1530 2727 editione:
1547 2710 1556 2726 r
1578 2701 1623 2728 tibi
1646 2708 1676 2727 ex
1693 2705 1770 2734 parte
1787 2701 1871 2726 ascri-

1090 2737 1178 2763 batnr.
1197 2746 1206 2761 ι
1225 2735 1253 2762 lu
1271 2736 1385 2761 secunda
1405 2744 1411 2761 :
1432 2744 1441 2760 ι
1461 2741 1515 2761 tum
1531 2736 1597 2770 (tua)
1613 2743 1718 2770 quoque
1735 2735 1822 2768 aliqua
1839 2741 1870 2759 ex

1090 2777 1165 2804 parte
1180 2772 1224 2798 sit.
1247 2781 1255 2796 I
1280 2770 1350 2796 Nihil
1366 2777 1474 2797 necesse
1489 2775 1546 2797 erat
1570 2771 1678 2801 addere,
1700 2779 1709 2794 ι
1732 2770 1818 2802 aliqua
1839 2777 1870 2794 ex

1091 2803 1177 2839 parte.
1200 2815 1208 2831 ι
1224 2805 1280 2833 Non
1298 2805 1369 2832 enim
1387 2805 1455 2831 Deus
1471 2812 1519 2831 nos
1534 2805 1617 2832 ξιιμ-οι
1632 2805 1689 2832 sine
1709 2805 1797 2830 nobis.
1812 2803 1869 2830 Pri-

1091 2848 1133 2866 ma
1146 2841 1231 2875 gratia
1249 2841 1306 2867 sine
1319 2840 1408 2873 nobis;
1425 2840 1508 2867 altera
1523 2847 1573 2867 non
1590 2847 1699 2874 prorsus
1710 2840 1769 2867 sine
1785 2839 1872 2870 nobis,

1090 2876 1135 2903 sed
1149 2875 1230 2904 etiam
1248 2883 1262 2903 a
1277 2876 1364 2903 nobis.
