  <div class='ocr_page' id='page_1' title='image "/cluster/home/n/w/nwhite01/storage/ocr_20150623/36/njp.32101013202633/216.png"; bbox 0 0 2013 3134; ppageno 0'>
   <div class='ocr_carea' id='block_1_1' title="bbox 158 172 211 199">
    <p class='ocr_par' dir='ltr' id='par_1_1' title="bbox 158 172 211 199">
     <span class='ocr_line' id='line_1_1' title="bbox 158 172 211 199; baseline -0.038 0"><span class='ocrx_word' id='word_1_1' title='bbox 158 172 211 199; x_wconf 65' lang='grc'><strong>409</strong></span> 
     </span>
    </p>
   </div>
   <div class='ocr_carea' id='block_1_2' title="bbox 613 174 1312 204">
    <p class='ocr_par' dir='ltr' id='par_1_2' title="bbox 613 174 1312 204">
     <span class='ocr_line' id='line_1_2' title="bbox 613 174 1312 204; baseline 0.003 -3"><span class='ocrx_word' id='word_1_2' title='bbox 613 174 742 202; x_wconf 77' lang='lat' dir='ltr'><strong>ORATIO</strong></span> <span class='ocrx_word' id='word_1_3' title='bbox 761 175 817 202; x_wconf 78' lang='lat' dir='ltr'><strong>XL.</strong></span> <span class='ocrx_word' id='word_1_4' title='bbox 838 191 873 196; x_wconf 90' lang='lat'><strong>—-</strong></span> <span class='ocrx_word' id='word_1_5' title='bbox 891 174 924 202; x_wconf 75' lang='grc' dir='ltr'><strong>ΙΝ</strong></span> <span class='ocrx_word' id='word_1_6' title='bbox 946 175 1109 204; x_wconf 72' lang='grc' dir='ltr'><strong>ΞᾹΝΕΤΗΜ</strong></span> <span class='ocrx_word' id='word_1_7' title='bbox 1129 176 1312 204; x_wconf 72' lang='lat' dir='ltr'><strong>BAPTISMA.</strong></span> 
     </span>
    </p>
   </div>
   <div class='ocr_carea' id='block_1_3' title="bbox 1720 180 1775 205">
    <p class='ocr_par' dir='ltr' id='par_1_3' title="bbox 1720 180 1775 205">
     <span class='ocr_line' id='line_1_3' title="bbox 1720 180 1775 205; baseline 0 0"><span class='ocrx_word' id='word_1_8' title='bbox 1720 180 1775 205; x_wconf 75' lang='grc'><strong>410</strong></span> 
     </span>
    </p>
   </div>
   <div class='ocr_carea' id='block_1_4' title="bbox 194 227 940 269">
    <p class='ocr_par' dir='ltr' id='par_1_4' title="bbox 194 227 940 266">
     <span class='ocr_line' id='line_1_4' title="bbox 194 227 940 266; baseline 0.007 -13"><span class='ocrx_word' id='word_1_9' title='bbox 194 228 256 254; x_wconf 77' lang='lat' dir='ltr'><strong>AE&#39;.</strong></span> <span class='ocrx_word' id='word_1_10' title='bbox 277 227 423 264; x_wconf 83' lang='grc' dir='ltr'>Γενήσεται</span> <span class='ocrx_word' id='word_1_11' title='bbox 436 229 463 255; x_wconf 78' lang='grc' dir='ltr'><strong>δὲ</strong></span> <span class='ocrx_word' id='word_1_12' title='bbox 477 228 549 261; x_wconf 58' lang='grc' dir='ltr'><strong>πῶς</strong></span> <span class='ocrx_word' id='word_1_13' title='bbox 571 230 625 256; x_wconf 82' lang='grc' dir='ltr'>Ἀεὶ</span> <span class='ocrx_word' id='word_1_14' title='bbox 639 231 688 265; x_wconf 81' lang='grc' dir='ltr'><strong>τῆς</strong></span> <span class='ocrx_word' id='word_1_15' title='bbox 703 231 860 266; x_wconf 76' lang='grc' dir='ltr'>παραϐολῆς</span> <span class='ocrx_word' id='word_1_16' title='bbox 871 231 940 258; x_wconf 76' lang='grc' dir='ltr'>ἐκεί-</span> 
     </span>
    </p>
   </div>
   <div class='ocr_carea' id='block_1_5' title="bbox 991 227 1775 269">
    <p class='ocr_par' dir='ltr' id='par_1_5' title="bbox 1026 232 1775 269">
     <span class='ocr_line' id='line_1_5' title="bbox 1026 232 1775 269; baseline 0.003 -9"><span class='ocrx_word' id='word_1_17' title='bbox 1026 232 1135 260; x_wconf 68' lang='grc' dir='ltr'><strong>ΧΧῊῙ.</strong></span> <span class='ocrx_word' id='word_1_18' title='bbox 1148 233 1286 266; x_wconf 86' lang='lat' dir='ltr'><strong>Quomodo</strong></span> <span class='ocrx_word' id='word_1_19' title='bbox 1306 237 1394 260; x_wconf 89' lang='lat' dir='ltr'><strong>autem</strong></span> <span class='ocrx_word' id='word_1_20' title='bbox 1413 234 1438 260; x_wconf 86' lang='lat' dir='ltr'><strong>.d</strong></span> <span class='ocrx_word' id='word_1_21' title='bbox 1454 234 1626 269; x_wconf 79' lang='lat' dir='ltr'><strong>assequeris?</strong></span> <span class='ocrx_word' id='word_1_22' title='bbox 1651 233 1704 262; x_wconf 83' lang='lat' dir='ltr'><strong>Fac</strong></span> <span class='ocrx_word' id='word_1_23' title='bbox 1727 235 1775 262; x_wconf 87' lang='lat' dir='ltr'><strong>tibi</strong></span> 
     </span>
    </p>
   </div>
   <div class='ocr_carea' id='block_1_6' title="bbox 159 274 941 311">
    <p class='ocr_par' dir='ltr' id='par_1_6' title="bbox 159 274 941 311">
     <span class='ocr_line' id='line_1_6' title="bbox 159 274 941 311; baseline 0.004 -11"><span class='ocrx_word' id='word_1_24' title='bbox 159 282 209 308; x_wconf 84' lang='grc' dir='ltr'><strong>νης</strong></span> <span class='ocrx_word' id='word_1_25' title='bbox 231 274 370 309; x_wconf 78' lang='grc' dir='ltr'>μέμνησο,</span> <span class='ocrx_word' id='word_1_26' title='bbox 388 275 435 301; x_wconf 76' lang='grc' dir='ltr'><strong>καὶ</strong></span> <span class='ocrx_word' id='word_1_27' title='bbox 455 275 560 310; x_wconf 78' lang='grc' dir='ltr'><strong>σεαυτῷ</strong></span> <span class='ocrx_word' id='word_1_28' title='bbox 577 276 719 311; x_wconf 68' lang='grc' dir='ltr'>βοηθήσεις</span> <span class='ocrx_word' id='word_1_29' title='bbox 736 277 834 311; x_wconf 77' lang='grc' dir='ltr'>ἄριστά</span> <span class='ocrx_word' id='word_1_30' title='bbox 852 285 881 302; x_wconf 86' lang='grc' dir='ltr'><strong>τε</strong></span> <span class='ocrx_word' id='word_1_31' title='bbox 895 278 941 303; x_wconf 75' lang='grc' dir='ltr'><strong>καὶ</strong></span> 
     </span>
    </p>
   </div>
   <div class='ocr_carea' id='block_1_7' title="bbox 160 320 941 357">
    <p class='ocr_par' dir='ltr' id='par_1_7' title="bbox 160 320 941 357">
     <span class='ocr_line' id='line_1_7' title="bbox 160 320 941 357; baseline 0.003 -11"><span class='ocrx_word' id='word_1_32' title='bbox 160 320 324 346; x_wconf 70' lang='grc' dir='ltr'>τελεώτατα.</span> <span class='ocrx_word' id='word_1_33' title='bbox 358 321 483 356; x_wconf 77' lang='grc' dir='ltr'><strong>Ἐξῆλθεν</strong></span> <span class='ocrx_word' id='word_1_34' title='bbox 510 321 563 347; x_wconf 83' lang='grc' dir='ltr'>ἀπὸ</span> <span class='ocrx_word' id='word_1_35' title='bbox 590 322 637 348; x_wconf 83' lang='grc' dir='ltr'><strong>σοῦ</strong></span> <span class='ocrx_word' id='word_1_36' title='bbox 662 322 692 348; x_wconf 83' lang='grc' dir='ltr'>τὸ</span> <span class='ocrx_word' id='word_1_37' title='bbox 715 322 867 357; x_wconf 77' lang='grc' dir='ltr'><strong>ἀκάθαρτον</strong></span> <span class='ocrx_word' id='word_1_38' title='bbox 895 322 941 348; x_wconf 77' lang='grc' dir='ltr'>καὶ</span> 
     </span>
    </p>
   </div>
   <div class='ocr_carea' id='block_1_8' title="bbox 161 366 941 402">
    <p class='ocr_par' dir='ltr' id='par_1_8' title="bbox 161 366 941 402">
     <span class='ocr_line' id='line_1_8' title="bbox 161 366 941 402; baseline 0 -10"><span class='ocrx_word' id='word_1_39' title='bbox 161 366 253 392; x_wconf 79' lang='grc' dir='ltr'>ὑλικὸν</span> <span class='ocrx_word' id='word_1_40' title='bbox 276 366 399 401; x_wconf 71' lang='grc' dir='ltr'>πνεῦμα,</span> <span class='ocrx_word' id='word_1_41' title='bbox 417 366 527 400; x_wconf 82' lang='grc' dir='ltr'><strong>διωχθὲν</strong></span> <span class='ocrx_word' id='word_1_42' title='bbox 546 366 585 401; x_wconf 81' lang='grc' dir='ltr'>τῷ</span> <span class='ocrx_word' id='word_1_43' title='bbox 605 367 781 402; x_wconf 80' lang='grc' dir='ltr'>βαπτίσματι.</span> <span class='ocrx_word' id='word_1_44' title='bbox 806 367 843 393; x_wconf 85' lang='grc' dir='ltr'><strong>Οὐ</strong></span> <span class='ocrx_word' id='word_1_45' title='bbox 864 366 941 402; x_wconf 78' lang='grc' dir='ltr'>φέρει</span> 
     </span>
    </p>
   </div>
   <div class='ocr_carea' id='block_1_9' title="bbox 159 410 940 447">
    <p class='ocr_par' dir='ltr' id='par_1_9' title="bbox 159 410 940 447">
     <span class='ocr_line' id='line_1_9' title="bbox 159 410 940 447; baseline 0 -9"><span class='ocrx_word' id='word_1_46' title='bbox 159 412 204 437; x_wconf 73' lang='grc' dir='ltr'><strong>τὸν</strong></span> <span class='ocrx_word' id='word_1_47' title='bbox 221 412 340 447; x_wconf 80' lang='grc' dir='ltr'>διωγμόν</span> <span class='ocrx_word' id='word_1_48' title='bbox 354 419 360 425; x_wconf 91' lang='grc'><strong>·</strong></span> <span class='ocrx_word' id='word_1_49' title='bbox 375 412 406 438; x_wconf 76' lang='grc' dir='ltr'><strong>οὑ</strong></span> <span class='ocrx_word' id='word_1_50' title='bbox 417 412 523 446; x_wconf 83' lang='grc' dir='ltr'>δέχεται</span> <span class='ocrx_word' id='word_1_51' title='bbox 537 412 592 447; x_wconf 70' lang='grc'>(82)</span> <span class='ocrx_word' id='word_1_52' title='bbox 609 412 699 438; x_wconf 80' lang='grc' dir='ltr'><strong>ἄοικον</strong></span> <span class='ocrx_word' id='word_1_53' title='bbox 728 410 796 438; x_wconf 80' lang='grc' dir='ltr'>εἶναι</span> <span class='ocrx_word' id='word_1_54' title='bbox 825 413 871 438; x_wconf 78' lang='grc' dir='ltr'><strong>καὶ</strong></span> <span class='ocrx_word' id='word_1_55' title='bbox 895 413 940 438; x_wconf 84' lang='grc' dir='ltr'>ἀν-</span> 
     </span>
    </p>
   </div>
   <div class='ocr_carea' id='block_1_10' title="bbox 160 459 941 495">
    <p class='ocr_par' dir='ltr' id='par_1_10' title="bbox 160 459 941 495">
     <span class='ocr_line' id='line_1_10' title="bbox 160 459 941 495; baseline 0 -11"><span class='ocrx_word' id='word_1_56' title='bbox 160 459 259 486; x_wconf 80' lang='grc' dir='ltr'>έστιον.</span> <span class='ocrx_word' id='word_1_57' title='bbox 295 459 446 495; x_wconf 82' lang='grc' dir='ltr'>Πορεύεται</span> <span class='ocrx_word' id='word_1_58' title='bbox 460 459 493 485; x_wconf 83' lang='grc' dir='ltr'>δι’</span> <span class='ocrx_word' id='word_1_59' title='bbox 508 459 628 494; x_wconf 78' lang='grc' dir='ltr'><strong>ἀνύδρων</strong></span> <span class='ocrx_word' id='word_1_60' title='bbox 655 459 755 491; x_wconf 79' lang='grc' dir='ltr'>τόπων,</span> <span class='ocrx_word' id='word_1_61' title='bbox 780 460 827 486; x_wconf 75' lang='grc' dir='ltr'><strong>καὶ</strong></span> <span class='ocrx_word' id='word_1_62' title='bbox 852 459 941 495; x_wconf 78' lang='grc' dir='ltr'>ξηρῶν</span> 
     </span>
    </p>
   </div>
   <div class='ocr_carea' id='block_1_11' title="bbox 160 504 942 540">
    <p class='ocr_par' dir='ltr' id='par_1_11' title="bbox 160 504 942 540">
     <span class='ocr_line' id='line_1_11' title="bbox 160 504 942 540; baseline 0 -10"><span class='ocrx_word' id='word_1_63' title='bbox 160 504 234 535; x_wconf 76' lang='grc' dir='ltr'>Θείας</span> <span class='ocrx_word' id='word_1_64' title='bbox 242 505 382 540; x_wconf 75' lang='grc' dir='ltr'>ἐπιρροῆς·</span> <span class='ocrx_word' id='word_1_65' title='bbox 398 505 455 531; x_wconf 75' lang='grc' dir='ltr'>ἐκεῖ</span> <span class='ocrx_word' id='word_1_66' title='bbox 468 504 650 540; x_wconf 69' lang='grc' dir='ltr'><strong>φιλοχωρῆσαι</strong></span> <span class='ocrx_word' id='word_1_67' title='bbox 663 504 795 539; x_wconf 78' lang='grc' dir='ltr'>βούλεται·</span> <span class='ocrx_word' id='word_1_68' title='bbox 810 505 942 531; x_wconf 79' lang='grc' dir='ltr'>πλανᾶται</span> 
     </span>
    </p>
   </div>
   <div class='ocr_carea' id='block_1_12' title="bbox 159 549 942 585">
    <p class='ocr_par' dir='ltr' id='par_1_12' title="bbox 159 549 942 585">
     <span class='ocr_line' id='line_1_12' title="bbox 159 549 942 585; baseline 0 -9"><span class='ocrx_word' id='word_1_69' title='bbox 159 549 258 585; x_wconf 74' lang='grc' dir='ltr'><strong>ζητοῦν</strong></span> <span class='ocrx_word' id='word_1_70' title='bbox 280 550 448 582; x_wconf 71' lang='grc' dir='ltr'>ἀνάπαυσιν,</span> <span class='ocrx_word' id='word_1_71' title='bbox 474 551 523 584; x_wconf 76' lang='grc' dir='ltr'>οὐχ</span> <span class='ocrx_word' id='word_1_72' title='bbox 550 550 689 585; x_wconf 74' lang='grc' dir='ltr'><strong>εὑρίσκει·</strong></span> <span class='ocrx_word' id='word_1_73' title='bbox 714 550 942 585; x_wconf 72' lang='grc' dir='ltr'>βεϐαπτισμέναις</span> 
     </span>
    </p>
   </div>
   <div class='ocr_carea' id='block_1_13' title="bbox 159 592 942 631">
    <p class='ocr_par' dir='ltr' id='par_1_13' title="bbox 159 592 942 631">
     <span class='ocr_line' id='line_1_13' title="bbox 159 592 942 631; baseline 0 -10"><span class='ocrx_word' id='word_1_74' title='bbox 159 596 320 630; x_wconf 72' lang='grc' dir='ltr'><strong>ἐντυγχάνει</strong></span> <span class='ocrx_word' id='word_1_75' title='bbox 337 596 436 630; x_wconf 75' lang='grc' dir='ltr'>ψυχαῖς</span> <span class='ocrx_word' id='word_1_76' title='bbox 447 616 454 629; x_wconf 89' lang='grc'><strong>,</strong></span> <span class='ocrx_word' id='word_1_77' title='bbox 471 592 508 621; x_wconf 78' lang='grc' dir='ltr'><strong>ὧν</strong></span> <span class='ocrx_word' id='word_1_78' title='bbox 524 596 573 631; x_wconf 83' lang='grc' dir='ltr'>τὴν</span> <span class='ocrx_word' id='word_1_79' title='bbox 589 595 688 622; x_wconf 80' lang='grc' dir='ltr'><strong>κακίαν</strong></span> <span class='ocrx_word' id='word_1_80' title='bbox 706 595 737 621; x_wconf 79' lang='grc' dir='ltr'><strong>τὸ</strong></span> <span class='ocrx_word' id='word_1_81' title='bbox 770 595 880 630; x_wconf 73' lang='grc' dir='ltr'>λουτρὸν</span> <span class='ocrx_word' id='word_1_82' title='bbox 899 595 942 627; x_wconf 80' lang='grc' dir='ltr'><strong>ἐξ·</strong></span> 
     </span>
    </p>
   </div>
   <div class='ocr_carea' id='block_1_14' title="bbox 159 641 939 676">
    <p class='ocr_par' dir='ltr' id='par_1_14' title="bbox 159 641 939 676">
     <span class='ocr_line' id='line_1_14' title="bbox 159 641 939 676; baseline 0 -10"><span class='ocrx_word' id='word_1_83' title='bbox 159 641 282 667; x_wconf 79' lang='grc' dir='ltr'>έκλυσεν·</span> <span class='ocrx_word' id='word_1_84' title='bbox 299 641 421 675; x_wconf 76' lang='grc' dir='ltr'>φοὸεῖται</span> <span class='ocrx_word' id='word_1_85' title='bbox 442 641 472 667; x_wconf 82' lang='grc' dir='ltr'><strong>τὸ</strong></span> <span class='ocrx_word' id='word_1_86' title='bbox 483 641 564 676; x_wconf 75' lang='grc' dir='ltr'>ὕδωρ·</span> <span class='ocrx_word' id='word_1_87' title='bbox 577 641 738 676; x_wconf 80' lang='grc' dir='ltr'>ὲμπνῐγεται</span> <span class='ocrx_word' id='word_1_88' title='bbox 748 642 781 675; x_wconf 79' lang='grc' dir='ltr'>τῇ</span> <span class='ocrx_word' id='word_1_89' title='bbox 794 641 939 676; x_wconf 76' lang='grc' dir='ltr'><strong>καθάρσει,</strong></span> 
     </span>
    </p>
   </div>
   <div class='ocr_carea' id='block_1_15' title="bbox 159 686 942 722">
    <p class='ocr_par' dir='ltr' id='par_1_15' title="bbox 159 686 942 722">
     <span class='ocr_line' id='line_1_15' title="bbox 159 686 942 722; baseline 0.001 -10"><span class='ocrx_word' id='word_1_90' title='bbox 159 686 286 722; x_wconf 78' lang='grc' dir='ltr'>καθάπερ</span> <span class='ocrx_word' id='word_1_91' title='bbox 299 687 313 712; x_wconf 86' lang='grc' dir='ltr'>ὁ</span> <span class='ocrx_word' id='word_1_92' title='bbox 336 687 446 721; x_wconf 77' lang='grc' dir='ltr'>Λεγεὼν</span> <span class='ocrx_word' id='word_1_93' title='bbox 462 689 496 722; x_wconf 85' lang='grc' dir='ltr'>τῇ</span> <span class='ocrx_word' id='word_1_94' title='bbox 516 687 649 722; x_wconf 76' lang='grc' dir='ltr'>θαλάσσῃ.</span> <span class='ocrx_word' id='word_1_95' title='bbox 673 686 758 713; x_wconf 81' lang='grc' dir='ltr'>Πάλιν</span> <span class='ocrx_word' id='word_1_96' title='bbox 779 687 942 722; x_wconf 61' lang='grc' dir='ltr'>ὑποστρέψει</span> 
     </span>
    </p>
   </div>
   <div class='ocr_carea' id='block_1_16' title="bbox 161 731 942 768">
    <p class='ocr_par' dir='ltr' id='par_1_16' title="bbox 161 731 942 768">
     <span class='ocr_line' id='line_1_16' title="bbox 161 731 942 768; baseline 0.004 -11"><span class='ocrx_word' id='word_1_97' title='bbox 161 733 230 767; x_wconf 73' lang='grc' dir='ltr'>πρὸς</span> <span class='ocrx_word' id='word_1_98' title='bbox 248 733 295 758; x_wconf 82' lang='grc' dir='ltr'>τὸν</span> <span class='ocrx_word' id='word_1_99' title='bbox 307 733 363 763; x_wconf 76' lang='grc'>(85)</span> <span class='ocrx_word' id='word_1_100' title='bbox 377 731 450 759; x_wconf 75' lang='grc' dir='ltr'>οἷκον</span> <span class='ocrx_word' id='word_1_101' title='bbox 459 753 466 762; x_wconf 88' lang='lat'><strong>,</strong></span> <span class='ocrx_word' id='word_1_102' title='bbox 480 733 540 759; x_wconf 79' lang='grc' dir='ltr'>ὅθεν</span> <span class='ocrx_word' id='word_1_103' title='bbox 552 733 734 768; x_wconf 80' lang='grc' dir='ltr'>ἀνεχώρησεν.</span> <span class='ocrx_word' id='word_1_104' title='bbox 754 733 942 768; x_wconf 62' lang='grc' dir='ltr'><strong>Ἀναίσχυντόψ</strong></span> 
     </span>
    </p>
   </div>
   <div class='ocr_carea' id='block_1_17' title="bbox 159 778 942 815">
    <p class='ocr_par' dir='ltr' id='par_1_17' title="bbox 159 778 942 815">
     <span class='ocr_line' id='line_1_17' title="bbox 159 778 942 815; baseline 0.004 -12"><span class='ocrx_word' id='word_1_105' title='bbox 159 778 219 803; x_wconf 71' lang='grc' dir='ltr'>ἐστι</span> <span class='ocrx_word' id='word_1_106' title='bbox 231 798 238 809; x_wconf 88' lang='grc'><strong>,</strong></span> <span class='ocrx_word' id='word_1_107' title='bbox 257 778 407 812; x_wconf 78' lang='grc' dir='ltr'>φιλόνεικόν</span> <span class='ocrx_word' id='word_1_108' title='bbox 425 780 497 811; x_wconf 76' lang='grc' dir='ltr'>ἐστι,</span> <span class='ocrx_word' id='word_1_109' title='bbox 516 779 679 814; x_wconf 71' lang='grc' dir='ltr'>προσϐάλλει</span> <span class='ocrx_word' id='word_1_110' title='bbox 700 779 796 810; x_wconf 85' lang='grc' dir='ltr'>πάλιν,</span> <span class='ocrx_word' id='word_1_111' title='bbox 815 781 942 815; x_wconf 77' lang='grc' dir='ltr'>πειρᾶται</span> 
     </span>
    </p>
   </div>
   <div class='ocr_carea' id='block_1_18' title="bbox 159 823 943 860">
    <p class='ocr_par' dir='ltr' id='par_1_18' title="bbox 159 823 943 860">
     <span class='ocr_line' id='line_1_18' title="bbox 159 823 943 860; baseline 0.004 -12"><span class='ocrx_word' id='word_1_112' title='bbox 159 823 251 849; x_wconf 78' lang='grc' dir='ltr'>πάλιν.</span> <span class='ocrx_word' id='word_1_113' title='bbox 276 824 338 849; x_wconf 74' lang='grc' dir='ltr'><strong>Ἐὰν</strong></span> <span class='ocrx_word' id='word_1_114' title='bbox 357 824 406 858; x_wconf 75' lang='grc' dir='ltr'>μὲν</span> <span class='ocrx_word' id='word_1_115' title='bbox 427 824 495 860; x_wconf 71' lang='grc' dir='ltr'>εὕρῃ</span> <span class='ocrx_word' id='word_1_116' title='bbox 519 824 634 860; x_wconf 76' lang='grc' dir='ltr'>Χριστὸν</span> <span class='ocrx_word' id='word_1_117' title='bbox 657 824 872 854; x_wconf 77' lang='grc' dir='ltr'>εἰσοικισθέντα,</span> <span class='ocrx_word' id='word_1_118' title='bbox 896 826 943 852; x_wconf 72' lang='grc' dir='ltr'><strong>καὶ</strong></span> 
     </span>
    </p>
   </div>
   <div class='ocr_carea' id='block_1_19' title="bbox 159 867 942 905">
    <p class='ocr_par' dir='ltr' id='par_1_19' title="bbox 159 867 942 905">
     <span class='ocr_line' id='line_1_19' title="bbox 159 867 942 905; baseline 0.004 -12"><span class='ocrx_word' id='word_1_119' title='bbox 159 867 341 902; x_wconf 68' lang='grc' dir='ltr'><strong>πληρώσαντα</strong></span> <span class='ocrx_word' id='word_1_120' title='bbox 360 869 410 905; x_wconf 78' lang='grc' dir='ltr'>τὴν</span> <span class='ocrx_word' id='word_1_121' title='bbox 430 869 522 904; x_wconf 77' lang='grc' dir='ltr'>χώραν</span> <span class='ocrx_word' id='word_1_122' title='bbox 561 870 595 904; x_wconf 79' lang='grc' dir='ltr'>ἣν</span> <span class='ocrx_word' id='word_1_123' title='bbox 615 869 696 901; x_wconf 75' lang='grc' dir='ltr'>αὐτὸς</span> <span class='ocrx_word' id='word_1_124' title='bbox 718 870 865 896; x_wconf 78' lang='grc' dir='ltr'>ἐκένωσεν·</span> <span class='ocrx_word' id='word_1_125' title='bbox 889 871 942 896; x_wconf 87' lang='grc' dir='ltr'>ἀπ-</span> 
     </span>
    </p>
   </div>
   <div class='ocr_carea' id='block_1_20' title="bbox 992 278 1775 313">
    <p class='ocr_par' dir='ltr' id='par_1_20' title="bbox 992 278 1775 313">
     <span class='ocr_line' id='line_1_20' title="bbox 992 278 1775 313; baseline 0.004 -10"><span class='ocrx_word' id='word_1_126' title='bbox 992 279 1119 312; x_wconf 85' lang='lat' dir='ltr'><strong>parabola</strong></span> <span class='ocrx_word' id='word_1_127' title='bbox 1133 278 1175 304; x_wconf 91' lang='lat' dir='ltr'><strong>illa</strong></span> <span class='ocrx_word' id='word_1_128' title='bbox 1192 285 1298 312; x_wconf 81' lang='lat' dir='ltr'><strong>semper</strong></span> <span class='ocrx_word' id='word_1_129' title='bbox 1312 279 1338 305; x_wconf 91' lang='lat' dir='ltr'><strong>in</strong></span> <span class='ocrx_word' id='word_1_130' title='bbox 1353 279 1444 305; x_wconf 85' lang='lat' dir='ltr'><strong>animo</strong></span> <span class='ocrx_word' id='word_1_131' title='bbox 1455 278 1564 312; x_wconf 72' lang='lat' dir='ltr'><strong>haereat,</strong></span> <span class='ocrx_word' id='word_1_132' title='bbox 1572 284 1599 306; x_wconf 91' lang='lat' dir='ltr'><strong>et</strong></span> <span class='ocrx_word' id='word_1_133' title='bbox 1613 279 1659 306; x_wconf 91' lang='lat' dir='ltr'><strong>tibi</strong></span> <span class='ocrx_word' id='word_1_134' title='bbox 1674 281 1775 313; x_wconf 81' lang='lat' dir='ltr'><strong>optimc</strong></span> 
     </span>
    </p>
   </div>
   <div class='ocr_carea' id='block_1_21' title="bbox 992 323 1774 360">
    <p class='ocr_par' dir='ltr' id='par_1_21' title="bbox 992 323 1774 360">
     <span class='ocr_line' id='line_1_21' title="bbox 992 323 1774 360; baseline 0.003 -10"><span class='ocrx_word' id='word_1_135' title='bbox 992 331 1024 350; x_wconf 85' lang='lat' dir='ltr'><strong>ac</strong></span> <span class='ocrx_word' id='word_1_136' title='bbox 1037 324 1258 358; x_wconf 69' lang='lat' dir='ltr'><strong>praestantissime</strong></span> <span class='ocrx_word' id='word_1_137' title='bbox 1285 323 1462 350; x_wconf 82' lang='lat' dir='ltr'><strong>consulueris.</strong></span> <span class='ocrx_word' id='word_1_138' title='bbox 1477 324 1601 352; x_wconf 75' lang='lat' dir='ltr'><strong>Excessit</strong></span> <span class='ocrx_word' id='word_1_139' title='bbox 1616 332 1631 352; x_wconf 71' lang='grc' dir='ltr'>ι</span> <span class='ocrx_word' id='word_1_140' title='bbox 1647 330 1672 352; x_wconf 86' lang='lat' dir='ltr'><strong>te</strong></span> <span class='ocrx_word' id='word_1_141' title='bbox 1686 326 1774 360; x_wconf 89' lang='lat' dir='ltr'><strong>impu-</strong></span> 
     </span>
    </p>
   </div>
   <div class='ocr_carea' id='block_1_22' title="bbox 992 370 1776 405">
    <p class='ocr_par' dir='ltr' id='par_1_22' title="bbox 992 370 1776 405">
     <span class='ocr_line' id='line_1_22' title="bbox 992 370 1776 405; baseline 0.003 -9"><span class='ocrx_word' id='word_1_142' title='bbox 992 378 1039 396; x_wconf 86' lang='lat' dir='ltr'><strong>rus</strong></span> <span class='ocrx_word' id='word_1_143' title='bbox 1053 375 1081 396; x_wconf 85' lang='lat' dir='ltr'><strong>et</strong></span> <span class='ocrx_word' id='word_1_144' title='bbox 1095 377 1204 397; x_wconf 78' lang='lat' dir='ltr'><strong>crassus</strong></span> <span class='ocrx_word' id='word_1_145' title='bbox 1227 370 1335 403; x_wconf 74' lang='lat' dir='ltr'><strong>spiritus</strong></span> <span class='ocrx_word' id='word_1_146' title='bbox 1347 389 1353 400; x_wconf 87' lang='lat'><strong>,</strong></span> <span class='ocrx_word' id='word_1_147' title='bbox 1369 376 1416 404; x_wconf 90' lang='lat' dir='ltr'><strong>per</strong></span> <span class='ocrx_word' id='word_1_148' title='bbox 1437 370 1599 404; x_wconf 91' lang='lat' dir='ltr'><strong>baptismum</strong></span> <span class='ocrx_word' id='word_1_149' title='bbox 1619 370 1720 405; x_wconf 68' lang='lat' dir='ltr'><strong>eiectus</strong></span> <span class='ocrx_word' id='word_1_150' title='bbox 1743 378 1776 398; x_wconf 83' lang='lat' dir='ltr'><strong>ac</strong></span> 
     </span>
    </p>
   </div>
   <div class='ocr_carea' id='block_1_23' title="bbox 992 414 1774 450">
    <p class='ocr_par' dir='ltr' id='par_1_23' title="bbox 992 414 1774 450">
     <span class='ocr_line' id='line_1_23' title="bbox 992 414 1774 450; baseline 0.003 -9"><span class='ocrx_word' id='word_1_151' title='bbox 992 414 1160 449; x_wconf 82' lang='lat' dir='ltr'><strong>proﬂigatus.</strong></span> <span class='ocrx_word' id='word_1_152' title='bbox 1186 415 1366 449; x_wconf 84' lang='lat' dir='ltr'><strong>Disrutnpitnr</strong></span> <span class='ocrx_word' id='word_1_153' title='bbox 1393 423 1422 442; x_wconf 91' lang='lat' dir='ltr'><strong>se</strong></span> <span class='ocrx_word' id='word_1_154' title='bbox 1448 415 1475 442; x_wconf 87' lang='lat' dir='ltr'><strong>in</strong></span> <span class='ocrx_word' id='word_1_155' title='bbox 1493 415 1583 450; x_wconf 80' lang='lat' dir='ltr'><strong>fugam</strong></span> <span class='ocrx_word' id='word_1_156' title='bbox 1606 416 1774 450; x_wconf 74' lang='lat' dir='ltr'><strong>conjectum;</strong></span> 
     </span>
    </p>
   </div>
   <div class='ocr_carea' id='block_1_24' title="bbox 993 461 1775 496">
    <p class='ocr_par' dir='ltr' id='par_1_24' title="bbox 993 461 1775 496">
     <span class='ocr_line' id='line_1_24' title="bbox 993 461 1775 496; baseline -0.001 -8"><span class='ocrx_word' id='word_1_157' title='bbox 993 469 1045 488; x_wconf 89' lang='lat' dir='ltr'><strong>non</strong></span> <span class='ocrx_word' id='word_1_158' title='bbox 1074 461 1175 496; x_wconf 88' lang='lat' dir='ltr'><strong>patitur</strong></span> <span class='ocrx_word' id='word_1_159' title='bbox 1192 469 1221 488; x_wconf 84' lang='lat' dir='ltr'><strong>se</strong></span> <span class='ocrx_word' id='word_1_160' title='bbox 1245 462 1324 488; x_wconf 89' lang='lat' dir='ltr'><strong>domo</strong></span> <span class='ocrx_word' id='word_1_161' title='bbox 1338 467 1365 488; x_wconf 88' lang='lat' dir='ltr'><strong>ct</strong></span> <span class='ocrx_word' id='word_1_162' title='bbox 1378 466 1448 488; x_wconf 85' lang='lat' dir='ltr'><strong>tecto</strong></span> <span class='ocrx_word' id='word_1_163' title='bbox 1471 462 1709 491; x_wconf 81' lang='lat' dir='ltr'><strong>carere;amhulat</strong></span> <span class='ocrx_word' id='word_1_164' title='bbox 1728 469 1775 495; x_wconf 85' lang='lat' dir='ltr'><strong>per</strong></span> 
     </span>
    </p>
   </div>
   <div class='ocr_carea' id='block_1_25' title="bbox 993 507 1775 541">
    <p class='ocr_par' dir='ltr' id='par_1_25' title="bbox 993 507 1775 541">
     <span class='ocr_line' id='line_1_25' title="bbox 993 507 1775 541; baseline 0 -8"><span class='ocrx_word' id='word_1_165' title='bbox 993 507 1050 534; x_wconf 85' lang='lat' dir='ltr'><strong>loca</strong></span> <span class='ocrx_word' id='word_1_166' title='bbox 1069 507 1209 540; x_wconf 85' lang='lat' dir='ltr'><strong>inaquosa,</strong></span> <span class='ocrx_word' id='word_1_167' title='bbox 1224 507 1372 541; x_wconf 76' lang='lat' dir='ltr'><strong>divinaque</strong></span> <span class='ocrx_word' id='word_1_168' title='bbox 1387 514 1447 533; x_wconf 90' lang='lat' dir='ltr'><strong>rore</strong></span> <span class='ocrx_word' id='word_1_169' title='bbox 1462 507 1572 534; x_wconf 87' lang='lat' dir='ltr'><strong>minime</strong></span> <span class='ocrx_word' id='word_1_170' title='bbox 1585 507 1708 541; x_wconf 81' lang='lat' dir='ltr'><strong>perfusa;</strong></span> <span class='ocrx_word' id='word_1_171' title='bbox 1722 507 1775 533; x_wconf 89' lang='lat' dir='ltr'><strong>illic</strong></span> 
     </span>
    </p>
   </div>
   <div class='ocr_carea' id='block_1_26' title="bbox 992 551 1773 586">
    <p class='ocr_par' dir='ltr' id='par_1_26' title="bbox 992 551 1773 586">
     <span class='ocr_line' id='line_1_26' title="bbox 992 551 1773 586; baseline 0 -8"><span class='ocrx_word' id='word_1_172' title='bbox 992 552 1153 579; x_wconf 87' lang='lat' dir='ltr'><strong>commorari</strong></span> <span class='ocrx_word' id='word_1_173' title='bbox 1171 551 1268 586; x_wconf 76' lang='lat' dir='ltr'><strong>gestit;</strong></span> <span class='ocrx_word' id='word_1_174' title='bbox 1287 557 1410 585; x_wconf 75' lang='lat' dir='ltr'><strong>vagatur,</strong></span> <span class='ocrx_word' id='word_1_175' title='bbox 1427 559 1550 586; x_wconf 62' lang='lat' dir='ltr'><strong>quaerens</strong></span> <span class='ocrx_word' id='word_1_176' title='bbox 1573 552 1706 586; x_wconf 83' lang='lat' dir='ltr'><strong>requiem,</strong></span> <span class='ocrx_word' id='word_1_177' title='bbox 1721 559 1773 578; x_wconf 85' lang='lat' dir='ltr'><strong>non</strong></span> 
     </span>
    </p>
   </div>
   <div class='ocr_carea' id='block_1_27' title="bbox 993 597 1774 632">
    <p class='ocr_par' dir='ltr' id='par_1_27' title="bbox 993 597 1774 632">
     <span class='ocr_line' id='line_1_27' title="bbox 993 597 1774 632; baseline -0.003 -8"><span class='ocrx_word' id='word_1_178' title='bbox 993 597 1093 624; x_wconf 85' lang='lat' dir='ltr'><strong>invenit</strong></span> <span class='ocrx_word' id='word_1_179' title='bbox 1109 597 1149 630; x_wconf 64' lang='grc' dir='ltr'><strong>υς</strong></span> <span class='ocrx_word' id='word_1_180' title='bbox 1168 597 1272 624; x_wconf 86' lang='lat' dir='ltr'><strong>animas</strong></span> <span class='ocrx_word' id='word_1_181' title='bbox 1297 597 1432 630; x_wconf 82' lang='lat' dir='ltr'><strong>baptismo</strong></span> <span class='ocrx_word' id='word_1_182' title='bbox 1457 597 1627 632; x_wconf 81' lang='lat' dir='ltr'><strong>consignatas</strong></span> <span class='ocrx_word' id='word_1_183' title='bbox 1652 597 1774 629; x_wconf 83' lang='lat' dir='ltr'><strong>offendit,</strong></span> 
     </span>
    </p>
   </div>
   <div class='ocr_carea' id='block_1_28' title="bbox 992 643 1774 676">
    <p class='ocr_par' dir='ltr' id='par_1_28' title="bbox 992 643 1774 676">
     <span class='ocr_line' id='line_1_28' title="bbox 992 643 1774 676; baseline 0 -8"><span class='ocrx_word' id='word_1_184' title='bbox 992 647 1104 676; x_wconf 68' lang='lat' dir='ltr'><strong>nuarum</strong></span> <span class='ocrx_word' id='word_1_185' title='bbox 1121 643 1184 669; x_wconf 83' lang='lat' dir='ltr'><strong>vitia</strong></span> <span class='ocrx_word' id='word_1_186' title='bbox 1200 643 1300 670; x_wconf 87' lang='lat' dir='ltr'><strong>lotione</strong></span> <span class='ocrx_word' id='word_1_187' title='bbox 1314 643 1408 670; x_wconf 83' lang='lat' dir='ltr'><strong>obruta</strong></span> <span class='ocrx_word' id='word_1_188' title='bbox 1425 648 1502 674; x_wconf 82' lang='lat' dir='ltr'><strong>sunt;</strong></span> <span class='ocrx_word' id='word_1_189' title='bbox 1519 650 1614 676; x_wconf 83' lang='lat' dir='ltr'><strong>aquam</strong></span> <span class='ocrx_word' id='word_1_190' title='bbox 1630 643 1774 676; x_wconf 86' lang='lat' dir='ltr'><strong>perhorre-</strong></span> 
     </span>
    </p>
   </div>
   <div class='ocr_carea' id='block_1_29' title="bbox 992 687 1772 722">
    <p class='ocr_par' dir='ltr' id='par_1_29' title="bbox 992 687 1772 722">
     <span class='ocr_line' id='line_1_29' title="bbox 992 687 1772 722; baseline -0.001 -8"><span class='ocrx_word' id='word_1_191' title='bbox 992 688 1057 720; x_wconf 82' lang='lat' dir='ltr'><strong>scit;</strong></span> <span class='ocrx_word' id='word_1_192' title='bbox 1083 687 1202 714; x_wconf 86' lang='lat' dir='ltr'><strong>lustricis</strong></span> <span class='ocrx_word' id='word_1_193' title='bbox 1228 687 1316 719; x_wconf 82' lang='lat' dir='ltr'><strong>undis,</strong></span> <span class='ocrx_word' id='word_1_194' title='bbox 1331 695 1383 714; x_wconf 93' lang='lat' dir='ltr'><strong>non</strong></span> <span class='ocrx_word' id='word_1_195' title='bbox 1403 695 1481 714; x_wconf 87' lang='lat' dir='ltr'><strong>secus</strong></span> <span class='ocrx_word' id='word_1_196' title='bbox 1501 695 1532 714; x_wconf 83' lang='lat' dir='ltr'><strong>ac</strong></span> <span class='ocrx_word' id='word_1_197' title='bbox 1548 687 1630 722; x_wconf 75' lang='lat' dir='ltr'><strong>Legio</strong></span> <span class='ocrx_word' id='word_1_198' title='bbox 1650 687 1772 719; x_wconf 86' lang='lat' dir='ltr'><strong>marinis,</strong></span> 
     </span>
    </p>
   </div>
   <div class='ocr_carea' id='block_1_30' title="bbox 992 732 1773 766">
    <p class='ocr_par' dir='ltr' id='par_1_30' title="bbox 992 732 1773 766">
     <span class='ocr_line' id='line_1_30' title="bbox 992 732 1773 766; baseline -0.001 -7"><span class='ocrx_word' id='word_1_199' title='bbox 992 732 1137 759; x_wconf 81' lang='lat' dir='ltr'><strong>suﬂocatur</strong></span> <span class='ocrx_word' id='word_1_200' title='bbox 1152 732 1185 760; x_wconf 83' lang='lat'><strong>&quot;.</strong></span> <span class='ocrx_word' id='word_1_201' title='bbox 1202 732 1314 764; x_wconf 79' lang='lat' dir='ltr'><strong>llursus,</strong></span> <span class='ocrx_word' id='word_1_202' title='bbox 1332 733 1357 759; x_wconf 92' lang='lat' dir='ltr'><strong>in</strong></span> <span class='ocrx_word' id='word_1_203' title='bbox 1377 733 1484 759; x_wconf 90' lang='lat' dir='ltr'><strong>domum</strong></span> <span class='ocrx_word' id='word_1_204' title='bbox 1495 752 1504 764; x_wconf 88' lang='lat'><strong>,</strong></span> <span class='ocrx_word' id='word_1_205' title='bbox 1518 739 1534 760; x_wconf 90' lang='lat' dir='ltr'><strong>e</strong></span> <span class='ocrx_word' id='word_1_206' title='bbox 1546 740 1596 766; x_wconf 88' lang='lat' dir='ltr'><strong>qua</strong></span> <span class='ocrx_word' id='word_1_207' title='bbox 1608 737 1773 763; x_wconf 85' lang='lat' dir='ltr'><strong>recesserat,</strong></span> 
     </span>
    </p>
   </div>
   <div class='ocr_carea' id='block_1_31' title="bbox 993 778 1775 812">
    <p class='ocr_par' dir='ltr' id='par_1_31' title="bbox 993 778 1775 812">
     <span class='ocr_line' id='line_1_31' title="bbox 993 778 1775 812; baseline 0 -8"><span class='ocrx_word' id='word_1_208' title='bbox 993 778 1146 805; x_wconf 82' lang='lat' dir='ltr'><strong>revertitur.</strong></span> <span class='ocrx_word' id='word_1_209' title='bbox 1168 778 1310 812; x_wconf 88' lang='lat' dir='ltr'><strong>lmpudens</strong></span> <span class='ocrx_word' id='word_1_210' title='bbox 1335 783 1387 810; x_wconf 88' lang='lat' dir='ltr'><strong>est,</strong></span> <span class='ocrx_word' id='word_1_211' title='bbox 1404 779 1530 812; x_wconf 77' lang='lat' dir='ltr'><strong>pervicax</strong></span> <span class='ocrx_word' id='word_1_212' title='bbox 1545 783 1596 811; x_wconf 86' lang='lat' dir='ltr'><strong>est,</strong></span> <span class='ocrx_word' id='word_1_213' title='bbox 1618 785 1711 804; x_wconf 78' lang='lat' dir='ltr'><strong>rursus</strong></span> <span class='ocrx_word' id='word_1_214' title='bbox 1725 778 1775 804; x_wconf 89' lang='lat' dir='ltr'><strong>im-</strong></span> 
     </span>
    </p>
   </div>
   <div class='ocr_carea' id='block_1_32' title="bbox 992 823 1773 857">
    <p class='ocr_par' dir='ltr' id='par_1_32' title="bbox 992 823 1773 857">
     <span class='ocr_line' id='line_1_32' title="bbox 992 823 1773 857; baseline -0.003 -6"><span class='ocrx_word' id='word_1_215' title='bbox 992 827 1082 857; x_wconf 83' lang='lat' dir='ltr'><strong>petum</strong></span> <span class='ocrx_word' id='word_1_216' title='bbox 1105 823 1181 856; x_wconf 87' lang='lat' dir='ltr'><strong>facit,</strong></span> <span class='ocrx_word' id='word_1_217' title='bbox 1195 831 1289 851; x_wconf 86' lang='lat' dir='ltr'><strong>rursus</strong></span> <span class='ocrx_word' id='word_1_218' title='bbox 1304 829 1397 850; x_wconf 86' lang='lat' dir='ltr'><strong>tentat.</strong></span> <span class='ocrx_word' id='word_1_219' title='bbox 1414 824 1452 852; x_wconf 79' lang='lat' dir='ltr'><strong>Ac</strong></span> <span class='ocrx_word' id='word_1_220' title='bbox 1471 824 1492 851; x_wconf 88' lang='lat' dir='ltr'><strong>si</strong></span> <span class='ocrx_word' id='word_1_221' title='bbox 1514 823 1621 857; x_wconf 87' lang='lat' dir='ltr'><strong>quidem</strong></span> <span class='ocrx_word' id='word_1_222' title='bbox 1638 823 1773 850; x_wconf 81' lang='lat' dir='ltr'><strong>Christum</strong></span> 
     </span>
    </p>
   </div>
   <div class='ocr_carea' id='block_1_33' title="bbox 994 869 1775 903">
    <p class='ocr_par' dir='ltr' id='par_1_33' title="bbox 994 869 1775 903">
     <span class='ocr_line' id='line_1_33' title="bbox 994 869 1775 903; baseline -0.001 -7"><span class='ocrx_word' id='word_1_223' title='bbox 994 869 1020 896; x_wconf 88' lang='lat' dir='ltr'><strong>in</strong></span> <span class='ocrx_word' id='word_1_224' title='bbox 1037 877 1068 896; x_wconf 87' lang='lat' dir='ltr'><strong>ca</strong></span> <span class='ocrx_word' id='word_1_225' title='bbox 1086 870 1281 896; x_wconf 84' lang='lat' dir='ltr'><strong>inhabitantem</strong></span> <span class='ocrx_word' id='word_1_226' title='bbox 1304 870 1455 902; x_wconf 86' lang='lat' dir='ltr'><strong>invenerit,</strong></span> <span class='ocrx_word' id='word_1_227' title='bbox 1471 875 1498 896; x_wconf 90' lang='lat' dir='ltr'><strong>et</strong></span> <span class='ocrx_word' id='word_1_228' title='bbox 1513 869 1599 896; x_wconf 89' lang='lat' dir='ltr'><strong>locum</strong></span> <span class='ocrx_word' id='word_1_229' title='bbox 1623 877 1701 903; x_wconf 83' lang='lat' dir='ltr'><strong>quem</strong></span> <span class='ocrx_word' id='word_1_230' title='bbox 1729 876 1775 896; x_wconf 92' lang='lat' dir='ltr'><strong>va-</strong></span> 
     </span>
    </p>
   </div>
   <div class='ocr_carea' id='block_1_34' title="bbox 156 905 940 951">
    <p class='ocr_par' dir='ltr' id='par_1_34' title="bbox 156 913 940 951">
     <span class='ocr_line' id='line_1_34' title="bbox 156 913 940 951; baseline 0.003 -11"><span class='ocrx_word' id='word_1_231' title='bbox 156 913 294 948; x_wconf 74' lang='grc' dir='ltr'>εκρούπθη</span> <span class='ocrx_word' id='word_1_232' title='bbox 318 915 415 946; x_wconf 74' lang='grc' dir='ltr'>πάλιν,</span> <span class='ocrx_word' id='word_1_233' title='bbox 442 915 561 950; x_wconf 78' lang='grc' dir='ltr'>ἀπῆλθεν</span> <span class='ocrx_word' id='word_1_234' title='bbox 584 915 862 950; x_wconf 77' lang='grc' dir='ltr'>ἀπρακτον,ἐλεεινὸν</span> <span class='ocrx_word' id='word_1_235' title='bbox 885 916 940 951; x_wconf 76' lang='grc'>(84)</span> 
     </span>
    </p>
   </div>
   <div class='ocr_carea' id='block_1_35' title="bbox 991 905 1774 951">
    <p class='ocr_par' dir='ltr' id='par_1_35' title="bbox 993 914 1774 950">
     <span class='ocr_line' id='line_1_35' title="bbox 993 914 1774 950; baseline -0.001 -8"><span class='ocrx_word' id='word_1_236' title='bbox 993 922 1072 942; x_wconf 92' lang='lat' dir='ltr'><strong>cuum</strong></span> <span class='ocrx_word' id='word_1_237' title='bbox 1088 915 1243 949; x_wconf 84' lang='lat' dir='ltr'><strong>reliquerat,</strong></span> <span class='ocrx_word' id='word_1_238' title='bbox 1253 917 1286 942; x_wconf 85' lang='lat' dir='ltr'><strong>ab</strong></span> <span class='ocrx_word' id='word_1_239' title='bbox 1298 923 1331 942; x_wconf 87' lang='lat' dir='ltr'><strong>eo</strong></span> <span class='ocrx_word' id='word_1_240' title='bbox 1344 915 1498 949; x_wconf 80' lang='lat' dir='ltr'><strong>impletum;</strong></span> <span class='ocrx_word' id='word_1_241' title='bbox 1514 923 1607 942; x_wconf 87' lang='lat' dir='ltr'><strong>rursus</strong></span> <span class='ocrx_word' id='word_1_242' title='bbox 1618 914 1774 950; x_wconf 86' lang='lat' dir='ltr'><strong>propellitur</strong></span> 
     </span>
    </p>
   </div>
   <div class='ocr_carea' id='block_1_36' title="bbox 156 958 940 997">
    <p class='ocr_par' dir='ltr' id='par_1_36' title="bbox 156 958 940 997">
     <span class='ocr_line' id='line_1_36' title="bbox 156 958 940 997; baseline 0.006 -14"><span class='ocrx_word' id='word_1_243' title='bbox 156 958 268 991; x_wconf 79' lang='grc' dir='ltr'>ἐγένετο</span> <span class='ocrx_word' id='word_1_244' title='bbox 289 959 337 994; x_wconf 75' lang='grc' dir='ltr'><strong>τῆς</strong></span> <span class='ocrx_word' id='word_1_245' title='bbox 359 960 590 996; x_wconf 78' lang='grc' dir='ltr'>περιπλανήσεως.</span> <span class='ocrx_word' id='word_1_246' title='bbox 623 961 684 987; x_wconf 79' lang='grc' dir='ltr'><strong>Ἐὰν</strong></span> <span class='ocrx_word' id='word_1_247' title='bbox 703 961 731 987; x_wconf 80' lang='grc' dir='ltr'><strong>δὲ</strong></span> <span class='ocrx_word' id='word_1_248' title='bbox 752 961 940 997; x_wconf 75' lang='grc' dir='ltr'><strong>σεσαρωμένον</strong></span> 
     </span>
    </p>
   </div>
   <div class='ocr_carea' id='block_1_37' title="bbox 156 1004 939 1043">
    <p class='ocr_par' dir='ltr' id='par_1_37' title="bbox 156 1004 939 1043">
     <span class='ocr_line' id='line_1_37' title="bbox 156 1004 939 1043; baseline 0.005 -13"><span class='ocrx_word' id='word_1_249' title='bbox 156 1004 205 1030; x_wconf 80' lang='grc' dir='ltr'><strong>καὶ</strong></span> <span class='ocrx_word' id='word_1_250' title='bbox 219 1006 427 1040; x_wconf 75' lang='grc' dir='ltr'><strong>κεκοσμημένον</strong></span> <span class='ocrx_word' id='word_1_251' title='bbox 444 1007 489 1033; x_wconf 83' lang='grc' dir='ltr'><strong>τὸν</strong></span> <span class='ocrx_word' id='word_1_252' title='bbox 500 1007 529 1033; x_wconf 78' lang='grc' dir='ltr'>ἐν</span> <span class='ocrx_word' id='word_1_253' title='bbox 543 1007 584 1034; x_wconf 76' lang='grc' dir='ltr'><strong>σοὶ</strong></span> <span class='ocrx_word' id='word_1_254' title='bbox 596 1007 677 1034; x_wconf 83' lang='grc' dir='ltr'>τόπον</span> <span class='ocrx_word' id='word_1_255' title='bbox 695 1006 779 1043; x_wconf 79' lang='grc' dir='ltr'>εὕρῃ.</span> <span class='ocrx_word' id='word_1_256' title='bbox 797 1007 874 1034; x_wconf 69' lang='grc' dir='ltr'>κενὸν</span> <span class='ocrx_word' id='word_1_257' title='bbox 892 1008 939 1034; x_wconf 79' lang='grc' dir='ltr'><strong>καὶ</strong></span> 
     </span>
    </p>
   </div>
   <div class='ocr_carea' id='block_1_38' title="bbox 155 1050 936 1090">
    <p class='ocr_par' dir='ltr' id='par_1_38' title="bbox 155 1050 936 1090">
     <span class='ocr_line' id='line_1_38' title="bbox 155 1050 936 1090; baseline 0.001 -13"><span class='ocrx_word' id='word_1_258' title='bbox 155 1050 315 1086; x_wconf 78' lang='grc' dir='ltr'>ἄπρακτον,</span> <span class='ocrx_word' id='word_1_259' title='bbox 335 1053 442 1079; x_wconf 70' lang='grc' dir='ltr'>ἕτοιμον</span> <span class='ocrx_word' id='word_1_260' title='bbox 459 1054 556 1088; x_wconf 77' lang='grc' dir='ltr'><strong>ἐπίσης</strong></span> <span class='ocrx_word' id='word_1_261' title='bbox 580 1054 648 1090; x_wconf 78' lang='grc' dir='ltr'>πρὸς</span> <span class='ocrx_word' id='word_1_262' title='bbox 671 1053 802 1088; x_wconf 84' lang='grc' dir='ltr'>ὑποδοχὴν</span> <span class='ocrx_word' id='word_1_263' title='bbox 824 1053 900 1079; x_wconf 70' lang='grc' dir='ltr'>τοῦδε</span> <span class='ocrx_word' id='word_1_264' title='bbox 920 1053 936 1088; x_wconf 88' lang='grc' dir='ltr'>ἢ</span> 
     </span>
    </p>
   </div>
   <div class='ocr_carea' id='block_1_39' title="bbox 155 1097 939 1134">
    <p class='ocr_par' dir='ltr' id='par_1_39' title="bbox 155 1097 939 1134">
     <span class='ocr_line' id='line_1_39' title="bbox 155 1097 939 1134; baseline 0 -10"><span class='ocrx_word' id='word_1_265' title='bbox 155 1097 234 1124; x_wconf 78' lang='grc' dir='ltr'>τοῦδε</span> <span class='ocrx_word' id='word_1_266' title='bbox 248 1098 295 1124; x_wconf 78' lang='grc' dir='ltr'>τοῦ</span> <span class='ocrx_word' id='word_1_267' title='bbox 309 1099 572 1134; x_wconf 74' lang='grc' dir='ltr'>προκαταλαϐόντος,</span> <span class='ocrx_word' id='word_1_268' title='bbox 587 1099 777 1134; x_wconf 80' lang='grc' dir='ltr'><strong>εἰσεπήδησεν,</strong></span> <span class='ocrx_word' id='word_1_269' title='bbox 792 1099 939 1134; x_wconf 80' lang='grc' dir='ltr'>εἰσῳκίσοη</span> 
     </span>
    </p>
   </div>
   <div class='ocr_carea' id='block_1_40' title="bbox 156 1143 940 1180">
    <p class='ocr_par' dir='ltr' id='par_1_40' title="bbox 156 1143 940 1180">
     <span class='ocr_line' id='line_1_40' title="bbox 156 1143 940 1180; baseline 0.003 -11"><span class='ocrx_word' id='word_1_270' title='bbox 156 1143 230 1176; x_wconf 73' lang='grc' dir='ltr'>μετὰ</span> <span class='ocrx_word' id='word_1_271' title='bbox 247 1144 371 1176; x_wconf 83' lang='grc' dir='ltr'>πλείονος</span> <span class='ocrx_word' id='word_1_272' title='bbox 386 1145 436 1180; x_wconf 79' lang='grc' dir='ltr'>τῆς</span> <span class='ocrx_word' id='word_1_273' title='bbox 453 1145 646 1180; x_wconf 80' lang='grc' dir='ltr'>παρασκευῆς,</span> <span class='ocrx_word' id='word_1_274' title='bbox 657 1145 704 1172; x_wconf 81' lang='grc' dir='ltr'>καὶ</span> <span class='ocrx_word' id='word_1_275' title='bbox 717 1145 821 1178; x_wconf 83' lang='grc' dir='ltr'>γίνεται</span> <span class='ocrx_word' id='word_1_276' title='bbox 839 1145 894 1180; x_wconf 77' lang='grc'>(85)</span> <span class='ocrx_word' id='word_1_277' title='bbox 906 1145 940 1171; x_wconf 81' lang='grc' dir='ltr'>τὰ</span> 
     </span>
    </p>
   </div>
   <div class='ocr_carea' id='block_1_41' title="bbox 154 1188 941 1226">
    <p class='ocr_par' dir='ltr' id='par_1_41' title="bbox 154 1188 941 1226">
     <span class='ocr_line' id='line_1_41' title="bbox 154 1188 941 1226; baseline 0.005 -13"><span class='ocrx_word' id='word_1_278' title='bbox 154 1188 259 1222; x_wconf 71' lang='grc' dir='ltr'>ἔσχατα</span> <span class='ocrx_word' id='word_1_279' title='bbox 275 1190 385 1224; x_wconf 79' lang='grc' dir='ltr'>χείρονα</span> <span class='ocrx_word' id='word_1_280' title='bbox 402 1190 455 1216; x_wconf 82' lang='grc' dir='ltr'>τῶν</span> <span class='ocrx_word' id='word_1_281' title='bbox 486 1190 628 1226; x_wconf 81' lang='grc' dir='ltr'>προτέρων</span> <span class='ocrx_word' id='word_1_282' title='bbox 656 1189 723 1223; x_wconf 81' lang='grc'>(86),</span> <span class='ocrx_word' id='word_1_283' title='bbox 737 1191 792 1225; x_wconf 83' lang='grc' dir='ltr'><strong>ὅσῳ</strong></span> <span class='ocrx_word' id='word_1_284' title='bbox 811 1190 871 1216; x_wconf 82' lang='grc' dir='ltr'>τότε</span> <span class='ocrx_word' id='word_1_285' title='bbox 892 1191 941 1226; x_wconf 86' lang='grc' dir='ltr'>μὲν</span> 
     </span>
    </p>
   </div>
   <div class='ocr_carea' id='block_1_42' title="bbox 155 1233 941 1271">
    <p class='ocr_par' dir='ltr' id='par_1_42' title="bbox 155 1233 941 1271">
     <span class='ocr_line' id='line_1_42' title="bbox 155 1233 941 1271; baseline 0.003 -11"><span class='ocrx_word' id='word_1_286' title='bbox 155 1233 235 1265; x_wconf 73' lang='grc' dir='ltr'>ἐλπὶς</span> <span class='ocrx_word' id='word_1_287' title='bbox 251 1233 285 1269; x_wconf 82' lang='grc' dir='ltr'><strong>ἦν</strong></span> <span class='ocrx_word' id='word_1_288' title='bbox 301 1235 468 1270; x_wconf 71' lang='grc' dir='ltr'>διορθώσεως</span> <span class='ocrx_word' id='word_1_289' title='bbox 482 1245 511 1262; x_wconf 81' lang='grc' dir='ltr'><strong>τε</strong></span> <span class='ocrx_word' id='word_1_290' title='bbox 526 1237 572 1262; x_wconf 79' lang='grc' dir='ltr'><strong>καὶ</strong></span> <span class='ocrx_word' id='word_1_291' title='bbox 588 1236 739 1270; x_wconf 79' lang='grc' dir='ltr'>ἀσφαλείας</span> <span class='ocrx_word' id='word_1_292' title='bbox 757 1236 832 1271; x_wconf 86' lang='grc'>(87)·</span> <span class='ocrx_word' id='word_1_293' title='bbox 849 1236 895 1264; x_wconf 80' lang='grc' dir='ltr'><strong>νῦν</strong></span> <span class='ocrx_word' id='word_1_294' title='bbox 913 1236 941 1263; x_wconf 80' lang='grc' dir='ltr'><strong>δὲ</strong></span> 
     </span>
    </p>
   </div>
   <div class='ocr_carea' id='block_1_43' title="bbox 156 1279 941 1318">
    <p class='ocr_par' dir='ltr' id='par_1_43' title="bbox 156 1279 941 1318">
     <span class='ocr_line' id='line_1_43' title="bbox 156 1279 941 1318; baseline 0.004 -13"><span class='ocrx_word' id='word_1_295' title='bbox 156 1279 292 1314; x_wconf 66' lang='grc' dir='ltr'>ἰιρὸδηλος</span> <span class='ocrx_word' id='word_1_296' title='bbox 306 1282 322 1315; x_wconf 83' lang='grc' dir='ltr'>ἡ</span> <span class='ocrx_word' id='word_1_297' title='bbox 346 1282 443 1313; x_wconf 75' lang='grc' dir='ltr'>κακία,</span> <span class='ocrx_word' id='word_1_298' title='bbox 458 1283 491 1317; x_wconf 84' lang='grc' dir='ltr'>τῇ</span> <span class='ocrx_word' id='word_1_299' title='bbox 513 1283 586 1317; x_wconf 80' lang='grc' dir='ltr'><strong>φυγῇ</strong></span> <span class='ocrx_word' id='word_1_300' title='bbox 607 1282 654 1308; x_wconf 75' lang='grc' dir='ltr'><strong>τοῦ</strong></span> <span class='ocrx_word' id='word_1_301' title='bbox 674 1282 758 1308; x_wconf 79' lang='grc' dir='ltr'>καλοῦ</span> <span class='ocrx_word' id='word_1_302' title='bbox 774 1282 804 1308; x_wconf 74' lang='grc' dir='ltr'>τὸ</span> <span class='ocrx_word' id='word_1_303' title='bbox 826 1282 941 1318; x_wconf 82' lang='grc' dir='ltr'>πονηρὸν</span> 
     </span>
    </p>
   </div>
   <div class='ocr_carea' id='block_1_44' title="bbox 154 1323 942 1364">
    <p class='ocr_par' dir='ltr' id='par_1_44' title="bbox 154 1323 942 1364">
     <span class='ocr_line' id='line_1_44' title="bbox 154 1323 942 1364; baseline 0.004 -13"><span class='ocrx_word' id='word_1_304' title='bbox 154 1326 275 1354; x_wconf 73' lang='grc' dir='ltr'>ἕλκουσα</span> <span class='ocrx_word' id='word_1_305' title='bbox 287 1335 294 1343; x_wconf 86' lang='lat'><strong>&#39;</strong></span> <span class='ocrx_word' id='word_1_306' title='bbox 310 1328 357 1354; x_wconf 76' lang='grc' dir='ltr'><strong>καὶ</strong></span> <span class='ocrx_word' id='word_1_307' title='bbox 368 1327 412 1354; x_wconf 78' lang='grc' dir='ltr'><strong>διὰ</strong></span> <span class='ocrx_word' id='word_1_308' title='bbox 423 1327 501 1354; x_wconf 76' lang='grc' dir='ltr'>τοῦτο</span> <span class='ocrx_word' id='word_1_309' title='bbox 518 1323 679 1364; x_wconf 63' lang='grc' dir='ltr'>βεϐαιοτέρα</span> <span class='ocrx_word' id='word_1_310' title='bbox 694 1328 749 1363; x_wconf 84' lang='grc'>(88)</span> <span class='ocrx_word' id='word_1_311' title='bbox 767 1327 805 1363; x_wconf 85' lang='grc' dir='ltr'>τῷ</span> <span class='ocrx_word' id='word_1_312' title='bbox 820 1329 942 1364; x_wconf 83' lang='grc' dir='ltr'>οἱκήτορι</span> 
     </span>
    </p>
   </div>
   <div class='ocr_carea' id='block_1_45' title="bbox 154 1371 361 1406">
    <p class='ocr_par' dir='ltr' id='par_1_45' title="bbox 154 1371 361 1406">
     <span class='ocr_line' id='line_1_45' title="bbox 154 1371 361 1406; baseline 0.005 -9"><span class='ocrx_word' id='word_1_313' title='bbox 154 1372 170 1405; x_wconf 87' lang='grc' dir='ltr'><strong>ή</strong></span> <span class='ocrx_word' id='word_1_314' title='bbox 183 1371 361 1406; x_wconf 66' lang='grc' dir='ltr'>κατὰτχεσις.</span> 
     </span>
    </p>
   </div>
   <div class='ocr_carea' id='block_1_46' title="bbox 991 960 1773 995">
    <p class='ocr_par' dir='ltr' id='par_1_46' title="bbox 991 960 1773 995">
     <span class='ocr_line' id='line_1_46' title="bbox 991 960 1773 995; baseline 0.001 -9"><span class='ocrx_word' id='word_1_315' title='bbox 991 966 1017 987; x_wconf 86' lang='lat' dir='ltr'><strong>ct</strong></span> <span class='ocrx_word' id='word_1_316' title='bbox 1030 960 1211 995; x_wconf 86' lang='lat' dir='ltr'><strong>propulsatur,</strong></span> <span class='ocrx_word' id='word_1_317' title='bbox 1228 961 1332 989; x_wconf 87' lang='lat' dir='ltr'><strong>infectis</strong></span> <span class='ocrx_word' id='word_1_318' title='bbox 1346 961 1425 988; x_wconf 84' lang='lat' dir='ltr'><strong>rebus</strong></span> <span class='ocrx_word' id='word_1_319' title='bbox 1436 962 1559 993; x_wconf 80' lang='lat' dir='ltr'><strong>discedit,</strong></span> <span class='ocrx_word' id='word_1_320' title='bbox 1575 960 1773 987; x_wconf 84' lang='lat' dir='ltr'><strong>obcrrationis-</strong></span> 
     </span>
    </p>
   </div>
   <div class='ocr_carea' id='block_1_47' title="bbox 990 1005 1774 1041">
    <p class='ocr_par' dir='ltr' id='par_1_47' title="bbox 990 1005 1774 1041">
     <span class='ocr_line' id='line_1_47' title="bbox 990 1005 1774 1041; baseline -0.001 -9"><span class='ocrx_word' id='word_1_321' title='bbox 990 1015 1041 1041; x_wconf 90' lang='lat' dir='ltr'><strong>que</strong></span> <span class='ocrx_word' id='word_1_322' title='bbox 1059 1007 1166 1034; x_wconf 81' lang='lat' dir='ltr'><strong>nomine</strong></span> <span class='ocrx_word' id='word_1_323' title='bbox 1179 1007 1262 1033; x_wconf 86' lang='lat' dir='ltr'><strong>miser</strong></span> <span class='ocrx_word' id='word_1_324' title='bbox 1287 1011 1314 1034; x_wconf 87' lang='lat' dir='ltr'><strong>et</strong></span> <span class='ocrx_word' id='word_1_325' title='bbox 1334 1006 1508 1034; x_wconf 81' lang='lat' dir='ltr'><strong>calamitosus</strong></span> <span class='ocrx_word' id='word_1_326' title='bbox 1528 1005 1645 1033; x_wconf 85' lang='lat' dir='ltr'><strong>exsistit.</strong></span> <span class='ocrx_word' id='word_1_327' title='bbox 1658 1005 1705 1032; x_wconf 90' lang='lat' dir='ltr'><strong>Sin</strong></span> <span class='ocrx_word' id='word_1_328' title='bbox 1726 1012 1774 1031; x_wconf 88' lang='lat' dir='ltr'><strong>au-</strong></span> 
     </span>
    </p>
   </div>
   <div class='ocr_carea' id='block_1_48' title="bbox 990 1051 1774 1086">
    <p class='ocr_par' dir='ltr' id='par_1_48' title="bbox 990 1051 1774 1086">
     <span class='ocr_line' id='line_1_48' title="bbox 990 1051 1774 1086; baseline -0.004 -7"><span class='ocrx_word' id='word_1_329' title='bbox 990 1056 1044 1079; x_wconf 88' lang='lat' dir='ltr'><strong>tem</strong></span> <span class='ocrx_word' id='word_1_330' title='bbox 1061 1053 1156 1079; x_wconf 72' lang='lat' dir='ltr'><strong>animae</strong></span> <span class='ocrx_word' id='word_1_331' title='bbox 1171 1057 1221 1079; x_wconf 66' lang='lat' dir='ltr'><strong>tua:</strong></span> <span class='ocrx_word' id='word_1_332' title='bbox 1239 1052 1328 1079; x_wconf 83' lang='lat' dir='ltr'><strong>sedem</strong></span> <span class='ocrx_word' id='word_1_333' title='bbox 1339 1072 1346 1084; x_wconf 87' lang='lat'><strong>,</strong></span> <span class='ocrx_word' id='word_1_334' title='bbox 1358 1052 1446 1084; x_wconf 88' lang='lat' dir='ltr'><strong>scopis</strong></span> <span class='ocrx_word' id='word_1_335' title='bbox 1460 1051 1566 1086; x_wconf 87' lang='lat' dir='ltr'><strong>quidem</strong></span> <span class='ocrx_word' id='word_1_336' title='bbox 1583 1051 1734 1078; x_wconf 79' lang='lat' dir='ltr'><strong>inundatam</strong></span> <span class='ocrx_word' id='word_1_337' title='bbox 1746 1053 1774 1077; x_wconf 80' lang='lat' dir='ltr'><strong>et</strong></span> 
     </span>
    </p>
   </div>
   <div class='ocr_carea' id='block_1_49' title="bbox 992 1096 1772 1132">
    <p class='ocr_par' dir='ltr' id='par_1_49' title="bbox 992 1096 1772 1132">
     <span class='ocr_line' id='line_1_49' title="bbox 992 1096 1772 1132; baseline -0.004 -8"><span class='ocrx_word' id='word_1_338' title='bbox 992 1103 1133 1132; x_wconf 86' lang='lat' dir='ltr'><strong>ornatam,</strong></span> <span class='ocrx_word' id='word_1_339' title='bbox 1154 1104 1279 1126; x_wconf 66' lang='lat' dir='ltr'><strong>caeterum</strong></span> <span class='ocrx_word' id='word_1_340' title='bbox 1295 1106 1405 1126; x_wconf 82' lang='lat' dir='ltr'><strong>vacuam</strong></span> <span class='ocrx_word' id='word_1_341' title='bbox 1434 1103 1460 1126; x_wconf 91' lang='lat' dir='ltr'><strong>et</strong></span> <span class='ocrx_word' id='word_1_342' title='bbox 1484 1098 1597 1125; x_wconf 90' lang='lat' dir='ltr'><strong>inertem</strong></span> <span class='ocrx_word' id='word_1_343' title='bbox 1612 1116 1620 1128; x_wconf 87' lang='lat'><strong>.</strong></span> <span class='ocrx_word' id='word_1_344' title='bbox 1641 1102 1720 1131; x_wconf 85' lang='lat' dir='ltr'><strong>atque</strong></span> <span class='ocrx_word' id='word_1_345' title='bbox 1739 1096 1772 1122; x_wconf 89' lang='lat' dir='ltr'><strong>ad</strong></span> 
     </span>
    </p>
   </div>
   <div class='ocr_carea' id='block_1_50' title="bbox 992 1140 1773 1178">
    <p class='ocr_par' dir='ltr' id='par_1_50' title="bbox 992 1140 1773 1178">
     <span class='ocr_line' id='line_1_50' title="bbox 992 1140 1773 1178; baseline -0.005 -8"><span class='ocrx_word' id='word_1_346' title='bbox 992 1143 1062 1170; x_wconf 91' lang='lat' dir='ltr'><strong>hunc</strong></span> <span class='ocrx_word' id='word_1_347' title='bbox 1075 1149 1118 1169; x_wconf 88' lang='lat' dir='ltr'><strong>aut</strong></span> <span class='ocrx_word' id='word_1_348' title='bbox 1141 1143 1213 1170; x_wconf 93' lang='lat' dir='ltr'><strong>illum</strong></span> <span class='ocrx_word' id='word_1_349' title='bbox 1229 1142 1426 1178; x_wconf 76' lang='lat' dir='ltr'><strong>excipiendum,</strong></span> <span class='ocrx_word' id='word_1_350' title='bbox 1442 1147 1501 1169; x_wconf 88' lang='lat' dir='ltr'><strong>ttter</strong></span> <span class='ocrx_word' id='word_1_351' title='bbox 1516 1142 1622 1169; x_wconf 81' lang='lat' dir='ltr'><strong>tandem</strong></span> <span class='ocrx_word' id='word_1_352' title='bbox 1646 1142 1719 1175; x_wconf 88' lang='lat' dir='ltr'><strong>prior</strong></span> <span class='ocrx_word' id='word_1_353' title='bbox 1732 1140 1773 1166; x_wconf 90' lang='lat' dir='ltr'><strong>in-</strong></span> 
     </span>
    </p>
   </div>
   <div class='ocr_carea' id='block_1_51' title="bbox 992 1185 1772 1223">
    <p class='ocr_par' dir='ltr' id='par_1_51' title="bbox 992 1185 1772 1223">
     <span class='ocr_line' id='line_1_51' title="bbox 992 1185 1772 1223; baseline -0.004 -8"><span class='ocrx_word' id='word_1_354' title='bbox 992 1189 1100 1219; x_wconf 83' lang='lat' dir='ltr'><strong>vaserit,</strong></span> <span class='ocrx_word' id='word_1_355' title='bbox 1121 1195 1197 1222; x_wconf 60' lang='lat' dir='ltr'><strong>teque</strong></span> <span class='ocrx_word' id='word_1_356' title='bbox 1215 1192 1398 1223; x_wconf 83' lang='lat' dir='ltr'><strong>comparatam</strong></span> <span class='ocrx_word' id='word_1_357' title='bbox 1415 1187 1562 1222; x_wconf 88' lang='lat' dir='ltr'><strong>repererit,</strong></span> <span class='ocrx_word' id='word_1_358' title='bbox 1583 1187 1609 1213; x_wconf 94' lang='lat' dir='ltr'><strong>in</strong></span> <span class='ocrx_word' id='word_1_359' title='bbox 1629 1194 1689 1213; x_wconf 89' lang='lat' dir='ltr'><strong>eam</strong></span> <span class='ocrx_word' id='word_1_360' title='bbox 1706 1185 1772 1212; x_wconf 86' lang='lat' dir='ltr'><strong>insi-</strong></span> 
     </span>
    </p>
   </div>
   <div class='ocr_carea' id='block_1_52' title="bbox 991 1231 1771 1268">
    <p class='ocr_par' dir='ltr' id='par_1_52' title="bbox 991 1231 1771 1268">
     <span class='ocr_line' id='line_1_52' title="bbox 991 1231 1771 1268; baseline -0.003 -8"><span class='ocrx_word' id='word_1_361' title='bbox 991 1233 1047 1266; x_wconf 87' lang='lat' dir='ltr'><strong>licl,</strong></span> <span class='ocrx_word' id='word_1_362' title='bbox 1071 1233 1153 1268; x_wconf 73' lang='lat'><strong>720</strong></span> <span class='ocrx_word' id='word_1_363' title='bbox 1172 1238 1207 1261; x_wconf 62' lang='lat' dir='ltr'><strong>‘et</strong></span> <span class='ocrx_word' id='word_1_364' title='bbox 1238 1242 1300 1261; x_wconf 90' lang='lat' dir='ltr'><strong>cum</strong></span> <span class='ocrx_word' id='word_1_365' title='bbox 1324 1233 1417 1268; x_wconf 81' lang='lat' dir='ltr'><strong>majori</strong></span> <span class='ocrx_word' id='word_1_366' title='bbox 1443 1237 1572 1268; x_wconf 82' lang='lat' dir='ltr'><strong>apparatu</strong></span> <span class='ocrx_word' id='word_1_367' title='bbox 1598 1231 1771 1266; x_wconf 80' lang='lat' dir='ltr'><strong>immigrabit,</strong></span> 
     </span>
    </p>
   </div>
   <div class='ocr_carea' id='block_1_53' title="bbox 991 1279 1773 1314">
    <p class='ocr_par' dir='ltr' id='par_1_53' title="bbox 991 1279 1773 1314">
     <span class='ocr_line' id='line_1_53' title="bbox 991 1279 1773 1314; baseline -0.004 -8"><span class='ocrx_word' id='word_1_368' title='bbox 991 1280 1109 1313; x_wconf 83' lang='lat' dir='ltr'><strong>fientque</strong></span> <span class='ocrx_word' id='word_1_369' title='bbox 1127 1279 1272 1306; x_wconf 84' lang='lat' dir='ltr'><strong>novissima</strong></span> <span class='ocrx_word' id='word_1_370' title='bbox 1289 1284 1363 1306; x_wconf 88' lang='lat' dir='ltr'><strong>tanto</strong></span> <span class='ocrx_word' id='word_1_371' title='bbox 1392 1279 1482 1314; x_wconf 77' lang='lat' dir='ltr'><strong>pejora</strong></span> <span class='ocrx_word' id='word_1_372' title='bbox 1507 1279 1658 1313; x_wconf 85' lang='lat' dir='ltr'><strong>prioribus,</strong></span> <span class='ocrx_word' id='word_1_373' title='bbox 1673 1281 1773 1312; x_wconf 86' lang='lat' dir='ltr'><strong>quanto</strong></span> 
     </span>
    </p>
   </div>
   <div class='ocr_carea' id='block_1_54' title="bbox 991 1324 1773 1359">
    <p class='ocr_par' dir='ltr' id='par_1_54' title="bbox 991 1324 1773 1359">
     <span class='ocr_line' id='line_1_54' title="bbox 991 1324 1773 1359; baseline -0.004 -8"><span class='ocrx_word' id='word_1_374' title='bbox 991 1325 1097 1359; x_wconf 81' lang='lat' dir='ltr'><strong>quidem</strong></span> <span class='ocrx_word' id='word_1_375' title='bbox 1111 1330 1166 1351; x_wconf 91' lang='lat' dir='ltr'><strong>tum</strong></span> <span class='ocrx_word' id='word_1_376' title='bbox 1179 1325 1373 1352; x_wconf 83' lang='lat' dir='ltr'><strong>emendationis</strong></span> <span class='ocrx_word' id='word_1_377' title='bbox 1396 1330 1423 1352; x_wconf 88' lang='lat' dir='ltr'><strong>et</strong></span> <span class='ocrx_word' id='word_1_378' title='bbox 1438 1325 1553 1359; x_wconf 63' lang='lat' dir='ltr'><strong>praesidii</strong></span> <span class='ocrx_word' id='word_1_379' title='bbox 1574 1332 1587 1350; x_wconf 90' lang='lat' dir='ltr'><strong>a</strong></span> <span class='ocrx_word' id='word_1_380' title='bbox 1612 1324 1773 1358; x_wconf 81' lang='lat' dir='ltr'><strong>baptismate</strong></span> 
     </span>
    </p>
   </div>
   <div class='ocr_carea' id='block_1_55' title="bbox 991 1367 1771 1405">
    <p class='ocr_par' dir='ltr' id='par_1_55' title="bbox 991 1367 1771 1405">
     <span class='ocr_line' id='line_1_55' title="bbox 991 1367 1771 1405; baseline -0.005 -8"><span class='ocrx_word' id='word_1_381' title='bbox 991 1378 1052 1405; x_wconf 84' lang='lat' dir='ltr'><strong>spes</strong></span> <span class='ocrx_word' id='word_1_382' title='bbox 1075 1376 1132 1397; x_wconf 83' lang='lat' dir='ltr'><strong>erat</strong></span> <span class='ocrx_word' id='word_1_383' title='bbox 1157 1380 1162 1397; x_wconf 95' lang='lat'>:</span> <span class='ocrx_word' id='word_1_384' title='bbox 1191 1378 1260 1398; x_wconf 90' lang='lat' dir='ltr'><strong>nunc</strong></span> <span class='ocrx_word' id='word_1_385' title='bbox 1288 1375 1378 1397; x_wconf 86' lang='lat' dir='ltr'><strong>autem</strong></span> <span class='ocrx_word' id='word_1_386' title='bbox 1410 1370 1549 1405; x_wconf 87' lang='lat' dir='ltr'><strong>perspicua</strong></span> <span class='ocrx_word' id='word_1_387' title='bbox 1578 1375 1604 1395; x_wconf 88' lang='lat' dir='ltr'><strong>et</strong></span> <span class='ocrx_word' id='word_1_388' title='bbox 1631 1367 1771 1395; x_wconf 81' lang='lat' dir='ltr'><strong>manifesta</strong></span> 
     </span>
    </p>
   </div>
   <div class='ocr_carea' id='block_1_56' title="bbox 153 1417 1768 1453">
    <p class='ocr_par' dir='ltr' id='par_1_56' title="bbox 153 1417 1768 1453">
     <span class='ocr_line' id='line_1_56' title="bbox 153 1417 1768 1453; baseline -0.001 -9"><span class='ocrx_word' id='word_1_389' title='bbox 153 1422 195 1445; x_wconf 89' lang='lat' dir='ltr'><strong>est</strong></span> <span class='ocrx_word' id='word_1_390' title='bbox 223 1419 352 1452; x_wconf 77' lang='lat' dir='ltr'><strong>pravitas,</strong></span> <span class='ocrx_word' id='word_1_391' title='bbox 378 1426 426 1453; x_wconf 89' lang='lat' dir='ltr'><strong>per</strong></span> <span class='ocrx_word' id='word_1_392' title='bbox 449 1419 509 1446; x_wconf 86' lang='lat' dir='ltr'><strong>boni</strong></span> <span class='ocrx_word' id='word_1_393' title='bbox 535 1419 623 1453; x_wconf 77' lang='lat' dir='ltr'><strong>fugam</strong></span> <span class='ocrx_word' id='word_1_394' title='bbox 640 1419 737 1446; x_wconf 81' lang='lat' dir='ltr'><strong>malum</strong></span> <span class='ocrx_word' id='word_1_395' title='bbox 761 1419 920 1452; x_wconf 84' lang='lat' dir='ltr'><strong>attrahcns;</strong></span> <span class='ocrx_word' id='word_1_396' title='bbox 941 1418 974 1445; x_wconf 90' lang='lat' dir='ltr'><strong>ob</strong></span> <span class='ocrx_word' id='word_1_397' title='bbox 988 1419 1067 1452; x_wconf 89' lang='lat' dir='ltr'><strong>idque</strong></span> <span class='ocrx_word' id='word_1_398' title='bbox 1083 1419 1186 1446; x_wconf 83' lang='lat' dir='ltr'><strong>lirmior</strong></span> <span class='ocrx_word' id='word_1_399' title='bbox 1197 1419 1251 1453; x_wconf 89' lang='lat' dir='ltr'><strong>jam</strong></span> <span class='ocrx_word' id='word_1_400' title='bbox 1269 1423 1296 1447; x_wconf 91' lang='lat' dir='ltr'><strong>et</strong></span> <span class='ocrx_word' id='word_1_401' title='bbox 1316 1419 1438 1447; x_wconf 79' lang='lat' dir='ltr'><strong>stabilior</strong></span> <span class='ocrx_word' id='word_1_402' title='bbox 1465 1418 1606 1445; x_wconf 80' lang='lat' dir='ltr'><strong>habitatori</strong></span> <span class='ocrx_word' id='word_1_403' title='bbox 1623 1417 1768 1452; x_wconf 74' lang='lat' dir='ltr'><strong>possessio.</strong></span> 
     </span>
    </p>
   </div>
   <div class='ocr_carea' id='block_1_57' title="bbox 187 1475 940 1511">
    <p class='ocr_par' dir='ltr' id='par_1_57' title="bbox 187 1475 939 1511">
     <span class='ocr_line' id='line_1_57' title="bbox 187 1475 939 1511; baseline 0.004 -11"><span class='ocrx_word' id='word_1_404' title='bbox 187 1475 259 1508; x_wconf 62' lang='grc' dir='ltr'><strong>ΑΕΓ.</strong></span> <span class='ocrx_word' id='word_1_405' title='bbox 281 1475 365 1502; x_wconf 69' lang='grc' dir='ltr'>Πάλιν</span> <span class='ocrx_word' id='word_1_406' title='bbox 387 1475 536 1511; x_wconf 75' lang='grc' dir='ltr'><strong>ὑπομνήσω</strong></span> <span class='ocrx_word' id='word_1_407' title='bbox 563 1484 592 1502; x_wconf 86' lang='grc' dir='ltr'><strong>σε</strong></span> <span class='ocrx_word' id='word_1_408' title='bbox 617 1476 672 1503; x_wconf 80' lang='grc' dir='ltr'>τῶν</span> <span class='ocrx_word' id='word_1_409' title='bbox 700 1476 863 1511; x_wconf 81' lang='grc' dir='ltr'><strong>φωτισμῶν,</strong></span> <span class='ocrx_word' id='word_1_410' title='bbox 891 1476 939 1503; x_wconf 77' lang='grc' dir='ltr'><strong>καὶ</strong></span> 
     </span>
    </p>
   </div>
   <div class='ocr_carea' id='block_1_58' title="bbox 991 1475 1773 1511">
    <p class='ocr_par' dir='ltr' id='par_1_58' title="bbox 1026 1475 1773 1510">
     <span class='ocr_line' id='line_1_58' title="bbox 1026 1475 1773 1510; baseline -0.004 -6"><span class='ocrx_word' id='word_1_411' title='bbox 1026 1476 1145 1504; x_wconf 76' lang='lat' dir='ltr'><strong>XXXVI.</strong></span> <span class='ocrx_word' id='word_1_412' title='bbox 1162 1477 1264 1504; x_wconf 77' lang='lat' dir='ltr'><strong>Rursus</strong></span> <span class='ocrx_word' id='word_1_413' title='bbox 1280 1477 1426 1508; x_wconf 79' lang='lat' dir='ltr'><strong>enimvero,</strong></span> <span class='ocrx_word' id='word_1_414' title='bbox 1448 1484 1480 1504; x_wconf 83' lang='lat' dir='ltr'><strong>ac</strong></span> <span class='ocrx_word' id='word_1_415' title='bbox 1500 1477 1597 1510; x_wconf 55' lang='lat' dir='ltr'><strong>saepius</strong></span> <span class='ocrx_word' id='word_1_416' title='bbox 1615 1476 1661 1502; x_wconf 89' lang='lat' dir='ltr'><strong>tibi</strong></span> <span class='ocrx_word' id='word_1_417' title='bbox 1681 1475 1773 1502; x_wconf 86' lang='lat' dir='ltr'><strong>Lumi-</strong></span> 
     </span>
    </p>
   </div>
   <div class='ocr_carea' id='block_1_59' title="bbox 155 1521 939 1557">
    <p class='ocr_par' dir='ltr' id='par_1_59' title="bbox 155 1521 939 1557">
     <span class='ocr_line' id='line_1_59' title="bbox 155 1521 939 1557; baseline 0.004 -11"><span class='ocrx_word' id='word_1_418' title='bbox 155 1521 287 1552; x_wconf 74' lang='grc' dir='ltr'>πολλάκις</span> <span class='ocrx_word' id='word_1_419' title='bbox 301 1523 333 1547; x_wconf 78' lang='grc' dir='ltr'>ἐκ</span> <span class='ocrx_word' id='word_1_420' title='bbox 344 1521 398 1547; x_wconf 85' lang='grc' dir='ltr'>τῶν</span> <span class='ocrx_word' id='word_1_421' title='bbox 411 1521 489 1548; x_wconf 78' lang='grc' dir='ltr'>θείων</span> <span class='ocrx_word' id='word_1_422' title='bbox 499 1523 597 1556; x_wconf 77' lang='grc' dir='ltr'>λογίων</span> <span class='ocrx_word' id='word_1_423' title='bbox 607 1522 719 1554; x_wconf 81' lang='grc' dir='ltr'><strong>τούτους</strong></span> <span class='ocrx_word' id='word_1_424' title='bbox 730 1523 939 1557; x_wconf 81' lang='grc' dir='ltr'>ἀναλεγόμενος.</span> 
     </span>
    </p>
   </div>
   <div class='ocr_carea' id='block_1_60' title="bbox 153 1567 938 1604">
    <p class='ocr_par' dir='ltr' id='par_1_60' title="bbox 153 1567 938 1604">
     <span class='ocr_line' id='line_1_60' title="bbox 153 1567 938 1604; baseline 0.004 -12"><span class='ocrx_word' id='word_1_425' title='bbox 153 1567 240 1597; x_wconf 81' lang='grc' dir='ltr'>Αὐτός</span> <span class='ocrx_word' id='word_1_426' title='bbox 250 1575 279 1592; x_wconf 84' lang='grc' dir='ltr'><strong>τε</strong></span> <span class='ocrx_word' id='word_1_427' title='bbox 292 1567 534 1602; x_wconf 72' lang='grc' dir='ltr'>γάρήδξωνὲσομαι</span> <span class='ocrx_word' id='word_1_428' title='bbox 544 1569 577 1603; x_wconf 87' lang='grc' dir='ltr'>τῇ</span> <span class='ocrx_word' id='word_1_429' title='bbox 589 1568 690 1594; x_wconf 73' lang='grc' dir='ltr'>τούτων</span> <span class='ocrx_word' id='word_1_430' title='bbox 705 1569 798 1604; x_wconf 83' lang='grc' dir='ltr'>μνήμῃ</span> <span class='ocrx_word' id='word_1_431' title='bbox 809 1588 815 1599; x_wconf 85' lang='grc'><strong>,</strong></span> <span class='ocrx_word' id='word_1_432' title='bbox 831 1569 868 1603; x_wconf 82' lang='grc' dir='ltr'>(τί</span> <span class='ocrx_word' id='word_1_433' title='bbox 883 1568 938 1604; x_wconf 81' lang='grc' dir='ltr'><strong>γὰρ</strong></span> 
     </span>
    </p>
   </div>
   <div class='ocr_carea' id='block_1_61' title="bbox 155 1608 940 1649">
    <p class='ocr_par' dir='ltr' id='par_1_61' title="bbox 155 1608 940 1649">
     <span class='ocr_line' id='line_1_61' title="bbox 155 1608 940 1649; baseline 0.003 -11"><span class='ocrx_word' id='word_1_434' title='bbox 155 1613 243 1647; x_wconf 76' lang='grc' dir='ltr'>φωτὸς</span> <span class='ocrx_word' id='word_1_435' title='bbox 259 1608 403 1648; x_wconf 69' lang='grc' dir='ltr'>ήδύτερον,</span> <span class='ocrx_word' id='word_1_436' title='bbox 417 1616 473 1645; x_wconf 79' lang='grc' dir='ltr'>τοῖς</span> <span class='ocrx_word' id='word_1_437' title='bbox 497 1613 584 1647; x_wconf 72' lang='grc' dir='ltr'>φωτὸς</span> <span class='ocrx_word' id='word_1_438' title='bbox 603 1613 658 1649; x_wconf 88' lang='grc'>(89)</span> <span class='ocrx_word' id='word_1_439' title='bbox 675 1614 875 1649; x_wconf 64' lang='grc' dir='ltr'>γευσαμένοις)</span> <span class='ocrx_word' id='word_1_440' title='bbox 894 1614 940 1640; x_wconf 79' lang='grc' dir='ltr'><strong>καὶ</strong></span> 
     </span>
    </p>
   </div>
   <div class='ocr_carea' id='block_1_62' title="bbox 156 1659 941 1695">
    <p class='ocr_par' dir='ltr' id='par_1_62' title="bbox 156 1659 941 1695">
     <span class='ocr_line' id='line_1_62' title="bbox 156 1659 941 1695; baseline 0.003 -11"><span class='ocrx_word' id='word_1_441' title='bbox 156 1659 185 1684; x_wconf 80' lang='grc' dir='ltr'><strong>σὲ</strong></span> <span class='ocrx_word' id='word_1_442' title='bbox 199 1659 400 1694; x_wconf 73' lang='grc' dir='ltr'>περιαστράψω</span> <span class='ocrx_word' id='word_1_443' title='bbox 414 1661 469 1690; x_wconf 86' lang='grc' dir='ltr'>τοῖς</span> <span class='ocrx_word' id='word_1_444' title='bbox 482 1659 651 1694; x_wconf 86' lang='grc' dir='ltr'>λεγομένοις.</span> <span class='ocrx_word' id='word_1_445' title='bbox 666 1659 730 1692; x_wconf 83' lang='grc' dir='ltr'><strong>Φῶς</strong></span> <span class='ocrx_word' id='word_1_446' title='bbox 745 1660 796 1695; x_wconf 78' lang='grc' dir='ltr'>μὲν</span> <span class='ocrx_word' id='word_1_447' title='bbox 808 1660 941 1687; x_wconf 76' lang='grc' dir='ltr'>ἀνέτειλε</span> 
     </span>
    </p>
   </div>
   <div class='ocr_carea' id='block_1_63' title="bbox 155 1703 941 1740">
    <p class='ocr_par' dir='ltr' id='par_1_63' title="bbox 155 1703 941 1740">
     <span class='ocr_line' id='line_1_63' title="bbox 155 1703 941 1740; baseline 0.001 -10"><span class='ocrx_word' id='word_1_448' title='bbox 155 1704 195 1737; x_wconf 85' lang='grc' dir='ltr'>τῷ</span> <span class='ocrx_word' id='word_1_449' title='bbox 209 1704 332 1738; x_wconf 66' lang='grc' dir='ltr'>δικαίῳ,</span> <span class='ocrx_word' id='word_1_450' title='bbox 348 1705 395 1730; x_wconf 77' lang='grc' dir='ltr'><strong>καὶ</strong></span> <span class='ocrx_word' id='word_1_451' title='bbox 413 1705 428 1739; x_wconf 87' lang='grc' dir='ltr'><strong>ή</strong></span> <span class='ocrx_word' id='word_1_452' title='bbox 443 1704 538 1731; x_wconf 86' lang='grc' dir='ltr'>τούτου</span> <span class='ocrx_word' id='word_1_453' title='bbox 556 1703 671 1738; x_wconf 77' lang='grc' dir='ltr'><strong>σύζυγος</strong></span> <span class='ocrx_word' id='word_1_454' title='bbox 686 1705 838 1740; x_wconf 69' lang='grc' dir='ltr'>εὐφροσύνη</span> <span class='ocrx_word' id='word_1_455' title='bbox 851 1713 857 1718; x_wconf 93' lang='grc'><strong>·</strong></span> <span class='ocrx_word' id='word_1_456' title='bbox 876 1705 941 1737; x_wconf 78' lang='grc' dir='ltr'><strong>Φῶς</strong></span> 
     </span>
    </p>
   </div>
   <div class='ocr_carea' id='block_1_64' title="bbox 154 1750 940 1785">
    <p class='ocr_par' dir='ltr' id='par_1_64' title="bbox 154 1750 940 1785">
     <span class='ocr_line' id='line_1_64' title="bbox 154 1750 940 1785; baseline 0 -8"><span class='ocrx_word' id='word_1_457' title='bbox 154 1751 182 1777; x_wconf 76' lang='grc' dir='ltr'><strong>δὲ</strong></span> <span class='ocrx_word' id='word_1_458' title='bbox 194 1750 323 1783; x_wconf 75' lang='grc' dir='ltr'>δικαίοις</span> <span class='ocrx_word' id='word_1_459' title='bbox 333 1750 383 1777; x_wconf 82' lang='grc' dir='ltr'><strong>διὰ</strong></span> <span class='ocrx_word' id='word_1_460' title='bbox 394 1751 518 1783; x_wconf 69' lang='grc' dir='ltr'>παντός.</span> <span class='ocrx_word' id='word_1_461' title='bbox 532 1750 663 1782; x_wconf 78' lang='grc' dir='ltr'>Φωτίζεις</span> <span class='ocrx_word' id='word_1_462' title='bbox 673 1750 700 1776; x_wconf 81' lang='grc' dir='ltr'><strong>δὲ</strong></span> <span class='ocrx_word' id='word_1_463' title='bbox 713 1750 753 1777; x_wconf 86' lang='grc' dir='ltr'>σὺ</span> <span class='ocrx_word' id='word_1_464' title='bbox 764 1750 940 1785; x_wconf 85' lang='grc' dir='ltr'>θαυμαστῶς</span> 
     </span>
    </p>
   </div>
   <div class='ocr_carea' id='block_1_65' title="bbox 155 1794 941 1830">
    <p class='ocr_par' dir='ltr' id='par_1_65' title="bbox 155 1794 941 1830">
     <span class='ocr_line' id='line_1_65' title="bbox 155 1794 941 1830; baseline 0 -8"><span class='ocrx_word' id='word_1_465' title='bbox 155 1795 214 1822; x_wconf 73' lang='grc' dir='ltr'><strong>ἀπὸ</strong></span> <span class='ocrx_word' id='word_1_466' title='bbox 231 1794 325 1829; x_wconf 83' lang='grc' dir='ltr'>ὀρέων</span> <span class='ocrx_word' id='word_1_467' title='bbox 343 1795 484 1827; x_wconf 60' lang='grc' dir='ltr'><strong>αἰωνίων,</strong></span> <span class='ocrx_word' id='word_1_468' title='bbox 501 1795 569 1830; x_wconf 81' lang='grc' dir='ltr'>πρὸς</span> <span class='ocrx_word' id='word_1_469' title='bbox 583 1794 628 1820; x_wconf 82' lang='grc' dir='ltr'><strong>τὸν</strong></span> <span class='ocrx_word' id='word_1_470' title='bbox 644 1794 709 1820; x_wconf 71' lang='grc' dir='ltr'>Θεὸν</span> <span class='ocrx_word' id='word_1_471' title='bbox 723 1794 842 1827; x_wconf 75' lang='grc' dir='ltr'>λέγεται·</span> <span class='ocrx_word' id='word_1_472' title='bbox 859 1796 941 1829; x_wconf 80' lang='grc' dir='ltr'>ἀγγε-</span> 
     </span>
    </p>
   </div>
   <div class='ocr_carea' id='block_1_66' title="bbox 155 1839 940 1876">
    <p class='ocr_par' dir='ltr' id='par_1_66' title="bbox 155 1839 940 1876">
     <span class='ocr_line' id='line_1_66' title="bbox 155 1839 940 1876; baseline -0.001 -9"><span class='ocrx_word' id='word_1_473' title='bbox 155 1841 239 1868; x_wconf 77' lang='grc' dir='ltr'>λικῶν</span> <span class='ocrx_word' id='word_1_474' title='bbox 249 1863 255 1873; x_wconf 92' lang='grc'><strong>,</strong></span> <span class='ocrx_word' id='word_1_475' title='bbox 274 1839 367 1875; x_wconf 81' lang='grc' dir='ltr'>οἶμαι,</span> <span class='ocrx_word' id='word_1_476' title='bbox 383 1840 537 1876; x_wconf 83' lang='grc' dir='ltr'>δυνάμεων,</span> <span class='ocrx_word' id='word_1_477' title='bbox 551 1840 579 1866; x_wconf 79' lang='grc' dir='ltr'>αἲ</span> <span class='ocrx_word' id='word_1_478' title='bbox 598 1840 774 1876; x_wconf 77' lang='grc' dir='ltr'>συνεργοῦσιν</span> <span class='ocrx_word' id='word_1_479' title='bbox 793 1841 858 1875; x_wconf 85' lang='grc' dir='ltr'>ἡμῖν</span> <span class='ocrx_word' id='word_1_480' title='bbox 872 1841 940 1876; x_wconf 70' lang='grc' dir='ltr'>πρὸς</span> 
     </span>
    </p>
   </div>
   <div class='ocr_carea' id='block_1_67' title="bbox 155 1887 937 1923">
    <p class='ocr_par' dir='ltr' id='par_1_67' title="bbox 155 1887 937 1923">
     <span class='ocr_line' id='line_1_67' title="bbox 155 1887 937 1923; baseline 0 -10"><span class='ocrx_word' id='word_1_481' title='bbox 155 1888 188 1914; x_wconf 71' lang='grc' dir='ltr'>τὰ</span> <span class='ocrx_word' id='word_1_482' title='bbox 204 1887 357 1923; x_wconf 77' lang='grc' dir='ltr'>κρείττονα.</span> <span class='ocrx_word' id='word_1_483' title='bbox 375 1888 481 1920; x_wconf 84' lang='grc' dir='ltr'>Κύριος</span> <span class='ocrx_word' id='word_1_484' title='bbox 490 1887 520 1913; x_wconf 85' lang='grc' dir='ltr'><strong>δὲ</strong></span> <span class='ocrx_word' id='word_1_485' title='bbox 527 1888 678 1921; x_wconf 59' lang='grc' dir='ltr'>φωτισμός</span> <span class='ocrx_word' id='word_1_486' title='bbox 687 1896 757 1921; x_wconf 84' lang='grc' dir='ltr'>μου,</span> <span class='ocrx_word' id='word_1_487' title='bbox 773 1888 825 1914; x_wconf 77' lang='grc' dir='ltr'><strong>παὶ</strong></span> <span class='ocrx_word' id='word_1_488' title='bbox 836 1887 937 1920; x_wconf 82' lang='grc' dir='ltr'>σωτήρ</span> 
     </span>
    </p>
   </div>
   <div class='ocr_carea' id='block_1_68' title="bbox 155 1932 942 1967">
    <p class='ocr_par' dir='ltr' id='par_1_68' title="bbox 155 1932 942 1967">
     <span class='ocr_line' id='line_1_68' title="bbox 155 1932 942 1967; baseline 0 -8"><span class='ocrx_word' id='word_1_489' title='bbox 155 1941 211 1965; x_wconf 79' lang='grc' dir='ltr'>μου</span> <span class='ocrx_word' id='word_1_490' title='bbox 227 1942 231 1948; x_wconf 94' lang='grc'><strong><em>-</em></strong></span> <span class='ocrx_word' id='word_1_491' title='bbox 254 1933 323 1959; x_wconf 76' lang='grc' dir='ltr'>τινα</span> <span class='ocrx_word' id='word_1_492' title='bbox 344 1932 568 1967; x_wconf 70' lang='grc' dir='ltr'><strong>φοϐηθήσομαι;</strong></span> <span class='ocrx_word' id='word_1_493' title='bbox 589 1932 642 1959; x_wconf 79' lang='grc' dir='ltr'>Τοῦ</span> <span class='ocrx_word' id='word_1_494' title='bbox 662 1933 744 1959; x_wconf 72' lang='grc' dir='ltr'><strong>Δαὸὶδ</strong></span> <span class='ocrx_word' id='word_1_495' title='bbox 763 1933 882 1967; x_wconf 72' lang='grc' dir='ltr'>ἤκουσας</span> <span class='ocrx_word' id='word_1_496' title='bbox 902 1933 942 1959; x_wconf 81' lang='grc' dir='ltr'><strong>λέ-</strong></span> 
     </span>
    </p>
   </div>
   <div class='ocr_carea' id='block_1_69' title="bbox 155 1978 940 2014">
    <p class='ocr_par' dir='ltr' id='par_1_69' title="bbox 155 1978 940 2014">
     <span class='ocr_line' id='line_1_69' title="bbox 155 1978 940 2014; baseline 0 -9"><span class='ocrx_word' id='word_1_497' title='bbox 155 1987 251 2011; x_wconf 79' lang='grc' dir='ltr'>γοντος</span> <span class='ocrx_word' id='word_1_498' title='bbox 263 1988 270 1994; x_wconf 89' lang='grc'><strong>·</strong></span> <span class='ocrx_word' id='word_1_499' title='bbox 286 1978 334 2005; x_wconf 74' lang='grc' dir='ltr'>καὶ</span> <span class='ocrx_word' id='word_1_500' title='bbox 351 1978 417 2004; x_wconf 82' lang='grc' dir='ltr'>ποτὲ</span> <span class='ocrx_word' id='word_1_501' title='bbox 434 1978 483 2013; x_wconf 85' lang='grc' dir='ltr'><strong>μὲν</strong></span> <span class='ocrx_word' id='word_1_502' title='bbox 499 1978 637 2010; x_wconf 81' lang='grc' dir='ltr'>αἰτοῦντος</span> <span class='ocrx_word' id='word_1_503' title='bbox 655 1979 709 2013; x_wconf 86' lang='grc'>(90)</span> <span class='ocrx_word' id='word_1_504' title='bbox 726 1978 940 2014; x_wconf 79' lang='grc' dir='ltr'>ἐξαποσταλῆναι</span> 
     </span>
    </p>
   </div>
   <div class='ocr_carea' id='block_1_70' title="bbox 155 2023 941 2060">
    <p class='ocr_par' dir='ltr' id='par_1_70' title="bbox 155 2023 941 2060">
     <span class='ocr_line' id='line_1_70' title="bbox 155 2023 941 2060; baseline 0.001 -10"><span class='ocrx_word' id='word_1_505' title='bbox 155 2025 184 2050; x_wconf 86' lang='grc' dir='ltr'><strong>τὸ</strong></span> <span class='ocrx_word' id='word_1_506' title='bbox 196 2024 258 2058; x_wconf 72' lang='grc' dir='ltr'><strong>φῶς</strong></span> <span class='ocrx_word' id='word_1_507' title='bbox 266 2023 342 2058; x_wconf 83' lang='grc' dir='ltr'><strong>αὑτῷ</strong></span> <span class='ocrx_word' id='word_1_508' title='bbox 356 2024 403 2050; x_wconf 72' lang='grc' dir='ltr'><strong>καὶ</strong></span> <span class='ocrx_word' id='word_1_509' title='bbox 415 2023 464 2059; x_wconf 76' lang='grc' dir='ltr'>τὴν</span> <span class='ocrx_word' id='word_1_510' title='bbox 476 2024 603 2059; x_wconf 80' lang='grc' dir='ltr'>ἁλήοειαν</span> <span class='ocrx_word' id='word_1_511' title='bbox 614 2033 621 2040; x_wconf 71' lang='grc' dir='ltr'><strong><em>υ</em></strong></span> <span class='ocrx_word' id='word_1_512' title='bbox 634 2024 699 2050; x_wconf 81' lang='grc' dir='ltr'>ποτὲ</span> <span class='ocrx_word' id='word_1_513' title='bbox 711 2024 738 2051; x_wconf 83' lang='grc' dir='ltr'><strong>δὲ</strong></span> <span class='ocrx_word' id='word_1_514' title='bbox 749 2024 941 2060; x_wconf 75' lang='grc' dir='ltr'>εὐχαριστοῦν-</span> 
     </span>
    </p>
   </div>
   <div class='ocr_carea' id='block_1_71' title="bbox 155 2069 942 2106">
    <p class='ocr_par' dir='ltr' id='par_1_71' title="bbox 155 2069 942 2106">
     <span class='ocr_line' id='line_1_71' title="bbox 155 2069 942 2106; baseline 0 -10"><span class='ocrx_word' id='word_1_515' title='bbox 155 2078 214 2102; x_wconf 74' lang='grc' dir='ltr'>τος,</span> <span class='ocrx_word' id='word_1_516' title='bbox 227 2070 272 2096; x_wconf 78' lang='grc' dir='ltr'><strong>ὅτι</strong></span> <span class='ocrx_word' id='word_1_517' title='bbox 288 2071 334 2096; x_wconf 77' lang='grc' dir='ltr'>καὶ</span> <span class='ocrx_word' id='word_1_518' title='bbox 350 2069 403 2104; x_wconf 83' lang='grc'>(91)</span> <span class='ocrx_word' id='word_1_519' title='bbox 419 2069 515 2096; x_wconf 81' lang='grc' dir='ltr'>τούτου</span> <span class='ocrx_word' id='word_1_520' title='bbox 530 2070 706 2104; x_wconf 66' lang='grc' dir='ltr'>μετείληφεν,</span> <span class='ocrx_word' id='word_1_521' title='bbox 722 2071 751 2096; x_wconf 82' lang='grc' dir='ltr'><strong>ὲν</strong></span> <span class='ocrx_word' id='word_1_522' title='bbox 768 2070 807 2105; x_wconf 82' lang='grc' dir='ltr'>τῷ</span> <span class='ocrx_word' id='word_1_523' title='bbox 824 2079 942 2106; x_wconf 79' lang='grc' dir='ltr'>σημειω-</span> 
     </span>
    </p>
   </div>
   <div class='ocr_carea' id='block_1_72' title="bbox 156 2115 941 2152">
    <p class='ocr_par' dir='ltr' id='par_1_72' title="bbox 156 2115 941 2152">
     <span class='ocr_line' id='line_1_72' title="bbox 156 2115 941 2152; baseline 0 -11"><span class='ocrx_word' id='word_1_524' title='bbox 156 2115 233 2150; x_wconf 76' lang='grc' dir='ltr'>θῆναι</span> <span class='ocrx_word' id='word_1_525' title='bbox 255 2115 286 2141; x_wconf 80' lang='grc' dir='ltr'><strong>τὸ</strong></span> <span class='ocrx_word' id='word_1_526' title='bbox 302 2116 348 2141; x_wconf 83' lang='grc' dir='ltr'>τοῦ</span> <span class='ocrx_word' id='word_1_527' title='bbox 364 2115 430 2141; x_wconf 73' lang='grc' dir='ltr'>Θεοῦ</span> <span class='ocrx_word' id='word_1_528' title='bbox 455 2115 512 2149; x_wconf 71' lang='grc' dir='ltr'><strong>φῶς</strong></span> <span class='ocrx_word' id='word_1_529' title='bbox 528 2116 571 2141; x_wconf 74' lang='grc' dir='ltr'><strong>ἐπ’</strong></span> <span class='ocrx_word' id='word_1_530' title='bbox 591 2116 686 2148; x_wconf 79' lang='grc' dir='ltr'>αὐτὸν,</span> <span class='ocrx_word' id='word_1_531' title='bbox 709 2116 848 2142; x_wconf 78' lang='grc' dir='ltr'>τουτέστιν</span> <span class='ocrx_word' id='word_1_532' title='bbox 865 2117 941 2152; x_wconf 73' lang='grc' dir='ltr'>ἐνση-</span> 
     </span>
    </p>
   </div>
   <div class='ocr_carea' id='block_1_73' title="bbox 157 2160 938 2196">
    <p class='ocr_par' dir='ltr' id='par_1_73' title="bbox 157 2160 938 2196">
     <span class='ocr_line' id='line_1_73' title="bbox 157 2160 938 2196; baseline 0 -9"><span class='ocrx_word' id='word_1_533' title='bbox 157 2161 293 2196; x_wconf 72' lang='grc' dir='ltr'>μανϋῆναι</span> <span class='ocrx_word' id='word_1_534' title='bbox 310 2162 357 2187; x_wconf 77' lang='grc' dir='ltr'>καὶ</span> <span class='ocrx_word' id='word_1_535' title='bbox 372 2160 556 2196; x_wconf 78' lang='grc' dir='ltr'>γνωρισθῆναι</span> <span class='ocrx_word' id='word_1_536' title='bbox 569 2160 624 2195; x_wconf 63' lang='lat'><strong>(92)</strong></span> <span class='ocrx_word' id='word_1_537' title='bbox 641 2161 676 2187; x_wconf 79' lang='grc' dir='ltr'>τὰ</span> <span class='ocrx_word' id='word_1_538' title='bbox 691 2162 791 2196; x_wconf 82' lang='grc' dir='ltr'>σημεῖα</span> <span class='ocrx_word' id='word_1_539' title='bbox 803 2161 852 2196; x_wconf 84' lang='grc' dir='ltr'><strong>τῆς</strong></span> <span class='ocrx_word' id='word_1_540' title='bbox 868 2161 938 2187; x_wconf 84' lang='grc' dir='ltr'>δεδο-</span> 
     </span>
    </p>
   </div>
   <div class='ocr_carea' id='block_1_74' title="bbox 158 2206 938 2242">
    <p class='ocr_par' dir='ltr' id='par_1_74' title="bbox 158 2206 938 2242">
     <span class='ocr_line' id='line_1_74' title="bbox 158 2206 938 2242; baseline 0 -10"><span class='ocrx_word' id='word_1_541' title='bbox 158 2207 239 2242; x_wconf 78' lang='grc' dir='ltr'>μένης</span> <span class='ocrx_word' id='word_1_542' title='bbox 262 2207 317 2242; x_wconf 76' lang='lat'><strong>(93)</strong></span> <span class='ocrx_word' id='word_1_543' title='bbox 340 2207 510 2242; x_wconf 75' lang='grc' dir='ltr'>ἐλλάμψεως.</span> <span class='ocrx_word' id='word_1_544' title='bbox 527 2207 574 2233; x_wconf 86' lang='grc' dir='ltr'><strong>Ἓν</strong></span> <span class='ocrx_word' id='word_1_545' title='bbox 598 2206 678 2241; x_wconf 84' lang='grc' dir='ltr'>μόνον</span> <span class='ocrx_word' id='word_1_546' title='bbox 700 2207 757 2241; x_wconf 80' lang='grc' dir='ltr'><strong>φῶς</strong></span> <span class='ocrx_word' id='word_1_547' title='bbox 779 2206 938 2241; x_wconf 78' lang='grc' dir='ltr'>φεύγωμεν,</span> 
     </span>
    </p>
   </div>
   <div class='ocr_carea' id='block_1_75' title="bbox 158 2252 938 2289">
    <p class='ocr_par' dir='ltr' id='par_1_75' title="bbox 158 2252 938 2289">
     <span class='ocr_line' id='line_1_75' title="bbox 158 2252 938 2289; baseline -0.001 -10"><span class='ocrx_word' id='word_1_548' title='bbox 158 2254 183 2279; x_wconf 70' lang='grc' dir='ltr'><strong>τὸ</strong></span> <span class='ocrx_word' id='word_1_549' title='bbox 201 2253 248 2280; x_wconf 78' lang='grc' dir='ltr'><strong>τοῦ</strong></span> <span class='ocrx_word' id='word_1_550' title='bbox 270 2253 369 2288; x_wconf 76' lang='grc' dir='ltr'>πικροῦ</span> <span class='ocrx_word' id='word_1_551' title='bbox 390 2254 475 2289; x_wconf 79' lang='grc' dir='ltr'>πυρὸς</span> <span class='ocrx_word' id='word_1_552' title='bbox 494 2253 614 2287; x_wconf 76' lang='grc' dir='ltr'>ἔκγονον.</span> <span class='ocrx_word' id='word_1_553' title='bbox 632 2252 678 2287; x_wconf 86' lang='grc' dir='ltr'><strong>Μὴ</strong></span> <span class='ocrx_word' id='word_1_554' title='bbox 692 2252 866 2287; x_wconf 83' lang='grc' dir='ltr'>πορευοῶμεν</span> <span class='ocrx_word' id='word_1_555' title='bbox 883 2252 938 2287; x_wconf 72' lang='grc'>(94)</span> 
     </span>
    </p>
   </div>
   <div class='ocr_carea' id='block_1_76' title="bbox 159 2295 940 2335">
    <p class='ocr_par' dir='ltr' id='par_1_76' title="bbox 159 2295 940 2335">
     <span class='ocr_line' id='line_1_76' title="bbox 159 2295 940 2335; baseline -0.003 -10"><span class='ocrx_word' id='word_1_556' title='bbox 159 2299 192 2334; x_wconf 73' lang='grc' dir='ltr'>τῷ</span> <span class='ocrx_word' id='word_1_557' title='bbox 211 2300 284 2333; x_wconf 68' lang='grc' dir='ltr'>φωτὶ</span> <span class='ocrx_word' id='word_1_558' title='bbox 302 2299 349 2325; x_wconf 83' lang='grc' dir='ltr'>τοῦ</span> <span class='ocrx_word' id='word_1_559' title='bbox 370 2299 453 2335; x_wconf 80' lang='grc' dir='ltr'>πυρὸς</span> <span class='ocrx_word' id='word_1_560' title='bbox 473 2299 564 2334; x_wconf 78' lang='grc' dir='ltr'>ἡμῶν,</span> <span class='ocrx_word' id='word_1_561' title='bbox 583 2299 629 2324; x_wconf 75' lang='grc' dir='ltr'>καὶ</span> <span class='ocrx_word' id='word_1_562' title='bbox 650 2299 683 2332; x_wconf 89' lang='grc' dir='ltr'>τῇ</span> <span class='ocrx_word' id='word_1_563' title='bbox 700 2297 777 2332; x_wconf 73' lang='grc' dir='ltr'>φλογὶ</span> <span class='ocrx_word' id='word_1_564' title='bbox 827 2297 940 2330; x_wconf 81' lang='grc' dir='ltr'>ἐξεκαύ-</span> 
     </span>
    </p>
   </div>
   <div class='ocr_carea' id='block_1_77' title="bbox 157 2342 939 2380">
    <p class='ocr_par' dir='ltr' id='par_1_77' title="bbox 157 2342 939 2380">
     <span class='ocr_line' id='line_1_77' title="bbox 157 2342 939 2380; baseline -0.004 -9"><span class='ocrx_word' id='word_1_565' title='bbox 157 2353 251 2380; x_wconf 72' lang='grc' dir='ltr'>σαμεν,</span> <span class='ocrx_word' id='word_1_566' title='bbox 264 2343 331 2371; x_wconf 62' lang='lat' dir='ltr'><strong>uta;</strong></span> <span class='ocrx_word' id='word_1_567' title='bbox 342 2344 395 2380; x_wconf 81' lang='grc' dir='ltr'><strong>γὰρ</strong></span> <span class='ocrx_word' id='word_1_568' title='bbox 410 2344 465 2379; x_wconf 76' lang='grc' dir='ltr'>πῦρ</span> <span class='ocrx_word' id='word_1_569' title='bbox 491 2344 546 2380; x_wconf 73' lang='grc' dir='ltr'>(9Ξὶ)</span> <span class='ocrx_word' id='word_1_570' title='bbox 574 2344 768 2379; x_wconf 79' lang='grc' dir='ltr'>καθαρτήριον,</span> <span class='ocrx_word' id='word_1_571' title='bbox 793 2343 807 2369; x_wconf 84' lang='grc' dir='ltr'><strong>ὃ</strong></span> <span class='ocrx_word' id='word_1_572' title='bbox 824 2342 939 2377; x_wconf 79' lang='grc' dir='ltr'>Χριστὸς</span> 
     </span>
    </p>
   </div>
   <div class='ocr_carea' id='block_1_78' title="bbox 195 2409 758 2443">
    <p class='ocr_par' dir='ltr' id='par_1_78' title="bbox 195 2409 758 2443">
     <span class='ocr_line' id='line_1_78' title="bbox 195 2409 758 2443; baseline -0.004 -6"><span class='ocrx_word' id='word_1_573' title='bbox 195 2412 217 2427; x_wconf 61' lang='grc'><strong>³⁵</strong></span> <span class='ocrx_word' id='word_1_574' title='bbox 231 2411 299 2438; x_wconf 75' lang='lat' dir='ltr'><strong>an.</strong></span> <span class='ocrx_word' id='word_1_575' title='bbox 314 2419 350 2441; x_wconf 73' lang='grc' dir='ltr'>κι,</span> <span class='ocrx_word' id='word_1_576' title='bbox 361 2411 394 2436; x_wconf 66' lang='grc'><strong>24</strong></span> <span class='ocrx_word' id='word_1_577' title='bbox 407 2419 465 2443; x_wconf 90' lang='lat' dir='ltr'><strong>sqq.</strong></span> <span class='ocrx_word' id='word_1_578' title='bbox 504 2411 526 2426; x_wconf 82' lang='lat'><strong>&quot;</strong></span> <span class='ocrx_word' id='word_1_579' title='bbox 536 2411 617 2437; x_wconf 80' lang='lat' dir='ltr'><strong>Marc.</strong></span> <span class='ocrx_word' id='word_1_580' title='bbox 629 2417 655 2441; x_wconf 81' lang='grc' dir='ltr'><strong>ν,</strong></span> <span class='ocrx_word' id='word_1_581' title='bbox 668 2409 684 2436; x_wconf 88' lang='grc'><strong>9</strong></span> <span class='ocrx_word' id='word_1_582' title='bbox 698 2417 758 2443; x_wconf 87' lang='lat' dir='ltr'><strong>sqq.</strong></span> 
     </span>
    </p>
   </div>
   <div class='ocr_carea' id='block_1_79' title="bbox 158 2443 787 2479">
    <p class='ocr_par' dir='ltr' id='par_1_79' title="bbox 158 2443 787 2479">
     <span class='ocr_line' id='line_1_79' title="bbox 158 2443 787 2479; baseline -0.006 -7"><span class='ocrx_word' id='word_1_583' title='bbox 158 2453 227 2479; x_wconf 70' lang='lat' dir='ltr'><strong>xxvi,</strong></span> <span class='ocrx_word' id='word_1_584' title='bbox 242 2447 266 2473; x_wconf 83' lang='grc' dir='ltr'>Ι.</span> <span class='ocrx_word' id='word_1_585' title='bbox 306 2446 329 2461; x_wconf 73' lang='grc' dir='ltr'><strong>ὀ</strong></span> <span class='ocrx_word' id='word_1_586' title='bbox 344 2446 416 2473; x_wconf 73' lang='lat' dir='ltr'><strong>l’sal.</strong></span> <span class='ocrx_word' id='word_1_587' title='bbox 431 2454 495 2477; x_wconf 77' lang='lat' dir='ltr'><strong>xui,</strong></span> <span class='ocrx_word' id='word_1_588' title='bbox 514 2446 539 2473; x_wconf 82' lang='lat'><strong>5.</strong></span> <span class='ocrx_word' id='word_1_589' title='bbox 577 2445 598 2461; x_wconf 81' lang='grc'>⁹¹</span> <span class='ocrx_word' id='word_1_590' title='bbox 614 2444 685 2472; x_wconf 80' lang='lat' dir='ltr'><strong>Psal.</strong></span> <span class='ocrx_word' id='word_1_591' title='bbox 710 2451 744 2476; x_wconf 84' lang='lat' dir='ltr'><strong>Iv,</strong></span> <span class='ocrx_word' id='word_1_592' title='bbox 762 2443 787 2469; x_wconf 90' lang='lat'><strong>7.</strong></span> 
     </span>
    </p>
   </div>
   <div class='ocr_carea' id='block_1_80' title="bbox 191 2523 769 2559">
    <p class='ocr_par' dir='ltr' id='par_1_80' title="bbox 191 2523 769 2559">
     <span class='ocr_line' id='line_1_80' title="bbox 191 2523 769 2559; baseline -0.003 -8"><span class='ocrx_word' id='word_1_593' title='bbox 191 2523 246 2557; x_wconf 67' lang='grc' dir='ltr'>(δῖ)</span> <span class='ocrx_word' id='word_1_594' title='bbox 268 2524 397 2557; x_wconf 79' lang='grc' dir='ltr'>Δέχεται.</span> <span class='ocrx_word' id='word_1_595' title='bbox 412 2525 476 2559; x_wconf 74' lang='lat' dir='ltr'><strong>Reg.</strong></span> <span class='ocrx_word' id='word_1_596' title='bbox 490 2524 568 2552; x_wconf 77' lang='lat' dir='ltr'><strong>M:Il..</strong></span> <span class='ocrx_word' id='word_1_597' title='bbox 583 2523 769 2558; x_wconf 75' lang='grc' dir='ltr'>καταδέχεται.</span> 
     </span>
    </p>
   </div>
   <div class='ocr_carea' id='block_1_81' title="bbox 191 2559 739 2591">
    <p class='ocr_par' dir='ltr' id='par_1_81' title="bbox 191 2559 739 2591">
     <span class='ocr_line' id='line_1_81' title="bbox 191 2559 739 2591; baseline -0.002 -6"><span class='ocrx_word' id='word_1_598' title='bbox 191 2559 247 2590; x_wconf 62' lang='lat'><strong>(83)</strong></span> <span class='ocrx_word' id='word_1_599' title='bbox 268 2559 346 2591; x_wconf 79' lang='grc' dir='ltr'><strong>Πρὸς</strong></span> <span class='ocrx_word' id='word_1_600' title='bbox 358 2559 418 2586; x_wconf 83' lang='grc' dir='ltr'>τόν.</span> <span class='ocrx_word' id='word_1_601' title='bbox 436 2560 461 2586; x_wconf 87' lang='grc' dir='ltr'>Ιιι</span> <span class='ocrx_word' id='word_1_602' title='bbox 477 2559 620 2590; x_wconf 73' lang='lat' dir='ltr'><strong>nomiullis,</strong></span> <span class='ocrx_word' id='word_1_603' title='bbox 633 2560 673 2590; x_wconf 81' lang='grc' dir='ltr'>εἰς</span> <span class='ocrx_word' id='word_1_604' title='bbox 685 2559 739 2585; x_wconf 82' lang='grc' dir='ltr'>τόν.</span> 
     </span>
    </p>
   </div>
   <div class='ocr_carea' id='block_1_82' title="bbox 191 2592 938 2628">
    <p class='ocr_par' dir='ltr' id='par_1_82' title="bbox 191 2592 938 2628">
     <span class='ocr_line' id='line_1_82' title="bbox 191 2592 938 2628; baseline 0.001 -9"><span class='ocrx_word' id='word_1_605' title='bbox 191 2594 247 2628; x_wconf 71' lang='grc'>(84)</span> <span class='ocrx_word' id='word_1_606' title='bbox 269 2594 447 2627; x_wconf 74' lang='grc' dir='ltr'>Ἀπρακτον,</span> <span class='ocrx_word' id='word_1_607' title='bbox 477 2594 620 2621; x_wconf 73' lang='grc' dir='ltr'>ἐλεεινόν.</span> <span class='ocrx_word' id='word_1_608' title='bbox 655 2594 699 2620; x_wconf 80' lang='lat' dir='ltr'><strong>Sic</strong></span> <span class='ocrx_word' id='word_1_609' title='bbox 728 2595 779 2620; x_wconf 88' lang='lat' dir='ltr'><strong>duo</strong></span> <span class='ocrx_word' id='word_1_610' title='bbox 810 2592 885 2620; x_wconf 83' lang='lat' dir='ltr'><strong>Culb.</strong></span> <span class='ocrx_word' id='word_1_611' title='bbox 914 2597 938 2619; x_wconf 71' lang='lat' dir='ltr'><strong>el</strong></span> 
     </span>
    </p>
   </div>
   <div class='ocr_carea' id='block_1_83' title="bbox 159 2627 693 2664">
    <p class='ocr_par' dir='ltr' id='par_1_83' title="bbox 159 2627 693 2664">
     <span class='ocr_line' id='line_1_83' title="bbox 159 2627 693 2664; baseline 0 -10"><span class='ocrx_word' id='word_1_612' title='bbox 159 2629 242 2664; x_wconf 52' lang='lat' dir='ltr'><strong>Coisl.</strong></span> <span class='ocrx_word' id='word_1_613' title='bbox 253 2629 278 2654; x_wconf 81' lang='grc' dir='ltr'>Ι.</span> <span class='ocrx_word' id='word_1_614' title='bbox 299 2627 325 2664; x_wconf 83' lang='lat' dir='ltr'><strong>In</strong></span> <span class='ocrx_word' id='word_1_615' title='bbox 342 2630 396 2664; x_wconf 80' lang='lat' dir='ltr'><strong>ed.,</strong></span> <span class='ocrx_word' id='word_1_616' title='bbox 407 2629 554 2664; x_wconf 82' lang='grc' dir='ltr'>ἄπρακτος,</span> <span class='ocrx_word' id='word_1_617' title='bbox 570 2628 693 2664; x_wconf 81' lang='grc' dir='ltr'>ἐλεεινός.</span> 
     </span>
    </p>
   </div>
   <div class='ocr_carea' id='block_1_84' title="bbox 194 2662 939 2723">
    <p class='ocr_par' dir='ltr' id='par_1_84' title="bbox 194 2662 939 2723">
     <span class='ocr_line' id='line_1_84' title="bbox 194 2662 939 2723; baseline 0 -34"><span class='ocrx_word' id='word_1_618' title='bbox 194 2662 324 2723; x_wconf 65' lang='grc' dir='ltr'><strong>(85)ίΚαὶ</strong></span> <span class='ocrx_word' id='word_1_619' title='bbox 342 2662 460 2723; x_wconf 32' lang='lat' dir='ltr'><strong>spiram.</strong></span> <span class='ocrx_word' id='word_1_620' title='bbox 480 2665 525 2691; x_wconf 72' lang='lat' dir='ltr'><strong>Sic</strong></span> <span class='ocrx_word' id='word_1_621' title='bbox 540 2664 629 2698; x_wconf 84' lang='lat' dir='ltr'><strong>plures</strong></span> <span class='ocrx_word' id='word_1_622' title='bbox 641 2663 724 2698; x_wconf 75' lang='lat' dir='ltr'><strong>Hegg.</strong></span> <span class='ocrx_word' id='word_1_623' title='bbox 737 2668 764 2690; x_wconf 86' lang='lat' dir='ltr'><strong>et</strong></span> <span class='ocrx_word' id='word_1_624' title='bbox 775 2663 868 2690; x_wconf 88' lang='lat' dir='ltr'><strong>Comb.</strong></span> <span class='ocrx_word' id='word_1_625' title='bbox 887 2662 939 2690; x_wconf 87' lang='lat' dir='ltr'><strong>De-</strong></span> 
     </span>
     <span class='ocr_line' id='line_1_85' title="bbox 215 2705 365 2723; baseline 0.007 -1"><span class='ocrx_word' id='word_1_626' title='bbox 215 2705 251 2723; x_wconf 85' lang='grc' dir='ltr'><strong>κα</strong></span> <span class='ocrx_word' id='word_1_627' title='bbox 278 2706 302 2723; x_wconf 74' lang='lat' dir='ltr'>III</span> <span class='ocrx_word' id='word_1_628' title='bbox 323 2706 345 2723; x_wconf 56' lang='lat' dir='ltr'><strong>(ﬁt</strong></span> <span class='ocrx_word' id='word_1_629' title='bbox 358 2717 365 2723; x_wconf 83' lang='lat'>.</span> 
     </span>
    </p>
   </div>
   <div class='ocr_carea' id='block_1_85' title="bbox 159 2700 365 2724">
    <p class='ocr_par' dir='ltr' id='par_1_85' title="bbox 159 2700 365 2724">
     <span class='ocr_line' id='line_1_86' title="bbox 159 2700 365 2724; baseline -0.005 0"><span class='ocrx_word' id='word_1_630' title='bbox 159 2703 200 2724; x_wconf 80' lang='lat' dir='ltr'><strong>est</strong></span> <span class='ocrx_word' id='word_1_631' title='bbox 215 2700 262 2723; x_wconf 85' lang='grc' dir='ltr'><strong>καί</strong></span> <span class='ocrx_word' id='word_1_632' title='bbox 278 2700 302 2723; x_wconf 90' lang='lat' dir='ltr'><strong>in</strong></span> <span class='ocrx_word' id='word_1_633' title='bbox 323 2700 365 2724; x_wconf 83' lang='lat' dir='ltr'><strong>ed.</strong></span> 
     </span>
    </p>
   </div>
   <div class='ocr_carea' id='block_1_86' title="bbox 194 2731 771 2767">
    <p class='ocr_par' dir='ltr' id='par_1_86' title="bbox 194 2731 771 2767">
     <span class='ocr_line' id='line_1_87' title="bbox 194 2731 771 2767; baseline 0 -9"><span class='ocrx_word' id='word_1_634' title='bbox 194 2732 249 2766; x_wconf 68' lang='lat'><strong>(85)</strong></span> <span class='ocrx_word' id='word_1_635' title='bbox 268 2731 428 2766; x_wconf 75' lang='grc' dir='ltr'>Προτέρων.</span> <span class='ocrx_word' id='word_1_636' title='bbox 450 2731 476 2758; x_wconf 90' lang='lat' dir='ltr'><strong>In</strong></span> <span class='ocrx_word' id='word_1_637' title='bbox 490 2732 633 2764; x_wconf 79' lang='lat' dir='ltr'><strong>nonnullis,</strong></span> <span class='ocrx_word' id='word_1_638' title='bbox 647 2732 771 2767; x_wconf 84' lang='grc' dir='ltr'>πρώτων.</span> 
     </span>
    </p>
   </div>
   <div class='ocr_carea' id='block_1_87' title="bbox 196 2767 732 2802">
    <p class='ocr_par' dir='ltr' id='par_1_87' title="bbox 196 2767 732 2802">
     <span class='ocr_line' id='line_1_88' title="bbox 196 2767 732 2802; baseline 0.002 -10"><span class='ocrx_word' id='word_1_639' title='bbox 196 2767 251 2800; x_wconf 76' lang='lat'><strong>(87)</strong></span> <span class='ocrx_word' id='word_1_640' title='bbox 277 2768 466 2800; x_wconf 66' lang='grc' dir='ltr'>Ἀσφαλείιις.</span> <span class='ocrx_word' id='word_1_641' title='bbox 485 2767 551 2797; x_wconf 79' lang='lat' dir='ltr'><strong>.les..</strong></span> <span class='ocrx_word' id='word_1_642' title='bbox 566 2767 732 2802; x_wconf 75' lang='grc' dir='ltr'>ἐπιμελείας.</span> 
     </span>
    </p>
   </div>
   <div class='ocr_carea' id='block_1_88' title="bbox 196 2802 762 2835">
    <p class='ocr_par' dir='ltr' id='par_1_88' title="bbox 196 2802 762 2835">
     <span class='ocr_line' id='line_1_89' title="bbox 196 2802 762 2835; baseline 0.004 -9"><span class='ocrx_word' id='word_1_643' title='bbox 196 2802 253 2835; x_wconf 68' lang='lat'><strong>(88)</strong></span> <span class='ocrx_word' id='word_1_644' title='bbox 272 2802 455 2835; x_wconf 75' lang='grc' dir='ltr'>Βεϐαιότερα.</span> <span class='ocrx_word' id='word_1_645' title='bbox 472 2802 553 2829; x_wconf 81' lang='lat' dir='ltr'><strong>Coisl.</strong></span> <span class='ocrx_word' id='word_1_646' title='bbox 567 2803 579 2829; x_wconf 78' lang='grc'><strong>1</strong></span> <span class='ocrx_word' id='word_1_647' title='bbox 599 2803 681 2835; x_wconf 81' lang='lat' dir='ltr'><strong>addit,</strong></span> <span class='ocrx_word' id='word_1_648' title='bbox 694 2803 762 2834; x_wconf 84' lang='grc' dir='ltr'>πῶς.</span> 
     </span>
    </p>
   </div>
   <div class='ocr_carea' id='block_1_89' title="bbox 197 2835 588 2870">
    <p class='ocr_par' dir='ltr' id='par_1_89' title="bbox 197 2835 588 2870">
     <span class='ocr_line' id='line_1_90' title="bbox 197 2835 588 2870; baseline 0.003 -9"><span class='ocrx_word' id='word_1_649' title='bbox 197 2835 253 2870; x_wconf 81' lang='grc'>(89)</span> <span class='ocrx_word' id='word_1_650' title='bbox 273 2837 381 2868; x_wconf 77' lang='grc' dir='ltr'><strong>Φωτός.</strong></span> <span class='ocrx_word' id='word_1_651' title='bbox 398 2837 511 2863; x_wconf 73' lang='grc' dir='ltr'>υοοειίιι</span> <span class='ocrx_word' id='word_1_652' title='bbox 529 2837 588 2864; x_wconf 79' lang='lat' dir='ltr'><strong>Par.</strong></span> 
     </span>
    </p>
   </div>
   <div class='ocr_carea' id='block_1_90' title="bbox 198 2870 944 2905">
    <p class='ocr_par' dir='ltr' id='par_1_90' title="bbox 198 2870 944 2905">
     <span class='ocr_line' id='line_1_91' title="bbox 198 2870 944 2905; baseline 0.003 -9"><span class='ocrx_word' id='word_1_653' title='bbox 198 2870 253 2904; x_wconf 76' lang='grc'>(90)</span> <span class='ocrx_word' id='word_1_654' title='bbox 274 2870 442 2905; x_wconf 75' lang='grc' dir='ltr'>Αἱτοῦντος.</span> <span class='ocrx_word' id='word_1_655' title='bbox 456 2871 501 2899; x_wconf 83' lang='lat' dir='ltr'><strong>Sic</strong></span> <span class='ocrx_word' id='word_1_656' title='bbox 514 2877 569 2899; x_wconf 87' lang='lat' dir='ltr'><strong>tres</strong></span> <span class='ocrx_word' id='word_1_657' title='bbox 582 2871 676 2903; x_wconf 66' lang='grc' dir='ltr'>Ιίριιιι..</span> <span class='ocrx_word' id='word_1_658' title='bbox 689 2876 741 2900; x_wconf 85' lang='lat' dir='ltr'><strong>etc.</strong></span> <span class='ocrx_word' id='word_1_659' title='bbox 755 2871 783 2899; x_wconf 91' lang='lat' dir='ltr'><strong>ln</strong></span> <span class='ocrx_word' id='word_1_660' title='bbox 794 2871 836 2899; x_wconf 91' lang='lat' dir='ltr'><strong>ed.</strong></span> <span class='ocrx_word' id='word_1_661' title='bbox 849 2876 874 2899; x_wconf 88' lang='lat' dir='ltr'><strong>ct</strong></span> <span class='ocrx_word' id='word_1_662' title='bbox 886 2870 944 2900; x_wconf 82' lang='lat' dir='ltr'><strong>cui-</strong></span> 
     </span>
    </p>
   </div>
   <div class='ocr_carea' id='block_1_91' title="bbox 812 2407 1061 2440">
    <p class='ocr_par' dir='ltr' id='par_1_91' title="bbox 812 2407 1061 2440">
     <span class='ocr_line' id='line_1_92' title="bbox 812 2407 1061 2440; baseline 0.012 -7"><span class='ocrx_word' id='word_1_663' title='bbox 812 2409 835 2424; x_wconf 77' lang='grc'><strong>⁵⁸</strong></span> <span class='ocrx_word' id='word_1_664' title='bbox 847 2407 918 2434; x_wconf 81' lang='lat' dir='ltr'><strong>Psal.</strong></span> <span class='ocrx_word' id='word_1_665' title='bbox 931 2415 1000 2440; x_wconf 78' lang='lat' dir='ltr'><strong>xcvi,</strong></span> <span class='ocrx_word' id='word_1_666' title='bbox 1022 2410 1061 2436; x_wconf 88' lang='lat' dir='ltr'><strong>ll.</strong></span> 
     </span>
    </p>
   </div>
   <div class='ocr_carea' id='block_1_92' title="bbox 992 1523 1771 1556">
    <p class='ocr_par' dir='ltr' id='par_1_92' title="bbox 992 1523 1771 1556">
     <span class='ocr_line' id='line_1_93' title="bbox 992 1523 1771 1556; baseline -0.003 -7"><span class='ocrx_word' id='word_1_667' title='bbox 992 1531 1053 1550; x_wconf 90' lang='lat' dir='ltr'><strong>num</strong></span> <span class='ocrx_word' id='word_1_668' title='bbox 1069 1523 1230 1549; x_wconf 81' lang='lat' dir='ltr'><strong>memoriam</strong></span> <span class='ocrx_word' id='word_1_669' title='bbox 1249 1523 1392 1556; x_wconf 83' lang='lat' dir='ltr'><strong>refricaho,</strong></span> <span class='ocrx_word' id='word_1_670' title='bbox 1411 1530 1444 1548; x_wconf 84' lang='lat' dir='ltr'><strong>ex</strong></span> <span class='ocrx_word' id='word_1_671' title='bbox 1469 1523 1616 1549; x_wconf 85' lang='lat' dir='ltr'><strong>litterarum</strong></span> <span class='ocrx_word' id='word_1_672' title='bbox 1634 1529 1771 1548; x_wconf 82' lang='lat' dir='ltr'><strong>sacrarunt</strong></span> 
     </span>
    </p>
   </div>
   <div class='ocr_carea' id='block_1_93' title="bbox 992 1567 1773 1603">
    <p class='ocr_par' dir='ltr' id='par_1_93' title="bbox 992 1567 1773 1603">
     <span class='ocr_line' id='line_1_94' title="bbox 992 1567 1773 1603; baseline -0.004 -7"><span class='ocrx_word' id='word_1_673' title='bbox 992 1569 1173 1596; x_wconf 88' lang='lat' dir='ltr'><strong>monumentis</strong></span> <span class='ocrx_word' id='word_1_674' title='bbox 1194 1576 1225 1595; x_wconf 88' lang='lat' dir='ltr'><strong>ea</strong></span> <span class='ocrx_word' id='word_1_675' title='bbox 1249 1569 1385 1603; x_wconf 75' lang='lat' dir='ltr'><strong>colligens.</strong></span> <span class='ocrx_word' id='word_1_676' title='bbox 1400 1567 1467 1594; x_wconf 85' lang='lat' dir='ltr'><strong>Nam</strong></span> <span class='ocrx_word' id='word_1_677' title='bbox 1491 1572 1517 1594; x_wconf 89' lang='lat' dir='ltr'><strong>et</strong></span> <span class='ocrx_word' id='word_1_678' title='bbox 1534 1567 1590 1602; x_wconf 79' lang='lat' dir='ltr'><strong>ipse</strong></span> <span class='ocrx_word' id='word_1_679' title='bbox 1605 1567 1637 1594; x_wconf 89' lang='lat' dir='ltr'><strong>iis</strong></span> <span class='ocrx_word' id='word_1_680' title='bbox 1656 1574 1773 1594; x_wconf 88' lang='lat' dir='ltr'><strong>comme-</strong></span> 
     </span>
    </p>
   </div>
   <div class='ocr_carea' id='block_1_94' title="bbox 992 1613 1772 1649">
    <p class='ocr_par' dir='ltr' id='par_1_94' title="bbox 992 1613 1772 1649">
     <span class='ocr_line' id='line_1_95' title="bbox 992 1613 1772 1649; baseline -0.003 -8"><span class='ocrx_word' id='word_1_681' title='bbox 992 1615 1128 1642; x_wconf 79' lang='lat' dir='ltr'><strong>nmrandis</strong></span> <span class='ocrx_word' id='word_1_682' title='bbox 1142 1615 1350 1641; x_wconf 75' lang='lat' dir='ltr'><strong>exhilarescam.</strong></span> <span class='ocrx_word' id='word_1_683' title='bbox 1366 1614 1446 1649; x_wconf 84' lang='lat' dir='ltr'><strong>(Quid</strong></span> <span class='ocrx_word' id='word_1_684' title='bbox 1465 1614 1537 1640; x_wconf 88' lang='lat' dir='ltr'><strong>enim</strong></span> <span class='ocrx_word' id='word_1_685' title='bbox 1557 1613 1656 1640; x_wconf 86' lang='lat' dir='ltr'><strong>lumine</strong></span> <span class='ocrx_word' id='word_1_686' title='bbox 1669 1613 1772 1639; x_wconf 83' lang='lat' dir='ltr'><strong>dulcius</strong></span> 
     </span>
    </p>
   </div>
   <div class='ocr_carea' id='block_1_95' title="bbox 991 1659 1773 1695">
    <p class='ocr_par' dir='ltr' id='par_1_95' title="bbox 991 1659 1773 1695">
     <span class='ocr_line' id='line_1_96' title="bbox 991 1659 1773 1695; baseline -0.004 -7"><span class='ocrx_word' id='word_1_687' title='bbox 991 1666 1015 1688; x_wconf 92' lang='lat' dir='ltr'><strong>ct</strong></span> <span class='ocrx_word' id='word_1_688' title='bbox 1028 1661 1183 1695; x_wconf 86' lang='lat' dir='ltr'><strong>jucundius,</strong></span> <span class='ocrx_word' id='word_1_689' title='bbox 1194 1661 1235 1687; x_wconf 87' lang='lat' dir='ltr'><strong>his</strong></span> <span class='ocrx_word' id='word_1_690' title='bbox 1251 1661 1295 1695; x_wconf 92' lang='lat' dir='ltr'><strong>qui</strong></span> <span class='ocrx_word' id='word_1_691' title='bbox 1313 1660 1401 1687; x_wconf 80' lang='lat' dir='ltr'><strong>lumen</strong></span> <span class='ocrx_word' id='word_1_692' title='bbox 1418 1660 1591 1695; x_wconf 74' lang='lat' dir='ltr'><strong>degustarunt</strong></span> <span class='ocrx_word' id='word_1_693' title='bbox 1603 1660 1626 1694; x_wconf 70' lang='grc' dir='ltr'>Ἰ)</span> <span class='ocrx_word' id='word_1_694' title='bbox 1639 1660 1670 1686; x_wconf 83' lang='grc' dir='ltr'>Ει</span> <span class='ocrx_word' id='word_1_695' title='bbox 1682 1659 1773 1686; x_wconf 82' lang='lat' dir='ltr'><strong>oculos</strong></span> 
     </span>
    </p>
   </div>
   <div class='ocr_carea' id='block_1_96' title="bbox 992 1705 1773 1740">
    <p class='ocr_par' dir='ltr' id='par_1_96' title="bbox 992 1705 1773 1740">
     <span class='ocr_line' id='line_1_97' title="bbox 992 1705 1773 1740; baseline -0.001 -8"><span class='ocrx_word' id='word_1_696' title='bbox 992 1711 1051 1733; x_wconf 88' lang='lat' dir='ltr'><strong>tuos</strong></span> <span class='ocrx_word' id='word_1_697' title='bbox 1066 1707 1107 1733; x_wconf 89' lang='lat' dir='ltr'><strong>his</strong></span> <span class='ocrx_word' id='word_1_698' title='bbox 1122 1706 1211 1733; x_wconf 87' lang='lat' dir='ltr'><strong>verbis</strong></span> <span class='ocrx_word' id='word_1_699' title='bbox 1228 1707 1406 1740; x_wconf 80' lang='lat' dir='ltr'><strong>perstringam</strong></span> <span class='ocrx_word' id='word_1_700' title='bbox 1423 1714 1430 1732; x_wconf 84' lang='lat'><strong>:</strong></span> <span class='ocrx_word' id='word_1_701' title='bbox 1445 1705 1504 1732; x_wconf 71' lang='lat' dir='ltr'><strong>Lua:</strong></span> <span class='ocrx_word' id='word_1_702' title='bbox 1518 1710 1577 1732; x_wconf 81' lang='lat' dir='ltr'><strong>orta</strong></span> <span class='ocrx_word' id='word_1_703' title='bbox 1591 1709 1629 1732; x_wconf 73' lang='lat' dir='ltr'><strong>est</strong></span> <span class='ocrx_word' id='word_1_704' title='bbox 1646 1705 1731 1739; x_wconf 73' lang='lat' dir='ltr'><strong>justo,</strong></span> <span class='ocrx_word' id='word_1_705' title='bbox 1746 1709 1773 1731; x_wconf 87' lang='lat' dir='ltr'><strong>ct</strong></span> 
     </span>
    </p>
   </div>
   <div class='ocr_carea' id='block_1_97' title="bbox 991 1752 1772 1786">
    <p class='ocr_par' dir='ltr' id='par_1_97' title="bbox 991 1752 1772 1786">
     <span class='ocr_line' id='line_1_98' title="bbox 991 1752 1772 1786; baseline -0.003 -7"><span class='ocrx_word' id='word_1_706' title='bbox 991 1753 1052 1779; x_wconf 87' lang='lat' dir='ltr'><strong>huic</strong></span> <span class='ocrx_word' id='word_1_707' title='bbox 1066 1752 1207 1785; x_wconf 75' lang='lat' dir='ltr'><strong>conjuncta</strong></span> <span class='ocrx_word' id='word_1_708' title='bbox 1221 1752 1313 1779; x_wconf 73' lang='lat' dir='ltr'><strong>(milia</strong></span> <span class='ocrx_word' id='word_1_709' title='bbox 1324 1753 1364 1785; x_wconf 76' lang='lat'><strong>‘”;</strong></span> <span class='ocrx_word' id='word_1_710' title='bbox 1385 1758 1412 1779; x_wconf 88' lang='lat' dir='ltr'><strong>et</strong></span> <span class='ocrx_word' id='word_1_711' title='bbox 1426 1752 1485 1779; x_wconf 76' lang='lat' dir='ltr'><strong>Lux</strong></span> <span class='ocrx_word' id='word_1_712' title='bbox 1499 1753 1574 1786; x_wconf 72' lang='lat' dir='ltr'><strong>iustis</strong></span> <span class='ocrx_word' id='word_1_713' title='bbox 1590 1754 1659 1778; x_wconf 85' lang='lat' dir='ltr'><strong>omni</strong></span> <span class='ocrx_word' id='word_1_714' title='bbox 1676 1756 1772 1785; x_wconf 79' lang='lat' dir='ltr'><strong>tempo-</strong></span> 
     </span>
    </p>
   </div>
   <div class='ocr_carea' id='block_1_98' title="bbox 991 1795 1773 1832">
    <p class='ocr_par' dir='ltr' id='par_1_98' title="bbox 991 1795 1773 1832">
     <span class='ocr_line' id='line_1_99' title="bbox 991 1795 1773 1832; baseline -0.001 -10"><span class='ocrx_word' id='word_1_715' title='bbox 991 1805 1018 1823; x_wconf 83' lang='lat' dir='ltr'><strong>re</strong></span> <span class='ocrx_word' id='word_1_716' title='bbox 1034 1797 1066 1823; x_wconf 85' lang='lat'><strong>&quot;.</strong></span> <span class='ocrx_word' id='word_1_717' title='bbox 1079 1797 1147 1829; x_wconf 89' lang='lat' dir='ltr'><strong>Quin</strong></span> <span class='ocrx_word' id='word_1_718' title='bbox 1158 1798 1238 1823; x_wconf 86' lang='lat' dir='ltr'><strong>etiam</strong></span> <span class='ocrx_word' id='word_1_719' title='bbox 1252 1798 1359 1832; x_wconf 88' lang='lat' dir='ltr'><strong>quidam</strong></span> <span class='ocrx_word' id='word_1_720' title='bbox 1383 1798 1465 1824; x_wconf 89' lang='lat' dir='ltr'><strong>Deum</strong></span> <span class='ocrx_word' id='word_1_721' title='bbox 1479 1797 1511 1824; x_wconf 88' lang='lat' dir='ltr'><strong>ad</strong></span> <span class='ocrx_word' id='word_1_722' title='bbox 1529 1798 1602 1824; x_wconf 93' lang='lat' dir='ltr'><strong>hunc</strong></span> <span class='ocrx_word' id='word_1_723' title='bbox 1615 1798 1723 1823; x_wconf 88' lang='lat' dir='ltr'><strong>modum</strong></span> <span class='ocrx_word' id='word_1_724' title='bbox 1736 1795 1773 1822; x_wconf 87' lang='lat' dir='ltr'><strong>af-</strong></span> 
     </span>
    </p>
   </div>
   <div class='ocr_carea' id='block_1_99' title="bbox 991 1843 1773 1872">
    <p class='ocr_par' dir='ltr' id='par_1_99' title="bbox 991 1843 1773 1872">
     <span class='ocr_line' id='line_1_100' title="bbox 991 1843 1773 1872; baseline -0.001 -3"><span class='ocrx_word' id='word_1_725' title='bbox 991 1844 1082 1871; x_wconf 66' lang='lat' dir='ltr'><strong>fatur:</strong></span> <span class='ocrx_word' id='word_1_726' title='bbox 1099 1844 1236 1872; x_wconf 80' lang='lat' dir='ltr'><strong>“luminas</strong></span> <span class='ocrx_word' id='word_1_727' title='bbox 1262 1850 1290 1870; x_wconf 86' lang='lat' dir='ltr'><strong>tu</strong></span> <span class='ocrx_word' id='word_1_728' title='bbox 1317 1844 1474 1870; x_wconf 79' lang='lat' dir='ltr'><strong>mirabiliter</strong></span> <span class='ocrx_word' id='word_1_729' title='bbox 1500 1852 1516 1869; x_wconf 81' lang='grc' dir='ltr'><strong>ιι</strong></span> <span class='ocrx_word' id='word_1_730' title='bbox 1540 1843 1671 1869; x_wconf 81' lang='lat' dir='ltr'><strong>montibus</strong></span> <span class='ocrx_word' id='word_1_731' title='bbox 1696 1847 1773 1868; x_wconf 61' lang='lat' dir='ltr'><strong>atter-</strong></span> 
     </span>
    </p>
   </div>
   <div class='ocr_carea' id='block_1_100' title="bbox 992 1887 1772 1923">
    <p class='ocr_par' dir='ltr' id='par_1_100' title="bbox 992 1887 1772 1923">
     <span class='ocr_line' id='line_1_101' title="bbox 992 1887 1772 1923; baseline -0.004 -7"><span class='ocrx_word' id='word_1_732' title='bbox 992 1890 1113 1923; x_wconf 57' lang='lat' dir='ltr'><strong>nis&#39;ms;</strong></span> <span class='ocrx_word' id='word_1_733' title='bbox 1132 1891 1182 1916; x_wconf 84' lang='lat' dir='ltr'><strong>hoc</strong></span> <span class='ocrx_word' id='word_1_734' title='bbox 1194 1895 1244 1922; x_wconf 83' lang='lat' dir='ltr'><strong>est,</strong></span> <span class='ocrx_word' id='word_1_735' title='bbox 1261 1895 1291 1916; x_wconf 90' lang='lat' dir='ltr'><strong>ut</strong></span> <span class='ocrx_word' id='word_1_736' title='bbox 1303 1889 1427 1922; x_wconf 88' lang='lat' dir='ltr'><strong>opinione</strong></span> <span class='ocrx_word' id='word_1_737' title='bbox 1442 1897 1580 1923; x_wconf 76' lang='lat' dir='ltr'><strong>assequar,</strong></span> <span class='ocrx_word' id='word_1_738' title='bbox 1596 1888 1629 1915; x_wconf 78' lang='lat' dir='ltr'><strong>ab</strong></span> <span class='ocrx_word' id='word_1_739' title='bbox 1645 1887 1772 1922; x_wconf 70' lang='lat' dir='ltr'><strong>angelicis</strong></span> 
     </span>
    </p>
   </div>
   <div class='ocr_carea' id='block_1_101' title="bbox 991 1933 1774 1970">
    <p class='ocr_par' dir='ltr' id='par_1_101' title="bbox 991 1933 1774 1970">
     <span class='ocr_line' id='line_1_102' title="bbox 991 1933 1774 1970; baseline -0.004 -8"><span class='ocrx_word' id='word_1_740' title='bbox 991 1936 1145 1968; x_wconf 77' lang='lat' dir='ltr'><strong>virtutibus,</strong></span> <span class='ocrx_word' id='word_1_741' title='bbox 1159 1944 1218 1970; x_wconf 63' lang='lat' dir='ltr'><strong>qua!</strong></span> <span class='ocrx_word' id='word_1_742' title='bbox 1234 1936 1310 1963; x_wconf 87' lang='lat' dir='ltr'><strong>nobis</strong></span> <span class='ocrx_word' id='word_1_743' title='bbox 1329 1935 1361 1962; x_wconf 87' lang='lat' dir='ltr'><strong>ad</strong></span> <span class='ocrx_word' id='word_1_744' title='bbox 1376 1935 1476 1969; x_wconf 87' lang='lat' dir='ltr'><strong>optima</strong></span> <span class='ocrx_word' id='word_1_745' title='bbox 1492 1942 1603 1969; x_wconf 65' lang='lat' dir='ltr'><strong>quaeque</strong></span> <span class='ocrx_word' id='word_1_746' title='bbox 1620 1933 1774 1968; x_wconf 69' lang='lat' dir='ltr'><strong>adiumento</strong></span> 
     </span>
    </p>
   </div>
   <div class='ocr_carea' id='block_1_102' title="bbox 991 1980 1773 2015">
    <p class='ocr_par' dir='ltr' id='par_1_102' title="bbox 991 1980 1773 2015">
     <span class='ocr_line' id='line_1_103' title="bbox 991 1980 1773 2015; baseline -0.006 -7"><span class='ocrx_word' id='word_1_747' title='bbox 991 1986 1064 2008; x_wconf 83' lang='lat' dir='ltr'><strong>sunt.</strong></span> <span class='ocrx_word' id='word_1_748' title='bbox 1082 1981 1139 2008; x_wconf 78' lang='lat' dir='ltr'><strong>1am</strong></span> <span class='ocrx_word' id='word_1_749' title='bbox 1157 1981 1284 2008; x_wconf 87' lang='lat' dir='ltr'><strong>Davidem</strong></span> <span class='ocrx_word' id='word_1_750' title='bbox 1298 1988 1406 2015; x_wconf 88' lang='lat' dir='ltr'><strong>quoque</strong></span> <span class='ocrx_word' id='word_1_751' title='bbox 1431 1980 1473 2006; x_wconf 92' lang='lat' dir='ltr'><strong>his</strong></span> <span class='ocrx_word' id='word_1_752' title='bbox 1487 1980 1577 2006; x_wconf 87' lang='lat' dir='ltr'><strong>verbis</strong></span> <span class='ocrx_word' id='word_1_753' title='bbox 1592 1983 1709 2005; x_wconf 87' lang='lat' dir='ltr'><strong>utentem</strong></span> <span class='ocrx_word' id='word_1_754' title='bbox 1723 1985 1773 2003; x_wconf 88' lang='lat' dir='ltr'><strong>au-</strong></span> 
     </span>
    </p>
   </div>
   <div class='ocr_carea' id='block_1_103' title="bbox 993 2023 1772 2056">
    <p class='ocr_par' dir='ltr' id='par_1_103' title="bbox 993 2023 1772 2056">
     <span class='ocr_line' id='line_1_104' title="bbox 993 2023 1772 2056; baseline -0.008 -3"><span class='ocrx_word' id='word_1_755' title='bbox 993 2027 1052 2054; x_wconf 85' lang='lat' dir='ltr'><strong>dis:</strong></span> <span class='ocrx_word' id='word_1_756' title='bbox 1075 2026 1200 2053; x_wconf 75' lang='lat' dir='ltr'><strong>Dominus</strong></span> <span class='ocrx_word' id='word_1_757' title='bbox 1224 2026 1382 2052; x_wconf 83' lang='lat' dir='ltr'><strong>illuminutio</strong></span> <span class='ocrx_word' id='word_1_758' title='bbox 1406 2033 1480 2056; x_wconf 74' lang='lat' dir='ltr'><strong>utea,</strong></span> <span class='ocrx_word' id='word_1_759' title='bbox 1495 2029 1522 2051; x_wconf 83' lang='lat' dir='ltr'><strong>et</strong></span> <span class='ocrx_word' id='word_1_760' title='bbox 1538 2023 1660 2050; x_wconf 75' lang='lat' dir='ltr'><strong>Saluator</strong></span> <span class='ocrx_word' id='word_1_761' title='bbox 1682 2029 1753 2048; x_wconf 75' lang='lat' dir='ltr'><strong>meus</strong></span> <span class='ocrx_word' id='word_1_762' title='bbox 1764 2041 1772 2053; x_wconf 92' lang='lat'><strong>,</strong></span> 
     </span>
    </p>
   </div>
   <div class='ocr_carea' id='block_1_104' title="bbox 991 2069 1773 2107">
    <p class='ocr_par' dir='ltr' id='par_1_104' title="bbox 991 2069 1773 2107">
     <span class='ocr_line' id='line_1_105' title="bbox 991 2069 1773 2107; baseline -0.006 -9"><span class='ocrx_word' id='word_1_763' title='bbox 991 2080 1066 2107; x_wconf 84' lang='lat' dir='ltr'><strong>quem</strong></span> <span class='ocrx_word' id='word_1_764' title='bbox 1081 2072 1173 2098; x_wconf 79' lang='lat' dir='ltr'><strong>timebo</strong></span> <span class='ocrx_word' id='word_1_765' title='bbox 1189 2071 1212 2087; x_wconf 71' lang='grc'><strong>⁸⁸</strong></span> <span class='ocrx_word' id='word_1_766' title='bbox 1225 2071 1236 2097; x_wconf 86' lang='lat'><strong>‘?</strong></span> <span class='ocrx_word' id='word_1_767' title='bbox 1250 2071 1299 2104; x_wconf 90' lang='lat' dir='ltr'><strong>Qui</strong></span> <span class='ocrx_word' id='word_1_768' title='bbox 1312 2071 1393 2097; x_wconf 88' lang='lat' dir='ltr'><strong>etiam</strong></span> <span class='ocrx_word' id='word_1_769' title='bbox 1411 2069 1548 2097; x_wconf 74' lang='lat' dir='ltr'><strong>nnnc~sihi</strong></span> <span class='ocrx_word' id='word_1_770' title='bbox 1568 2069 1651 2095; x_wconf 84' lang='lat' dir='ltr'><strong>lucem</strong></span> <span class='ocrx_word' id='word_1_771' title='bbox 1678 2072 1705 2094; x_wconf 88' lang='lat' dir='ltr'><strong>et</strong></span> <span class='ocrx_word' id='word_1_772' title='bbox 1728 2075 1773 2094; x_wconf 86' lang='lat' dir='ltr'><strong>ve-</strong></span> 
     </span>
    </p>
   </div>
   <div class='ocr_carea' id='block_1_105' title="bbox 993 2113 1775 2149">
    <p class='ocr_par' dir='ltr' id='par_1_105' title="bbox 993 2113 1775 2149">
     <span class='ocr_line' id='line_1_106' title="bbox 993 2113 1775 2149; baseline -0.006 -5"><span class='ocrx_word' id='word_1_773' title='bbox 993 2118 1099 2144; x_wconf 83' lang='lat' dir='ltr'><strong>ritatem</strong></span> <span class='ocrx_word' id='word_1_774' title='bbox 1117 2117 1202 2144; x_wconf 89' lang='lat' dir='ltr'><strong>emitti</strong></span> <span class='ocrx_word' id='word_1_775' title='bbox 1224 2115 1390 2149; x_wconf 75' lang='lat' dir='ltr'><strong>postulat“;</strong></span> <span class='ocrx_word' id='word_1_776' title='bbox 1408 2123 1478 2142; x_wconf 89' lang='lat' dir='ltr'><strong>nunc</strong></span> <span class='ocrx_word' id='word_1_777' title='bbox 1496 2115 1530 2142; x_wconf 92' lang='lat' dir='ltr'><strong>ob</strong></span> <span class='ocrx_word' id='word_1_778' title='bbox 1543 2122 1602 2141; x_wconf 83' lang='lat' dir='ltr'><strong>eam</strong></span> <span class='ocrx_word' id='word_1_779' title='bbox 1616 2113 1665 2140; x_wconf 87' lang='lat' dir='ltr'><strong>sibi</strong></span> <span class='ocrx_word' id='word_1_780' title='bbox 1676 2113 1775 2146; x_wconf 82' lang='lat' dir='ltr'><strong>imper-</strong></span> 
     </span>
    </p>
   </div>
   <div class='ocr_carea' id='block_1_106' title="bbox 992 2159 1771 2197">
    <p class='ocr_par' dir='ltr' id='par_1_106' title="bbox 992 2159 1771 2197">
     <span class='ocr_line' id='line_1_107' title="bbox 992 2159 1771 2197; baseline -0.006 -8"><span class='ocrx_word' id='word_1_781' title='bbox 992 2163 1067 2189; x_wconf 86' lang='lat' dir='ltr'><strong>titam</strong></span> <span class='ocrx_word' id='word_1_782' title='bbox 1084 2162 1185 2197; x_wconf 79' lang='lat' dir='ltr'><strong>gratias</strong></span> <span class='ocrx_word' id='word_1_783' title='bbox 1194 2162 1258 2196; x_wconf 79' lang='lat' dir='ltr'><strong>agit,</strong></span> <span class='ocrx_word' id='word_1_784' title='bbox 1271 2169 1332 2188; x_wconf 88' lang='lat' dir='ltr'><strong>cum</strong></span> <span class='ocrx_word' id='word_1_785' title='bbox 1347 2161 1434 2187; x_wconf 90' lang='lat' dir='ltr'><strong>lumen</strong></span> <span class='ocrx_word' id='word_1_786' title='bbox 1445 2159 1491 2187; x_wconf 89' lang='lat' dir='ltr'><strong>Dei</strong></span> <span class='ocrx_word' id='word_1_787' title='bbox 1508 2167 1587 2194; x_wconf 89' lang='lat' dir='ltr'><strong>super</strong></span> <span class='ocrx_word' id='word_1_788' title='bbox 1600 2168 1628 2186; x_wconf 87' lang='lat' dir='ltr'><strong>se</strong></span> <span class='ocrx_word' id='word_1_789' title='bbox 1640 2159 1771 2192; x_wconf 81' lang='lat' dir='ltr'><strong>signatum</strong></span> 
     </span>
    </p>
   </div>
   <div class='ocr_carea' id='block_1_107' title="bbox 992 2204 1774 2240">
    <p class='ocr_par' dir='ltr' id='par_1_107' title="bbox 992 2204 1774 2240">
     <span class='ocr_line' id='line_1_108' title="bbox 992 2204 1774 2240; baseline -0.006 -6"><span class='ocrx_word' id='word_1_790' title='bbox 992 2215 1052 2234; x_wconf 86' lang='lat' dir='ltr'><strong>esse</strong></span> <span class='ocrx_word' id='word_1_791' title='bbox 1068 2208 1104 2234; x_wconf 89' lang='lat' dir='ltr'><strong>ait</strong></span> <span class='ocrx_word' id='word_1_792' title='bbox 1117 2208 1150 2235; x_wconf 66' lang='grc' dir='ltr'><strong>θ’.</strong></span> <span class='ocrx_word' id='word_1_793' title='bbox 1167 2207 1217 2233; x_wconf 87' lang='lat' dir='ltr'><strong>hoc</strong></span> <span class='ocrx_word' id='word_1_794' title='bbox 1231 2212 1281 2239; x_wconf 83' lang='lat' dir='ltr'><strong>est,</strong></span> <span class='ocrx_word' id='word_1_795' title='bbox 1300 2207 1429 2240; x_wconf 87' lang='lat' dir='ltr'><strong>impressa</strong></span> <span class='ocrx_word' id='word_1_796' title='bbox 1449 2211 1475 2232; x_wconf 89' lang='lat' dir='ltr'><strong>et</strong></span> <span class='ocrx_word' id='word_1_797' title='bbox 1491 2205 1595 2238; x_wconf 76' lang='lat' dir='ltr'><strong>cognita</strong></span> <span class='ocrx_word' id='word_1_798' title='bbox 1620 2211 1681 2231; x_wconf 86' lang='lat' dir='ltr'><strong>esse</strong></span> <span class='ocrx_word' id='word_1_799' title='bbox 1706 2204 1774 2230; x_wconf 73' lang='lat' dir='ltr'><strong>data:</strong></span> 
     </span>
    </p>
   </div>
   <div class='ocr_carea' id='block_1_108' title="bbox 992 2249 1772 2287">
    <p class='ocr_par' dir='ltr' id='par_1_108' title="bbox 992 2249 1772 2287">
     <span class='ocr_line' id='line_1_109' title="bbox 992 2249 1772 2287; baseline -0.009 -7"><span class='ocrx_word' id='word_1_800' title='bbox 992 2253 1195 2280; x_wconf 77' lang='lat' dir='ltr'><strong>illuminationis</strong></span> <span class='ocrx_word' id='word_1_801' title='bbox 1211 2253 1297 2287; x_wconf 80' lang='lat' dir='ltr'><strong>signa.</strong></span> <span class='ocrx_word' id='word_1_802' title='bbox 1318 2252 1404 2279; x_wconf 84' lang='lat' dir='ltr'><strong>Unum</strong></span> <span class='ocrx_word' id='word_1_803' title='bbox 1425 2251 1489 2278; x_wconf 89' lang='lat' dir='ltr'><strong>illud</strong></span> <span class='ocrx_word' id='word_1_804' title='bbox 1514 2251 1602 2277; x_wconf 91' lang='lat' dir='ltr'><strong>lttmen</strong></span> <span class='ocrx_word' id='word_1_805' title='bbox 1629 2249 1772 2283; x_wconf 79' lang='lat' dir='ltr'><strong>fugiamus,</strong></span> 
     </span>
    </p>
   </div>
   <div class='ocr_carea' id='block_1_109' title="bbox 993 2293 1770 2333">
    <p class='ocr_par' dir='ltr' id='par_1_109' title="bbox 993 2293 1770 2333">
     <span class='ocr_line' id='line_1_110' title="bbox 993 2293 1770 2333; baseline -0.009 -7"><span class='ocrx_word' id='word_1_806' title='bbox 993 2299 1063 2333; x_wconf 85' lang='lat' dir='ltr'><strong>quod</strong></span> <span class='ocrx_word' id='word_1_807' title='bbox 1080 2307 1111 2326; x_wconf 84' lang='lat' dir='ltr'><strong>ex</strong></span> <span class='ocrx_word' id='word_1_808' title='bbox 1128 2307 1199 2326; x_wconf 68' lang='grc' dir='ltr'>ειενο</span> <span class='ocrx_word' id='word_1_809' title='bbox 1218 2300 1279 2332; x_wconf 78' lang='lat' dir='ltr'><strong>igne</strong></span> <span class='ocrx_word' id='word_1_810' title='bbox 1301 2298 1429 2325; x_wconf 84' lang='lat' dir='ltr'><strong>nascitur.</strong></span> <span class='ocrx_word' id='word_1_811' title='bbox 1446 2297 1483 2324; x_wconf 85' lang='lat' dir='ltr'><strong>Ne</strong></span> <span class='ocrx_word' id='word_1_812' title='bbox 1504 2297 1530 2324; x_wconf 89' lang='lat' dir='ltr'><strong>in</strong></span> <span class='ocrx_word' id='word_1_813' title='bbox 1547 2296 1615 2330; x_wconf 80' lang='lat' dir='ltr'><strong>ignis</strong></span> <span class='ocrx_word' id='word_1_814' title='bbox 1631 2295 1714 2322; x_wconf 82' lang='lat' dir='ltr'><strong>nostri</strong></span> <span class='ocrx_word' id='word_1_815' title='bbox 1728 2293 1770 2320; x_wconf 94' lang='lat' dir='ltr'><strong>lu-</strong></span> 
     </span>
    </p>
   </div>
   <div class='ocr_carea' id='block_1_110' title="bbox 993 2340 1768 2377">
    <p class='ocr_par' dir='ltr' id='par_1_110' title="bbox 993 2340 1768 2377">
     <span class='ocr_line' id='line_1_111' title="bbox 993 2340 1768 2377; baseline -0.008 -6"><span class='ocrx_word' id='word_1_816' title='bbox 993 2345 1064 2371; x_wconf 88' lang='lat' dir='ltr'><strong>mine</strong></span> <span class='ocrx_word' id='word_1_817' title='bbox 1076 2345 1260 2377; x_wconf 87' lang='lat' dir='ltr'><strong>ambulemus,</strong></span> <span class='ocrx_word' id='word_1_818' title='bbox 1275 2350 1300 2371; x_wconf 91' lang='lat' dir='ltr'><strong>et</strong></span> <span class='ocrx_word' id='word_1_819' title='bbox 1317 2346 1342 2370; x_wconf 93' lang='lat' dir='ltr'><strong>in</strong></span> <span class='ocrx_word' id='word_1_820' title='bbox 1362 2343 1466 2370; x_wconf 82' lang='lat' dir='ltr'><strong>ﬂannua</strong></span> <span class='ocrx_word' id='word_1_821' title='bbox 1482 2350 1560 2377; x_wconf 87' lang='lat' dir='ltr'><strong>quam</strong></span> <span class='ocrx_word' id='word_1_822' title='bbox 1586 2340 1768 2367; x_wconf 87' lang='lat' dir='ltr'><strong>accendimus.</strong></span> 
     </span>
    </p>
   </div>
   <div class='ocr_carea' id='block_1_111' title="bbox 1110 2406 1772 2442">
    <p class='ocr_par' dir='ltr' id='par_1_111' title="bbox 1110 2406 1772 2442">
     <span class='ocr_line' id='line_1_112' title="bbox 1110 2406 1772 2442; baseline -0.002 -6"><span class='ocrx_word' id='word_1_823' title='bbox 1110 2410 1131 2425; x_wconf 76' lang='grc'><strong>⁸⁷</strong></span> <span class='ocrx_word' id='word_1_824' title='bbox 1146 2409 1196 2436; x_wconf 81' lang='lat' dir='ltr'><strong>Isa.</strong></span> <span class='ocrx_word' id='word_1_825' title='bbox 1210 2418 1253 2442; x_wconf 85' lang='lat' dir='ltr'><strong>Lx,</strong></span> <span class='ocrx_word' id='word_1_826' title='bbox 1269 2410 1309 2437; x_wconf 84' lang='grc'><strong>19.</strong></span> <span class='ocrx_word' id='word_1_827' title='bbox 1347 2410 1404 2425; x_wconf 62' lang='lat'><strong><em>53-“</em></strong></span> <span class='ocrx_word' id='word_1_828' title='bbox 1422 2410 1490 2436; x_wconf 66' lang='lat' dir='ltr'><strong>Psal.</strong></span> <span class='ocrx_word' id='word_1_829' title='bbox 1511 2416 1588 2441; x_wconf 74' lang='lat' dir='ltr'><strong>Lxxv,</strong></span> <span class='ocrx_word' id='word_1_830' title='bbox 1601 2408 1627 2434; x_wconf 77' lang='lat'><strong>5.</strong></span> <span class='ocrx_word' id='word_1_831' title='bbox 1665 2407 1688 2422; x_wconf 82' lang='lat'><strong>&quot;</strong></span> <span class='ocrx_word' id='word_1_832' title='bbox 1704 2406 1772 2435; x_wconf 83' lang='lat' dir='ltr'><strong>Psal.</strong></span> 
     </span>
    </p>
   </div>
   <div class='ocr_carea' id='block_1_112' title="bbox 994 2521 1396 2553">
    <p class='ocr_par' dir='ltr' id='par_1_112' title="bbox 994 2521 1396 2553">
     <span class='ocr_line' id='line_1_113' title="bbox 994 2521 1396 2553; baseline -0.002 -5"><span class='ocrx_word' id='word_1_833' title='bbox 994 2522 1106 2548; x_wconf 82' lang='lat' dir='ltr'><strong>busdam</strong></span> <span class='ocrx_word' id='word_1_834' title='bbox 1119 2521 1208 2550; x_wconf 79' lang='lat' dir='ltr'><strong>codd.,</strong></span> <span class='ocrx_word' id='word_1_835' title='bbox 1219 2521 1396 2553; x_wconf 75' lang='grc' dir='ltr'>ἐξαιτοῦντος.</span> 
     </span>
    </p>
   </div>
   <div class='ocr_carea' id='block_1_113' title="bbox 1029 2553 1778 2590">
    <p class='ocr_par' dir='ltr' id='par_1_113' title="bbox 1029 2553 1778 2590">
     <span class='ocr_line' id='line_1_114' title="bbox 1029 2553 1778 2590; baseline -0.004 -7"><span class='ocrx_word' id='word_1_836' title='bbox 1029 2558 1083 2590; x_wconf 81' lang='grc'>(91)</span> <span class='ocrx_word' id='word_1_837' title='bbox 1106 2556 1168 2582; x_wconf 78' lang='grc' dir='ltr'>’Ὁτι</span> <span class='ocrx_word' id='word_1_838' title='bbox 1185 2557 1243 2583; x_wconf 82' lang='grc' dir='ltr'>καί.</span> <span class='ocrx_word' id='word_1_839' title='bbox 1262 2557 1305 2583; x_wconf 71' lang='grc' dir='ltr'><strong>δίο</strong></span> <span class='ocrx_word' id='word_1_840' title='bbox 1320 2557 1408 2590; x_wconf 84' lang='lat' dir='ltr'><strong>plures</strong></span> <span class='ocrx_word' id='word_1_841' title='bbox 1422 2555 1516 2589; x_wconf 75' lang='lat' dir='ltr'><strong>Regg.,</strong></span> <span class='ocrx_word' id='word_1_842' title='bbox 1528 2559 1580 2581; x_wconf 87' lang='lat' dir='ltr'><strong>etc.</strong></span> <span class='ocrx_word' id='word_1_843' title='bbox 1599 2554 1676 2581; x_wconf 84' lang='lat' dir='ltr'><strong>Deest</strong></span> <span class='ocrx_word' id='word_1_844' title='bbox 1691 2553 1737 2580; x_wconf 79' lang='grc' dir='ltr'><strong>καί</strong></span> <span class='ocrx_word' id='word_1_845' title='bbox 1748 2553 1778 2580; x_wconf 79' lang='grc' dir='ltr'><strong>ἰη-</strong></span> 
     </span>
    </p>
   </div>
   <div class='ocr_carea' id='block_1_114' title="bbox 994 2593 1634 2660">
    <p class='ocr_par' dir='ltr' id='par_1_114' title="bbox 994 2593 1634 2660">
     <span class='ocr_line' id='line_1_115' title="bbox 994 2593 1634 2660; baseline -0.003 -8"><span class='ocrx_word' id='word_1_846' title='bbox 994 2593 1083 2658; x_wconf 58' lang='grc' dir='ltr'><strong>ριΙ(92)</strong></span> <span class='ocrx_word' id='word_1_847' title='bbox 1104 2625 1318 2658; x_wconf 80' lang='grc' dir='ltr'>Γνωρισθῆναι.</span> <span class='ocrx_word' id='word_1_848' title='bbox 1332 2624 1397 2660; x_wconf 74' lang='lat' dir='ltr'><strong>Ileg.</strong></span> <span class='ocrx_word' id='word_1_849' title='bbox 1415 2626 1459 2659; x_wconf 90' lang='lat' dir='ltr'><strong>ph,</strong></span> <span class='ocrx_word' id='word_1_850' title='bbox 1473 2624 1634 2660; x_wconf 76' lang='grc' dir='ltr'>γνωσθῆναι.</span> 
     </span>
    </p>
   </div>
   <div class='ocr_carea' id='block_1_115' title="bbox 1029 2658 1778 2695">
    <p class='ocr_par' dir='ltr' id='par_1_115' title="bbox 1029 2658 1778 2695">
     <span class='ocr_line' id='line_1_116' title="bbox 1029 2658 1778 2695; baseline -0.003 -9"><span class='ocrx_word' id='word_1_851' title='bbox 1029 2662 1083 2695; x_wconf 80' lang='grc'>(95)</span> <span class='ocrx_word' id='word_1_852' title='bbox 1103 2660 1275 2694; x_wconf 76' lang='grc' dir='ltr'><strong>Δεδομένης.</strong></span> <span class='ocrx_word' id='word_1_853' title='bbox 1305 2661 1350 2687; x_wconf 72' lang='lat' dir='ltr'><strong>Sic</strong></span> <span class='ocrx_word' id='word_1_854' title='bbox 1370 2658 1418 2687; x_wconf 27' lang='lat' dir='ltr'><strong>sex&#39;</strong></span> <span class='ocrx_word' id='word_1_855' title='bbox 1442 2661 1523 2695; x_wconf 68' lang='lat' dir='ltr'><strong>licgg.</strong></span> <span class='ocrx_word' id='word_1_856' title='bbox 1545 2658 1578 2686; x_wconf 80' lang='lat' dir='ltr'><strong>lu</strong></span> <span class='ocrx_word' id='word_1_857' title='bbox 1592 2662 1646 2692; x_wconf 85' lang='lat' dir='ltr'><strong>cd.,</strong></span> <span class='ocrx_word' id='word_1_858' title='bbox 1668 2658 1778 2694; x_wconf 75' lang='grc' dir='ltr'>διδομέ-</span> 
     </span>
    </p>
   </div>
   <div class='ocr_carea' id='block_1_116' title="bbox 992 2704 1774 2765">
    <p class='ocr_par' dir='ltr' id='par_1_116' title="bbox 992 2704 1774 2765">
     <span class='ocr_line' id='line_1_117' title="bbox 992 2704 1774 2765; baseline -0.003 -9"><span class='ocrx_word' id='word_1_859' title='bbox 992 2704 1083 2765; x_wconf 59' lang='grc' dir='ltr'><strong>νηῖέίιί)</strong></span> <span class='ocrx_word' id='word_1_860' title='bbox 1103 2729 1152 2762; x_wconf 77' lang='grc' dir='ltr'><strong>Μὴ</strong></span> <span class='ocrx_word' id='word_1_861' title='bbox 1168 2729 1367 2763; x_wconf 77' lang='grc' dir='ltr'>πορευθῶμεν,</span> <span class='ocrx_word' id='word_1_862' title='bbox 1380 2734 1432 2756; x_wconf 81' lang='lat' dir='ltr'><strong>etc.</strong></span> <span class='ocrx_word' id='word_1_863' title='bbox 1445 2729 1543 2755; x_wconf 85' lang='lat' dir='ltr'><strong>Allndit</strong></span> <span class='ocrx_word' id='word_1_864' title='bbox 1555 2729 1587 2755; x_wconf 88' lang='lat' dir='ltr'><strong>ad</strong></span> <span class='ocrx_word' id='word_1_865' title='bbox 1603 2727 1676 2755; x_wconf 73' lang='lat' dir='ltr'><strong>Isaia:</strong></span> <span class='ocrx_word' id='word_1_866' title='bbox 1692 2727 1774 2754; x_wconf 79' lang='lat' dir='ltr'><strong>verba</strong></span> 
     </span>
    </p>
   </div>
   <div class='ocr_carea' id='block_1_117' title="bbox 994 2765 1778 2798">
    <p class='ocr_par' dir='ltr' id='par_1_117' title="bbox 994 2765 1778 2798">
     <span class='ocr_line' id='line_1_118' title="bbox 994 2765 1778 2798; baseline -0.005 -6"><span class='ocrx_word' id='word_1_867' title='bbox 994 2774 1020 2796; x_wconf 54' lang='grc' dir='ltr'>ιι,</span> <span class='ocrx_word' id='word_1_868' title='bbox 1045 2766 1073 2791; x_wconf 78' lang='lat' dir='ltr'><strong>ll</strong></span> <span class='ocrx_word' id='word_1_869' title='bbox 1091 2775 1097 2791; x_wconf 91' lang='lat'>:</span> <span class='ocrx_word' id='word_1_870' title='bbox 1117 2774 1125 2789; x_wconf 78' lang='grc' dir='ltr'><strong>ι</strong></span> <span class='ocrx_word' id='word_1_871' title='bbox 1144 2765 1285 2791; x_wconf 84' lang='lat' dir='ltr'><strong>Atnhnlatc</strong></span> <span class='ocrx_word' id='word_1_872' title='bbox 1307 2766 1333 2791; x_wconf 90' lang='lat' dir='ltr'><strong>in</strong></span> <span class='ocrx_word' id='word_1_873' title='bbox 1355 2765 1452 2792; x_wconf 89' lang='lat' dir='ltr'><strong>lumine</strong></span> <span class='ocrx_word' id='word_1_874' title='bbox 1481 2765 1550 2798; x_wconf 75' lang='lat' dir='ltr'><strong>ignis</strong></span> <span class='ocrx_word' id='word_1_875' title='bbox 1578 2765 1669 2794; x_wconf 78' lang='lat' dir='ltr'><strong>vestri,</strong></span> <span class='ocrx_word' id='word_1_876' title='bbox 1696 2768 1723 2790; x_wconf 85' lang='lat' dir='ltr'><strong>et</strong></span> <span class='ocrx_word' id='word_1_877' title='bbox 1748 2765 1778 2789; x_wconf 78' lang='grc' dir='ltr'><strong>ιιι</strong></span> 
     </span>
    </p>
   </div>
   <div class='ocr_carea' id='block_1_118' title="bbox 994 2799 1419 2829">
    <p class='ocr_par' dir='ltr' id='par_1_118' title="bbox 994 2799 1419 2829">
     <span class='ocr_line' id='line_1_119' title="bbox 994 2799 1419 2829; baseline -0.005 -2"><span class='ocrx_word' id='word_1_878' title='bbox 994 2800 1108 2827; x_wconf 84' lang='lat' dir='ltr'><strong>flammis</strong></span> <span class='ocrx_word' id='word_1_879' title='bbox 1123 2806 1189 2829; x_wconf 76' lang='lat' dir='ltr'><strong>uuas</strong></span> <span class='ocrx_word' id='word_1_880' title='bbox 1202 2799 1389 2826; x_wconf 72' lang='lat' dir='ltr'><strong>succendistis.</strong></span> <span class='ocrx_word' id='word_1_881' title='bbox 1409 2809 1419 2826; x_wconf 74' lang='grc' dir='ltr'><strong>ι</strong></span> 
     </span>
    </p>
   </div>
   <div class='ocr_carea' id='block_1_119' title="bbox 1029 2832 1777 2870">
    <p class='ocr_par' dir='ltr' id='par_1_119' title="bbox 1029 2832 1777 2870">
     <span class='ocr_line' id='line_1_120' title="bbox 1029 2832 1777 2870; baseline -0.001 -9"><span class='ocrx_word' id='word_1_882' title='bbox 1029 2835 1083 2870; x_wconf 71' lang='lat'><strong>(95)</strong></span> <span class='ocrx_word' id='word_1_883' title='bbox 1105 2834 1177 2861; x_wconf 80' lang='grc' dir='ltr'><strong>οἴδα</strong></span> <span class='ocrx_word' id='word_1_884' title='bbox 1192 2835 1246 2869; x_wconf 72' lang='grc' dir='ltr'><strong>γὰρ</strong></span> <span class='ocrx_word' id='word_1_885' title='bbox 1263 2834 1332 2868; x_wconf 78' lang='grc' dir='ltr'>πῦρ.</span> <span class='ocrx_word' id='word_1_886' title='bbox 1355 2834 1400 2862; x_wconf 89' lang='lat' dir='ltr'><strong>Sic</strong></span> <span class='ocrx_word' id='word_1_887' title='bbox 1423 2834 1503 2869; x_wconf 74' lang='lat' dir='ltr'><strong>Ilt&#39;gg.</strong></span> <span class='ocrx_word' id='word_1_888' title='bbox 1518 2834 1572 2868; x_wconf 66' lang='lat' dir='ltr'><strong>lim,</strong></span> <span class='ocrx_word' id='word_1_889' title='bbox 1589 2834 1623 2869; x_wconf 84' lang='lat' dir='ltr'><strong>pb</strong></span> <span class='ocrx_word' id='word_1_890' title='bbox 1638 2839 1665 2861; x_wconf 89' lang='lat' dir='ltr'><strong>et</strong></span> <span class='ocrx_word' id='word_1_891' title='bbox 1679 2832 1777 2860; x_wconf 82' lang='lat' dir='ltr'><strong>Comb.</strong></span> 
     </span>
    </p>
   </div>
   <div class='ocr_carea' id='block_1_120' title="bbox 994 2871 1241 2899">
    <p class='ocr_par' dir='ltr' id='par_1_120' title="bbox 994 2871 1241 2899">
     <span class='ocr_line' id='line_1_121' title="bbox 994 2871 1241 2899; baseline -0.016 0"><span class='ocrx_word' id='word_1_892' title='bbox 994 2871 1073 2899; x_wconf 68' lang='lat' dir='ltr'><strong>Deest</strong></span> <span class='ocrx_word' id='word_1_893' title='bbox 1086 2871 1139 2897; x_wconf 77' lang='grc' dir='ltr'><strong>νάο</strong></span> <span class='ocrx_word' id='word_1_894' title='bbox 1158 2872 1182 2896; x_wconf 80' lang='lat' dir='ltr'><strong>in</strong></span> <span class='ocrx_word' id='word_1_895' title='bbox 1199 2878 1241 2896; x_wconf 72' lang='lat' dir='ltr'><strong>eu.</strong></span> 
     </span>
    </p>
   </div>
  </div>
