2013 3134
253 160 303 188 ιιι

858 156 887 184 S.
909 154 1072 184 GREGOl‘tll
1093 154 1266 183 TllEOl.OGl

1824 151 1875 179 ΗΞ

252 219 343 254 Ignem
361 217 443 244 etiam
469 219 628 252 purgantem
647 215 721 248 novi,
734 215 767 241 ad
781 222 860 250 quem
882 215 1039 242 mittendum

1093 212 1163 249 ἦλθε
1175 214 1265 248 βαλεῖν
1292 214 1338 241 ἐπὶ
1364 214 1413 249 τῆς
1425 214 1484 249 γῆςῖ
1498 212 1570 249 (96),
1597 213 1651 248 πῦρ
1672 220 1718 239 και
1739 212 1820 243 αὐτὸς
1831 213 1875 238 ἁν-

252 264 376 291 tlhristus
387 262 413 289 in
433 267 531 289 terram
542 261 615 288 venit
627 261 666 295 θ’,
680 262 725 296 qui
739 267 766 289 et
777 262 832 296 ipse
845 261 956 296 mystice
970 261 1040 296 ignis

254 309 413 344 appellatur.
428 307 512 342 Hujus
528 314 609 342 porro
622 307 692 341 ignis
705 315 736 334 ea
753 307 793 333 vis
811 312 863 338 est,
879 311 908 333 ut
921 307 1040 333 crassio-

253 362 309 380 rem
324 353 476 384 materiam,
490 359 521 378 ac
551 352 674 378 vitiosam
698 351 780 378 animi
798 350 967 378 affectionem
993 350 1040 377 ab-

253 404 353 430 sumat.
367 405 483 433 cumque
499 398 611 432 proinde
633 397 774 424 celerrime
791 396 915 424 Christus
929 396 1039 423 accendi

254 445 319 472 vult.
335 444 416 479 Cupit
429 444 501 471 enim
518 451 566 471 nos
588 443 787 477 quamprimum
806 442 937 470 beneficio
949 441 1037 475 allici;

255 496 345 526 utpote
358 491 402 526 qui
419 491 497 518 nobis
512 498 620 525 quoque
629 490 698 524 ignis
711 490 843 517 carbones
854 489 947 516 auxilii
960 496 1039 516 causa

254 537 380 572 porrigat.
401 536 448 564 Est
460 537 528 563 alter
541 536 610 570 ignis
627 544 679 562 non
697 543 828 570 purgans.
843 535 890 562 sed
907 535 1040 562 scelerum

255 585 367 616 vindex;
384 583 440 610 sive
466 582 648 610 Sodomiticus
665 582 711 609 ille
726 582 761 614 ",
775 589 855 616 quem
872 581 1001 615 sulphure
1014 585 1041 607 et

254 629 370 664 procella
395 629 554 664 permistom
572 629 606 660 ",
627 627 696 655 Deus
722 628 748 654 in
771 631 927 662 peccatores
947 633 1041 654 omnes

255 676 358 708 fundit;
384 675 441 702 sive
460 675 523 707 ille,
542 675 588 710 qui
609 673 715 701 diabolo
737 673 849 708 ejusque
869 672 971 707 angelis
992 680 1041 707 pa-

255 724 330 746 ratus
344 723 384 746 est
396 719 436 752 ”;
452 719 508 746 sive
519 719 600 746 etiam
614 718 669 749 ille,
685 719 729 752 qui
742 724 806 744 ante
828 717 923 744 faciem
936 717 1040 744 Domini

255 764 386 799 procedit,
401 768 429 792 et
443 764 469 791 in
493 764 607 791 circuitu
620 761 975 797 inimicosejusinﬂammat
996 763 1040 796 ἐς

1090 261 1202 294 αγωγῆς
1228 259 1317 294 λόγοις
1347 260 1401 294 ί97)
1421 259 1596 295 καλούμενος.
1610 258 1788 285 Ἀναλωτικδν
1799 257 1875 284 τοῦτο

1090 306 1139 341 τῆς
1156 305 1222 340 ὕλης
1235 306 1282 332 καὶ
1297 306 1346 341 τῆς
1361 307 1482 342 πονηρᾶς
1499 307 1574 332 ἐστιν
1592 304 1690 337 ἕξεως,
1723 304 1738 330 ὃ
1760 296 1808 330 καὶ
1829 304 1875 329 ἀν-

1090 351 1210 387 αφθῆναι
1223 352 1339 386 τάχιστα
1347 352 1480 387 βούλεται.
1495 351 1575 378 Ποθεῖ
1590 351 1643 388 γὰρ
1654 351 1703 386 τῆς
1719 349 1876 384 εὐεργεσίας

1089 397 1120 424 τὸ
1137 397 1218 432 τάχος
1229 406 1236 413 ·
1253 398 1316 424 ἐπεὶ
1332 399 1379 424 καὶ
1392 398 1476 433 πυρὸς
1491 397 1630 432 ἄνθρακας
1640 396 1746 423 δίδωσιν
1760 396 1826 430 ἡμῖν
1838 395 1876 426 εἰς

1091 443 1228 479 βοήθειαν.
1260 441 1327 471 Οἶδα
1356 445 1403 471 καὶ
1431 444 1488 479 πῦρ
1519 444 1549 470 οὺ
1579 443 1778 478 καθαρτήριον,
1809 441 1876 467 ἀλλὰ

1091 489 1138 515 καὶ
1156 488 1211 523 (98)
1229 489 1408 525 κολαστήριον
1418 498 1426 506 ·
1441 489 1496 515 εἴτε
1507 489 1554 516 καὶ
1570 487 1756 523 Σοδομιτικδν,
1769 487 1783 513 ὃ
1796 487 1876 513 πᾶσιν

1092 535 1264 570 ἁμαρτωλοῖς
1280 535 1420 571 ἐπιϐρέχει
1436 535 1501 570 θείῳ
1518 535 1566 561 καὶ
1589 532 1726 568 καταιγίδι
1745 533 1877 569 μιγνύμε-

1091 589 1152 607 νον’
1179 581 1234 607 εἴτε
1266 581 1296 608 τὸ
1319 581 1520 616 ἡτοιμασμένον
1547 581 1585 616 τῷ
1611 580 1725 616 διαϐόλῳ
1751 580 1799 606 καὶ
1823 580 1877 611 τοῖς

1091 627 1219 660 ἀγγέλοις
1239 627 1338 654 αὑτοῦ·
1358 627 1414 654 εἴτε
1432 627 1446 654 ὃ
1466 627 1519 663 πρὸ
1537 625 1684 662 προσώπου
1705 625 1808 662 Κυρίου
1831 633 1877 650 πο-

1094 672 1220 708 ρεύεται,
1243 672 1290 698 καὶ
1314 673 1421 707 φλογιεί
1444 672 1536 708 κύκλῳ
1558 673 1621 704 τοὺς
1643 672 1755 708 ἐχθροὺς
1777 670 1876 698 αὑτοῦ·

1091 718 1141 745 καὶ
1156 719 1187 745 ’τὸ
1201 718 1259 751 (99)
1272 718 1376 745 τούτων
1389 718 1428 745 ἔτι
1441 718 1629 755 φοϐερώτερον
1640 727 1647 734 ·
1661 718 1675 744 ὃ
1688 717 1727 753 τῷ
1737 717 1877 752 ἀκοιμήτῳ

1093 763 1216 800 σκώληκι
1238 764 1277 798 (ί)
1306 765 1498 797 συντέτακται,
1526 764 1563 800 μὴ
1595 764 1790 799 σϐεννύμενον,
1811 762 1878 789 ἀλλὰ

255 810 312 836 sive
337 810 453 844 denique
480 809 524 836 ille
538 809 665 836 omnibus
687 808 731 836 liis
758 807 974 841 formidabilior;
995 808 1041 843 qni

255 863 316 881 cum
329 854 444 882 instunni
459 853 504 881 illo
515 862 607 881 verme
623 854 783 888 conjunctus
799 858 851 886 est,
864 862 913 882 nec
923 862 1040 889 unquam

255 900 445 935 exstinguitur,
456 907 549 927 verum
563 900 588 926 in
604 900 798 927 sceleratorum
811 900 950 927 hominum
963 900 1041 935 721

1095 904 1166 930 νοεῖν
1179 903 1258 929 τοῦτο
1269 902 1524 938 φιλανθρωπότερον
1539 902 1594 937 (5),
1605 901 1651 928 καὶ
1664 900 1710 928 τοῦ
1722 899 1879 931 κολάζοντας

255 952 360 978 poenam
373 946 500 980 perennis
511 951 553 974 est
566 951 593 973 et
613 945 803 976 sempiternus.
820 946 851 973 Hi
863 946 934 973 enim
945 953 1040 974 omnes
1094 948 1223 982 ἐπαξίως.

253 1000 312 1019 eam
327 993 379 1018 vim
399 992 510 1024 habent,
527 997 555 1019 ut
569 993 684 1027 perdant
699 1000 730 1020 ac
748 993 875 1026 deleant;
904 994 956 1022 nisi
988 999 1077 1023 tamen
1099 996 1150 1023 hoc
1180 1003 1286 1031 quoque
1313 995 1372 1023 loco
1397 995 1530 1031 quispiam
1558 995 1646 1030 ignem
1671 993 1805 1020 mitiorem
1819 1012 1826 1024 ,
1853 996 1880 1019 et

255 1046 284 1068 ut
308 1040 363 1068 Deo
393 1041 498 1067 vindice
526 1040 638 1075 dignum
667 1045 727 1072 est,
756 1040 961 1076 intelligendum
991 1047 1074 1077 putet.

1091 812 1246 844 διαιωνίζον
1262 812 1300 847 (Ξ)
1320 814 1377 843 τοῖς
1391 813 1531 847 πονηροῖς.
1546 811 1638 838 Πάντα
1649 810 1704 846 γὰρ
1724 808 1810 836 ταῦτα
1830 808 1878 843 τῆς

1093 858 1276 893 ἀφανιστικῆς
1287 858 1343 884 ἐστι
1357 857 1497 892 δυνάμεως
1507 865 1514 872 ·
1524 857 1546 883 εί
1560 857 1595 891 μή
1604 865 1642 891 τῳ
1655 855 1730 890 φίλον
1741 853 1878 880 κάνταῦθα

261 1099 267 1105 -
288 1085 420 1114 XXXVII.
436 1086 667 1119 Quemadmodum
682 1093 761 1121 porro
775 1086 874 1119 duplex
898 1087 968 1119 ignis
994 1095 1041 1122 ge-

253 1141 305 1161 nus
319 1138 371 1166 est,
397 1135 434 1160 ita
463 1132 560 1167 duplex
577 1139 684 1167 quoque
710 1132 799 1160 lumen
828 1137 868 1160 est
887 1142 893 1160 :
915 1133 1040 1166 alterum,

252 1186 306 1214 quo
322 1179 446 1213 princeps
460 1177 542 1205 animi
556 1178 645 1212 nostri
658 1185 721 1210 pars
735 1178 895 1211 illustratur,
909 1186 941 1206 ac
956 1179 1040 1206 nostri

255 1223 403 1251 secundum
422 1223 504 1250 Deum
525 1229 635 1262 gressus
652 1227 800 1258 reguntur;
822 1223 946 1257 alterum,
961 1223 1041 1251 fallax

253 1275 281 1298 et
299 1270 449 1301 curiosum,
463 1275 580 1303 veroque
592 1268 684 1296 lumini
696 1269 860 1304 oppositum,
874 1275 955 1304 atque
975 1270 1042 1297 inte-

254 1315 305 1343 rim
324 1320 415 1342 tamen
434 1315 506 1342 illius
526 1314 643 1349 speciem
657 1322 713 1349 prae
727 1323 757 1342 se
775 1316 874 1348 ferens,
890 1320 920 1343 ut
934 1323 983 1343 nos
994 1324 1042 1343 ex-

255 1368 332 1390 terna
348 1361 436 1396 specie
452 1361 538 1394 fallat,
552 1366 579 1389 et
597 1362 623 1388 in
646 1362 766 1389 fraudem
783 1361 913 1396 impellat.
933 1363 998 1396 Hoc,
1015 1368 1042 1391 et

253 1407 338 1442 caligo
350 1411 401 1439 est,
416 1411 444 1435 et
462 1406 588 1434 meridies
602 1414 663 1434 esse
679 1406 797 1439 videtur,
810 1408 835 1434 id
848 1412 900 1441 est,
915 1408 1035 1436 clarissi-

253 1463 296 1481 ma
317 1454 424 1481 luminis
437 1461 511 1488 pars.
528 1453 573 1480 Sic
594 1455 665 1481 enim
691 1454 755 1481 illud
785 1454 932 1489 Scriptura:
950 1456 1040 1489 audio,

254 1501 288 1528 iis
302 1501 347 1535 qui
362 1500 504 1535 semperin
518 1499 802 1527 meridianistenebris
813 1499 958 1535 fugiunt".
975 1500 1040 1535 Hoc,

252 1551 281 1574 et
294 1555 346 1574 nox
364 1551 416 1579 est,
437 1550 465 1573 et
478 1545 603 1580 splendor
616 1545 795 1576 existimatur,
814 1545 855 1572 bis
876 1546 978 1580 utique,
995 1546 1040 1580 qui

253 1591 358 1619 deliciis
376 1595 403 1618 et
418 1590 585 1625 voluptatum
600 1590 733 1618 illecebris
748 1590 866 1625 corrupti
879 1595 952 1618 sunt.
973 1590 1041 1624 Quid

252 1637 324 1663 enim
339 1636 377 1664 ait
392 1636 493 1663 David!
517 1635 574 1663 Nox
591 1645 633 1663 me
648 1637 776 1664 miserum
799 1637 998 1667 circumsIabat,
1014 1641 1042 1664 et

250 1682 405 1710 nesciebam
423 1690 431 1709 :
446 1681 555 1709 delicias
576 1682 647 1708 enim
661 1681 749 1709 lumen
763 1689 822 1710 esse
841 1681 995 1709 arbitr.bar
1006 1682 1040 1708 ’⁸.

1131 1090 1191 1116 ΔΖ¹.
1216 1089 1320 1124 Ὥσπερ
1335 1089 1365 1116 δὲ
1380 1088 1436 1124 πῦρ
1451 1086 1508 1115 οἴδα
1521 1087 1631 1115 διπλοῦν
1641 1108 1648 1118 ,
1659 1086 1730 1114 οὕτω
1744 1086 1792 1113 καὶ
1805 1086 1862 1121 φῶς
1871 1083 1878 1090 ’

1095 1134 1125 1160 τὸ
1143 1134 1209 1169 μὲν,
1229 1134 1278 1170 τὴν
1295 1134 1342 1161 τοῦ
1366 1134 1529 1170 ἡγεμονικοῦ
1549 1133 1696 1168 λαμπάδα,
1718 1132 1880 1159 κατευθῦνον

1095 1181 1160 1216 ἡμῖν
1176 1180 1210 1206 τὰ
1223 1179 1294 1206 κατὰ
1307 1179 1372 1206 Θεὸν
1388 1179 1543 1214 διαδήματα
1554 1188 1560 1194 ⁸
1576 1179 1606 1206 τὸ
1623 1179 1662 1210 δὲ,
1679 1178 1818 1213 ἀπατηλὸν
1836 1178 1880 1204 καὶ

1095 1226 1258 1262 περίεργον,
1289 1226 1337 1253 καὶ
1365 1225 1413 1252 τοῦ
1448 1225 1574 1260 ἀληθινοῦ
1611 1225 1699 1259 φωτὸς
1726 1224 1879 1255 ἀντίθετον,

1095 1273 1182 1298 ἐκεῖνο
1202 1272 1241 1306 (4)
1257 1269 1326 1298 εἶναι
1340 1272 1564 1308 ὑποκρινόμενον,
1585 1271 1628 1298 ἵνα
1643 1271 1748 1307 κλέπτῃ
1763 1271 1803 1306 τῷ
1821 1279 1880 1304 φαι-

1095 1317 1201 1353 νομένῳ
1211 1326 1217 1333 ·
1230 1317 1308 1344 τοῦτο
1322 1319 1369 1344 καὶ
1380 1318 1473 1344 σκοτία
1485 1317 1555 1348 ἐστὶ,
1571 1317 1617 1344 καὶ
1631 1316 1789 1352 μεσημϐρία
1800 1316 1880 1347 δοκεῖ,

1094 1364 1125 1390 τὸ
1138 1363 1185 1390 τοῦ
1210 1363 1298 1398 φωτὸς
1315 1364 1507 1400 ἀκμαιότατον.
1532 1363 1624 1395 Οὕτως
1639 1362 1730 1390 ἀκούω
1748 1364 1805 1395 τοῖς
1827 1363 1881 1389 δια-

1095 1409 1195 1441 παντὸς
1215 1411 1244 1436 ὲν
1263 1410 1436 1446 μεσημϐρινῇ
1462 1409 1557 1446 σκοτίᾳ
1573 1409 1712 1444 φεύγουσι.
1734 1409 1821 1435 Τοῦτο
1837 1409 1881 1436 καὶ

1095 1456 1142 1489 νύξ
1162 1457 1231 1488 ἐστι,
1252 1457 1300 1483 καὶ
1320 1456 1461 1491 φωτισμδς
1479 1456 1618 1492 νομίζεται
1635 1456 1675 1491 (5)
1691 1456 1746 1486 τοῖς
1766 1455 1819 1482 ὑπὸ
1834 1456 1880 1489 τῆς

1094 1501 1200 1536 τρυφῆς
1235 1501 1454 1536 διεφθαρμένοις.
1487 1501 1519 1528 Τί
1550 1502 1604 1537 γάρ
1639 1510 1720 1535 φησιν
1740 1502 1754 1527 ὁ
1783 1501 1880 1533 Δαόἱδ;

1094 1546 1153 1579 Νὺξ
1166 1545 1210 1582 -ἧν
1233 1547 1297 1582 περὶ
1322 1547 1372 1582 ἐμὲ
1394 1547 1438 1574 τὸν
1464 1547 1578 1574 δείλαιον
1607 1546 1655 1573 καὶ
1683 1546 1810 1581 ἠγνόουν⁸
1828 1555 1881 1581 φω-

1094 1592 1190 1628 τισμὸν
1219 1593 1273 1628 γὰρ
1301 1590 1370 1619 εἶναι
1394 1593 1443 1629 τὴν
1471 1593 1576 1628 τρυφὴν
1592 1592 1795 1626 ὑπελάμϐανον.
1815 1591 1881 1618 Ἀλλ’

1095 1640 1193 1666 ἐκεῖνοι
1219 1639 1267 1674 μὲν
1282 1639 1415 1671 τοιοῦτοι,
1439 1638 1486 1666 καὶ
1505 1639 1592 1670 οὕτως
1610 1639 1717 1674 ἔχοντες
1729 1646 1735 1652 '
1759 1639 1841 1673 ἡμεῖς
1854 1637 1881 1664 δὲ

1095 1684 1257 1719 φωτίσωμεν
1280 1684 1387 1715 ἑαυτοῖς
1405 1683 1463 1718 φῶς
1481 1682 1623 1718 γνώσεως·
1647 1682 1723 1709 ἔσται
1742 1682 1771 1708 δὲ
1793 1681 1880 1710 τοῦτο,

251 1729 340 1763 Atque
351 1727 388 1755 illi
406 1727 513 1762 quidem
534 1727 601 1755 tales
615 1732 688 1760 sunt,
703 1727 848 1762 animoque
872 1727 908 1754 ita
929 1727 1017 1755 aifecti
1032 1736 1039 1754 :

1095 1732 1128 1758 ὲκ
1141 1730 1188 1757 τοῦ
1205 1730 1328 1765 σπείρειν
1342 1731 1382 1762 εἰς
1398 1730 1580 1765 δικαιοσύνην,
1599 1729 1646 1756 καὶ
1659 1729 1763 1764 τρυγᾷν
1778 1727 1882 1762 κιρπὲν

254 1782 303 1802 nos
316 1781 382 1801 vero
399 1774 521 1801 scientia:
535 1773 624 1801 lumen
640 1774 784 1808 nobisipsis
794 1774 960 1807 excitemus;
975 1775 1045 1808 quod

253 1821 361 1856 quidem
373 1820 451 1848 nobis
461 1821 511 1848 hac
522 1822 626 1848 ratimie
633 1821 780 1855 continget,
791 1820 814 1847 si
823 1820 995 1854 adjustiliunt
1005 1828 1046 1847 se-

253 1867 379 1893 minemus
388 1866 423 1899 "',
433 1870 461 1893 et
469 1866 530 1893 vitae
543 1866 660 1894 fructum
673 1866 868 1893 vindemiemus
878 1866 960 1900 (actio
970 1865 1045 1900 quip-

253 1918 288 1946 ιιο
295 1911 547 1947 contemplationem
558 1912 652 1947 parit);
664 1917 693 1939 ut
706 1919 766 1939 cum
777 1911 839 1944 alia,
850 1916 906 1938 tum
917 1912 968 1939 hoc
977 1918 1044 1946 quo-

252 1965 316 1992 que,
336 1966 432 1993 nempe
447 1960 518 1994 quod
531 1966 623 1986 verum
637 1959 738 1991 lumen,
757 1958 828 1992 quod
842 1965 934 1986 rursus
951 1958 1042 1985 (ictum

253 2009 280 2030 ct
293 2005 452 2032 ementitum
468 2005 514 2038 sit,
532 2005 722 2040 intelligamus,
745 2011 796 2032 nec
813 2005 839 2031 in
855 2004 966 2036 malum,
983 2009 1043 2031 tan-

253 2057 334 2084 quam
353 2051 379 2077 in
394 2050 506 2084 bonum,
534 2058 583 2085 per
598 2051 805 2085 imprudentiam
831 2051 961 2078 labamur.
990 2050 1044 2077 Lu-

253 2102 314 2121 men
338 2094 496 2127 eﬂiciamur,
516 2101 547 2122 ut
560 2095 684 2130 discipuli
711 2103 726 2122 a
742 2103 838 2130 magno
857 2095 970 2123 Lumine
993 2103 1041 2122 vo-

253 2141 305 2168 cati
320 2146 391 2173 sunt,
408 2137 450 2168 bis
470 2141 581 2168 verbis;
605 2141 654 2169 Vos
676 2142 739 2168 uti:
758 2141 804 2168 tua:
830 2142 922 2168 mundi
938 2142 958 2168 ⁵.
981 2141 1043 2169 Elli-

253 2186 359 2213 ciamur
377 2186 522 2213 luminaria
539 2188 565 2213 in
582 2188 693 2219 mundo,
708 2187 819 2214 verbum
831 2187 892 2214 vitae
907 2187 1043 2214 sustinen-

251 2236 304 2263 tes.
322 2231 373 2258 hoc
385 2235 437 2264 est,
452 2232 542 2259 vitalis
557 2232 617 2259 aliis
640 2231 794 2259 hominibus
810 2232 851 2259 vis
862 2237 889 2258 et
918 2231 1040 2259 facultas.

1098 1775 1171 1810 ζωῆς
1187 1775 1196 1810 (
1213 1775 1312 1811 πρᾶξις
1333 1775 1399 1811 γὰρ,
1414 1774 1530 1810 θεωρίας
1547 1774 1715 1810 πρόξενος),
1737 1772 1781 1798 ἵνα.
1797 1772 1832 1798 τά
1853 1779 1881 1797 τε

1097 1821 1165 1848 ἄλλα
1181 1821 1226 1847 καὶ
1242 1819 1321 1846 τοῦτο
1342 1819 1490 1855 μάθωμεν,
1504 1819 1530 1845 τί
1549 1818 1598 1854 μὲν
1614 1818 1643 1845 τὸ
1664 1817 1792 1852 ἀληθινὸν
1815 1815 1881 1850 φῶς,

1095 1867 1122 1894 τί
1139 1867 1168 1894 δὲ
1181 1867 1212 1894 τὸ
1226 1867 1388 1903 ψευδόμενον
1398 1887 1405 1899 ,
1421 1867 1467 1893 καὶ
1486 1866 1523 1902 μὴ
1537 1866 1663 1900 λάθωμεν
1677 1864 1881 1900 περιπεσόντες,

1095 1914 1132 1946 ὡς
1146 1913 1230 1948 καλῷ,
1245 1913 1284 1949 τῴ
1300 1913 1410 1949 χείρονι.
1429 1912 1572 1948 Γενώμεθα
1590 1912 1658 1946 φῶς,
1675 1911 1770 1946 ὥσπερ
1785 1911 1810 1936 οἰ
1831 1919 1882 1945 μα-

1096 1959 1176 1995 θηταὶ
1200 1959 1275 1996 παρὰ
1297 1959 1344 1986 τοῦ
1369 1959 1486 1995 μεγάλου
1512 1958 1602 1990 Φωτὺς
1623 1958 1760 1993 ἤκουσαν,
1786 1956 1882 1991 ’Υμεῖς

1095 2006 1165 2033 ἐστε
1189 2006 1222 2033 τὸ
1247 2005 1310 2040 φῶς
1330 2005 1384 2032 τοῦ
1409 2006 1542 2040 κόσμου,
1575 2004 1709 2038 λέγοντος.
1738 2002 1882 2038 Γενώμεοα

1096 2052 1238 2087 φωστῆρες
1253 2052 1282 2078 ἐν
1294 2051 1400 2086 κόσμῳ,
1411 2051 1489 2085 λόγον
1505 2051 1575 2086 ζωῆς
1591 2050 1747 2084 ἐπέχοντες,
1761 2048 1882 2075 τουτέστι

1096 2096 1199 2132 ζωτικὴ
1222 2098 1279 2129 τοῖς
1295 2097 1385 2128 ἄλλοις
1410 2097 1535 2132 δύναμις.
1561 2095 1716 2130 Λαϐώμεϐα
1740 2094 1881 2128 θεότητος.

1095 2141 1242 2178 λαϐώμεθα
1257 2142 1305 2169 τοῦ
1328 2141 1436 2178 πρώτου
1460 2142 1507 2168 καὶ
1530 2141 1762 2177 ἀκραιφνεστάτου
1781 2140 1879 2170 Φωτός.

1102 2187 1272 2223 Ὀδεύσωμεν
1285 2187 1352 2223 πρὸς
1363 2188 1412 2223 τὴν
1425 2188 1528 2223 λάμψιν
1537 2187 1630 2219 αὑτοῦ,
1645 2187 1697 2222 πρὸ
1706 2185 1754 2212 τοῦ
1767 2185 1882 2220 προσκό-

1094 2232 1144 2267 ψαι
1160 2233 1224 2264 τοὺς
1239 2232 1320 2264 πόδας
1336 2232 1413 2268 ἡμῶν
1429 2233 1471 2259 ἐπ’
1489 2232 1538 2268 ὅρη
1555 2232 1679 2258 σκοτεινὰ
1694 2231 1741 2257 καὶ
1756 2230 1880 2264 πολέμια.

251 2277 419 2312 Arripiamus
431 2277 571 2311 deitatem,
584 2277 746 2312 arripiamus
768 2278 884 2312 primum
907 2281 935 2305 et
954 2278 1041 2312 puris-

1095 2278 1267 2314 'Eto;j)p.é9a.
1284 2279 1415 2311 ὲστὶν,ὠς
1430 2279 1465 2305 ἐν
1481 2277 1575 2312 ἡμέρᾳ
1591 2277 1789 2311 εὐσχημόνως
1802 2285 1880 2310 περι-

252 2323 349 2350 simum
363 2324 476 2351 Lumen.
505 2324 545 2351 Ad
570 2323 655 2358 ipsius
675 2324 844 2359 splendorem
871 2324 1039 2356 incedamus,

251 2369 407 2404 priusquam
423 2370 504 2405 pedes
531 2370 615 2398 nostri
636 2370 670 2397 ad
697 2371 854 2398 tenebrOsos
874 2374 902 2397 et
929 2370 1040 2398 hostiles

286 2447 308 2463 "
326 2447 390 2474 Luc.
407 2455 457 2479 xtl,
473 2447 517 2474 49.
555 2447 578 2464 ⁸³
590 2447 656 2475 Gen.
669 2455 726 2479 xxx,
741 2447 786 2474 24.
824 2447 848 2463 ⁸⁸
863 2447 934 2474 Psal.
952 2455 979 2479 x,
996 2447 1023 2475 7.

250 2482 502 2515 "Psal.cxxxvm,
535 2483 578 2515 lt,
613 2490 690 2518 seqq.

269 2539 340 2580 _(96)
365 2539 430 2566 Ἐπὶ
442 2539 498 2574 τῆς
515 2539 578 2575 γῆς.
594 2539 660 2568 Tres
677 2540 761 2576 Regg.
776 2545 802 2567 ct
818 2540 864 2568 Or.
883 2541 908 2573 l,
927 2541 972 2568 ἐπὶ
989 2542 1038 2578 τὴν

290 2583 313 2601 ν.

286 2610 341 2644 (97)
358 2609 535 2650 ¹Ἀναγωγῆς
559 2611 671 2646 λόγοις.
688 2620 698 2637 ι
719 2611 881 2646 Anagogice,
910 2620 920 2637 ι
948 2611 974 2638 id
997 2617 1038 2638 est

252 2654 263 2671 ι
286 2649 407 2672 mvstice.
428 2655 437 2671 ν

287 2652 461 2716 Ρὸζῆυξιξᾷἂὰ
474 2680 532 2706 καί.
551 2682 596 2707 Sic
621 2681 672 2708 duo
686 2681 770 2716 Regg.
782 2680 861 2708 Deest
879 2680 925 2708 καί
947 2681 973 2707 in
993 2681 1036 2707 ed.

287 2715 342 2749 (99)
362 2715 416 2751 Kal
434 2716 477 2743 τό.
499 2716 544 2742 Sic
561 2724 607 2744 sex
622 2716 716 2751 Hegg.,
734 2715 788 2744 tres
805 2716 882 2743 Colb.
900 2723 927 2743 et
944 2716 1040 2743 Comb.

252 2749 331 2776 Deest
341 2750 372 2776 τό
384 2751 410 2777 in
423 2752 465 2777 ed.

288 2785 326 2819 (l)
352 2785 514 2820 Ἀκοιμήτῳ
539 2785 684 2819 σκώληνι.
707 2785 808 2813 Alludit
830 2786 863 2812 ad
881 2786 937 2813 haec
958 2786 1039 2812 verba

253 2819 338 2852 lsaiw,
352 2827 424 2860 var,
438 2822 483 2851 24,
505 2822 546 2848 vel
564 2821 647 2848 Marc.
661 2829 698 2854 Ix,
715 2821 751 2848 45
765 2830 771 2848 :
790 2831 799 2846 ι
823 2821 927 2848 Vermis
945 2828 1040 2848 eorum

254 2862 306 2882 ΙὶΟΙΙ
322 2860 445 2881 lllOl‘lllll'.
465 2865 473 2880 ι

290 2889 329 2924 (2)
349 2889 525 2920 Διαιωνίζον.
541 2890 584 2918 Sic
600 2891 650 2919 duo
662 2890 755 2925 Coisl.,
774 2896 825 2919 ctc.
841 2890 868 2918 ln
885 2891 938 2924 ed.,
953 2890 1042 2918 διαιω-

1073 2450 1096 2465 ”
1110 2448 1203 2476 Matth.
1222 2457 1284 2481 xxv,
1301 2449 1347 2478 Η.

729 2483 751 2499 ⁹⁹
766 2482 828 2510 05c.
846 2483 928 2515 x,12.
968 2483 976 2498 ¹
993 2483 1089 2512 Matth.
1107 2492 1132 2517 ν,
1156 2484 1200 2510 u.

1093 2324 1332 2359 πατήσωμεν,μὴ
1347 2324 1454 2359 κώμοις
1467 2324 1516 2351 καὶ
1527 2324 1641 2359 μέθαις,
1645 2323 1688 2357 μὴ
1706 2323 1819 2355 κοίταις
1834 2321 1880 2348 καὶ

1100 2370 1283 2405 ἀσελγείαις,
1299 2371 1317 2398 ἃ
1331 2370 1428 2403 νυκτός
1447 2371 1504 2397 ἐστι
1519 2370 1673 2406 κλέμματα.

1396 2449 1419 2465 ’⁸
1433 2449 1505 2477 Psal.
1518 2456 1590 2481 xc",
1603 2449 1631 2476 5.
1683 2448 1705 2464 ’⁷
1723 2448 1774 2476 Isa.
1791 2456 1818 2481 v,
1833 2448 1879 2476 ‘20.

1111 2541 1136 2560 I."

1092 2550 1476 2611 νιῖἒῖδιλανθρωπότερον.
1498 2586 1507 2602 ι
1523 2577 1614 2611 ignem
1642 2577 1788 2607 mitiorem,
1809 2585 1818 2602 ι
1833 2576 1876 2611 qui

1091 2612 1216 2639 videlicet
1237 2619 1289 2638 non
1313 2613 1410 2646 perdat
1425 2620 1457 2639 ac
1471 2613 1569 2643 deleat,
1593 2617 1621 2638 ut
1642 2612 1834 2641 Sodomiticus,
1851 2616 1877 2637 et

1091 2647 1138 2681 qui
1154 2647 1275 2681 reprobis
1289 2647 1439 2675 destinatus
1449 2652 1506 2679 est;
1526 2648 1572 2674 sed
1588 2647 1632 2680 qui
1651 2647 1735 2673 malos
1759 2646 1786 2673 in
1810 2652 1875 2673 tem-

1091 2688 1157 2716 pore
1188 2682 1343 2718 ulciscatur,
1368 2687 1395 2710 et
1421 2690 1435 2709 ιι
1463 2682 1580 2718 peccatis
1609 2682 1745 2718 emundet.
1768 2681 1806 2708 De
1826 2688 1878 2715 quo

1094 2718 1163 2752 Aug.
1182 2725 1191 2742 ι
1211 2717 1259 2744 Hic
1282 2724 1340 2750 ure,
1359 2718 1401 2746 hic
1419 2725 1491 2750 scca,
1509 2717 1589 2744 modo
1616 2717 1641 2743 in
1658 2721 1789 2743 a-ternum
1818 2723 1872 2750 par-

1094 2759 1313 2821 ε..ῗλίἙκεῗνα
1335 2787 1380 2815 Sic
1407 2787 1469 2815 Par.
1494 2792 1521 2815 et
1538 2786 1653 2822 llervag.
1676 2785 1704 2813 ln
1728 2786 1784 2817 ed.,
1809 2786 1877 2812 ἐκεί-

1094 2829 1177 2918 vo2'5)l
1188 2856 1347 2890 Νομίζεται.
1360 2856 1388 2885 ln
1400 2858 1465 2893 Reg.
1482 2858 1536 2890 blll,
1550 2866 1594 2893 γρ.
1615 2855 1784 2892 ονομάζεται,
1804 2865 1813 2882 ι
1830 2863 1876 2883 nov

1095 2899 1165 2918 nnna
1181 2899 1220 2918 ur.
1242 2901 1250 2917 ι

1095 2899 1220 2918 llllllillul'.
1242 2901 1250 2917 Ι
