2013 3134
146 201 201 229 “5

613 195 741 224 ORATIO
760 195 815 223 XL.
835 211 870 216 —
888 195 919 222 IN
943 195 1105 224 SANCTUM
1124 195 1305 223 BAPTISMA.

1710 197 1763 224 ΑΗ

146 262 251 285 montes
272 254 415 282 oﬂ'eudaut.
433 252 555 286 Quandiu
568 252 625 279 dies
639 258 690 284 est,
712 253 778 278 sicut
791 253 818 279 in
832 252 874 278 die
887 252 992 279 Itoneste
1006 253 1167 279 ambulemus
1209 261 1259 280 non
1288 253 1315 279 in
1348 251 1575 278 comessatiauibus
1607 256 1629 278 et
1651 252 1762 279 ebrieta-

145 306 224 334 tibus,
240 311 290 329 non
312 302 338 327 in
352 300 478 326 cubilibus
491 304 514 326 et
540 299 709 332 impudicitiis
725 299 748 330 ’,
763 305 823 333 quae
851 298 936 325 noctis
956 298 1023 325 furta
1038 304 1110 326 sunt.

179 349 246 376 AH'.
260 348 318 374 Πᾶν
333 346 412 381 μέλος
425 343 635 380 καθαρισθῶμεν
648 344 696 380 (6),
712 344 830 377 ἀδελφοὶ,
844 344 933 370 πᾶσαν

1020 343 1162 372 XXXVIII.
1177 343 1308 372 Omnibus
1320 343 1446 371 membris
1459 342 1640 378 puriﬁcemur.
1657 343 1763 376 fratres,

145 393 303 427 ἀγνίσωμεν
318 390 443 425 αἴσθησιν
453 398 460 405 ο
484 389 566 424 μηδὲν
580 388 673 420 ἀτελὲς
683 390 750 423 ἡμῖν
770 388 849 420 ἔστω,
867 389 933 424 μηδὲ

144 439 192 473 τῆς
208 435 323 473 πρώτης
338 435 480 469 γενέσεως,
505 434 586 470 μηδὲν
603 433 753 468 ἀφώτιστον
767 434 935 460 καταλείπω-

147 491 196 518 μεν
207 482 257 518 (7).
272 480 454 516 Φωτισθῶμεν
471 480 516 506 τὸν
531 479 668 515 ὀφθαλμὸν
679 500 686 510 ,
701 479 734 506 ἶν’
748 479 814 514 ὀρθὰ
829 479 934 514 βλέπον

146 537 206 564 μεν,
226 529 274 555 καὶ
293 527 375 563 μηδὲν
391 526 499 553 εἴδωλον
520 525 647 561 πορνικὸν
659 526 687 551 ὲν
701 527 768 560 ἡμῖν
781 525 871 556 αὐτοῖς
887 525 934 558 φέ-

146 584 238 612 ρωμεν
265 574 302 610 (8)
322 575 354 600 ὲκ
380 572 523 608 φιλοπόνου
547 571 611 603 θέας
629 571 677 598 καὶ
698 571 853 606 περιέργου.
874 569 934 596 Κᾶν

145 623 199 658 γὰρ
214 621 254 657 τῷ
274 620 355 647 πάθει
376 619 414 654 μὴ
426 617 676 653 προσκυνήσωμεν,
692 616 760 644 ἀλλὰ
779 616 828 651 τὴν
847 615 935 650 ψυχὴν

145 666 346 703 ὲμολύνθημεν.
370 664 404 690 El
420 671 463 694 τις
477 662 555 693 δοκὸς
572 663 600 688 ὲν
625 662 705 697 ἡμῖν,
726 662 751 687 εί
773 669 799 687 τι
821 661 934 696 κάρφος,

146 711 377 746 ἀνακαθαίρωμεν
388 717 396 725 ·
419 708 462 736 ἵνα
478 708 524 734 καὶ
539 707 573 734 τὰ
587 707 641 734 τῶν
657 707 744 734 ἄλλων
762 707 827 742 όρᾷν
851 705 934 733 δυνώα

148 758 227 795 μεθα.
243 755 425 791 Φωτισθῶμεν
437 754 531 790 ἀκοὴν,
547 753 725 788 φωτισθῶμεν
737 753 860 788 γλῶσσαν
870 760 877 767 ·
892 753 936 778 ἵνα

146 803 324 837 ἀκούσωμεν,
342 801 369 828 τί
381 801 494 835 λαλήσει
509 799 610 835 Κύριος
624 800 638 826 ό
649 798 725 831 Θεὸς,
741 798 789 825 καὶ
806 798 936 825 ἀκουστὸν

147 851 212 884 ἡμῖν
233 847 348 882 γένηται
365 845 396 872 τὸ
419 844 536 880 πρωινὸν
558 843 648 876 ἔλεος,
665 843 712 870 καὶ
732 842 936 877 ἀκουτισθῶμεν

147 894 307 929 ὰγαλλίασιν
322 892 369 918 καὶ
381 889 549 926 εὐφροσύνην
559 909 566 921 ,
580 890 675 921 ἀκοαῖς
690 889 775 921 θείαις
789 887 936 924 ὲνηχουμέ-

146 949 210 976 νην·
225 940 270 966 ἵνα
286 939 324 974 μὴ
339 935 412 973 ὦμεν
430 937 551 972 μάχαιρα
562 934 645 967 ὀξεῖα,
663 934 731 970 μηδὲ
744 933 824 969 ξυρὸν
838 934 937 968 ἠκονη-

149 987 238 1022 μένον,
259 985 329 1021 μηδὲ
344 983 397 1010 ὑπὸ
411 983 462 1018 τὴν
476 982 602 1017 γλῶσσαν
616 980 777 1016 στρέφωμεν
792 979 875 1006 κόπον
888 979 935 1005 καὶ

148 1032 239 1064 πόνον,
261 1030 332 1058 ἀλλὰ
347 1029 471 1064 λαλῶμεν
486 1028 553 1054 Θεοῦ
572 1027 668 1061 σοφίαν
682 1027 711 1052 ὲν
725 1025 874 1061 μυστηρίῳ,
887 1024 936 1060 τὴν

988 1027 1061 1055 ribus
1076 1027 1192 1058 insonat,
1211 1027 1314 1054 auditui
1343 1031 1435 1054 nostro
1457 1025 1614 1054 infundatur
1637 1033 1645 1053 :

146 1075 410 1112 ἀποκεκρυμμένην,
432 1074 480 1106 τὰς
496 1073 612 1108 πυρίνας
630 1070 754 1106 γλώσσας
773 1070 934 1105 αἰδούμενοι.

153 1123 283 1158 ’Ῑαθῶμεν
296 1121 438 1157 ὖσφρησιν,
447 1119 484 1155 (9)
495 1119 538 1145 ἵνα
549 1119 587 1154 μὴ
599 1116 787 1153 θηλυνώμεθα,
798 1116 864 1151 μηδὲ
877 1115 937 1142 ἀντὶ

146 1169 233 1203 ὀσμῆς
262 1167 322 1202 (10)
351 1165 443 1201 ἡδείας
466 1163 685 1200 κονιορτώμεθα·
710 1161 766 1189 ἀλλ’
786 1160 937 1198 ὀσφραινώ-

149 1214 216 1249 μεθα
232 1213 303 1249 (ll),
326 1212 373 1239 τοῦ
392 1210 588 1241 ὲκκενωθέντος
602 1209 635 1235 δι’
656 1209 729 1244 ἡμᾶς
751 1207 835 1243 μύρου
855 1215 935 1234 πνευ-

150 1258 272 1294 ματικῶς
298 1255 578 1291 ἀντιλαμϐανόμενοι,
597 1254 645 1281 καὶ
670 1252 794 1280 τοσοῦτον
810 1252 839 1284 ἐξ
854 1252 936 1280 αὑτοῦ

147 1305 307 1340 ποιούμενοι
323 1303 371 1329 καὶ
386 1300 621 1338 μεταποιούμενοι,
637 1299 707 1326 ὥστε
720 1298 767 1326 καὶ
779 1298 868 1325 αὐτῶν
880 1298 935 1332 (12)

146 1351 223 1386 ἡμῶν
251 1347 448 1384 ὀσφραίνεσθαι
474 1347 561 1382 ὀσμὴν
589 1345 713 1376 εὐωδίας.
747 1343 937 1379 Καθαρθῶμεν

148 1397 229 1432 ἁφὴν,
246 1394 360 1429 γεῦσιν,
386 1393 529 1428 λάρυγγα,
547 1391 584 1427 μὴ
601 1389 732 1426 μαλακῶς
749 1389 934 1424 ὲπαφώμενοι,

147 1444 192 1470 καὶ
216 1441 339 1476 λειότησι
368 1439 520 1474 χαίροντες,
549 1437 616 1464 ἀλλὰ
637 1436 682 1462 τδν
710 1435 885 1470 σαρκωθέντα
902 1435 935 1461 δι’

147 1489 218 1524 ἡμᾶς
228 1488 317 1521 Λόγον
331 1484 519 1520 ψηλαφῶντες,
534 1483 572 1514 ὼς
591 1481 675 1516 ἀξιον,
692 1482 739 1508 καὶ
754 1481 853 1516 Θωμᾶν
866 1480 936 1507 κατὰ

147 1534 224 1560 τοῦτο
247 1532 431 1568 μιμούμενοι·
447 1529 484 1565 μὴ
499 1529 595 1564 χυμοῖς
610 1528 657 1554 καὶ
677 1527 752 1561 ὃψοις
773 1525 936 1562 γαργαλιζό-

151 1588 234 1615 μενοι,
254 1579 312 1609 τοῖς
335 1577 459 1611 ἀδελφοῖς
476 1575 531 1602 τῶν
555 1574 726 1610 πικροτέρων
750 1573 805 1608 (15)
831 1580 935 1607 γαργα-

148 1625 260 1660 λισμῶν,
273 1623 343 1651 ἀλλὰ
354 1623 494 1657 γευόμενοι
508 1621 555 1648 κα)⁸
567 1619 758 1654 γινώσκοντες,
768 1619 808 1645 ὅτι
820 1617 936 1654 χρηστὸς

148 1671 162 1698 ὁ
183 1671 285 1707 Κύριος
310 1670 361 1705 τὴν
386 1668 502 1704 κρείττω
521 1667 614 1702 γεῦσιν
631 1666 678 1693 καὶ
699 1666 830 1701 μένουσαν
842 1673 849 1680 ·
867 1664 935 1700 μηδὲ

984 398 1077 417 omnes
1092 398 1188 417 sensus
1202 397 1362 425 purgemus;
1381 389 1447 416 nihil
1473 390 1498 416 in
1525 389 1600 416 nobis
1614 389 1649 416 sit
1664 389 1763 422 imper-

984 435 1093 467 fectum,
1112 436 1175 462 nihil
1194 437 1263 470 quod
1279 435 1391 470 priutam
1412 435 1577 462 nativitatem
1594 435 1673 466 olent,
1697 435 1764 461 nihil

984 481 1098 515 denique
1120 481 1229 508 luminis
1247 488 1344 515 expers
1366 480 1556 514 relinquamus.
1583 479 1765 506 Illuminemur

985 525 1089 557 oculis;
1106 530 1135 552 ut
1149 530 1221 552 recte
1235 532 1387 556 cernamus,
1403 533 1452 552 nec
1478 524 1658 552 meretricium
1683 524 1764 550 ullum

984 576 1011 598 et
1023 572 1167 599 obscenum
1177 571 1360 603 simulacrum,
1369 578 1400 598 ex
1410 571 1529 598 studioso
1538 575 1564 597 et
1575 570 1679 598 curioso
1688 576 1765 604 aspe-

984 621 1029 644 ctu
1051 616 1203 650 conﬂatum,
1232 617 1258 644 in
1288 617 1365 644 nobis
1393 617 1629 645 circumleramus;
1666 615 1766 649 alioqui

984 664 1068 694 enim,
1085 663 1190 691 etiamsi
1217 662 1355 690 libidinem
1371 670 1424 690 non
1442 662 1596 692 adoremus,
1611 661 1692 695 722
1709 661 1768 687 ani-

985 716 1028 736 ma
1046 715 1134 736 tamen
1149 709 1206 744 ipsa
1225 708 1318 736 sordes
1334 707 1508 735 contraxerit.
1525 706 1553 734 Si
1570 714 1621 740 qua
1637 707 1663 733 in
1690 706 1768 733 nobis

987 755 1086 787 trabes,
1099 755 1121 781 sl
1136 762 1187 789 qua
1204 753 1319 787 festuca,
1342 761 1401 781 eam
1415 753 1575 784 evellamus;
1598 756 1627 779 ut
1652 757 1679 779 et
1702 751 1768 778 alio—

985 807 1044 826 rum
1061 799 1150 826 trabes
1166 802 1192 825 et
1219 798 1335 826 festucas
1349 798 1500 833 perspicere
1513 804 1653 831 queamus.
1669 796 1769 823 Illumi-

986 852 1082 872 nemur
1109 845 1229 877 auribus,
1252 844 1433 872 illuminemur
1459 843 1548 878 lingua
1575 851 1583 870 :
1605 843 1702 878 partim
1727 848 1767 874 ut,

985 889 1051 924 quid
1065 889 1188 923 loquatur
1201 889 1328 916 Dominus
1342 888 1413 915 Deus
1428 888 1449 921 ³,
1473 888 1623 920 audiamus,
1647 893 1675 915 et
1693 888 1768 914 audi-

988 941 1040 962 tam
1056 935 1139 963 [aciat
1154 935 1229 962 nobis
1245 943 1323 963 mane
1337 935 1550 962 misericordiam
1564 942 1639 962 suam
1651 935 1672 966 δ,
1688 941 1770 969 atque

986 981 1129 1008 exsultatio
1144 981 1200 1014 illa,
1216 986 1243 1008 et
1257 981 1360 1013 lmtitia,
1375 988 1434 1015 quas
1446 981 1546 1008 sanctis
1568 985 1595 1008 et
1608 980 1704 1008 divinis
1721 988 1769 1007 au-

1672 1027 1768 1061 partim

987 1080 1020 1100 ne
1034 1072 1136 1107 gladius
1159 1077 1254 1099 acutus
1269 1073 1290 1105 ⁵,
1315 1076 1361 1099 aut
1388 1073 1517 1100 novacula
1542 1076 1620 1100 acuta
1637 1073 1647 1088 ⁸
1673 1073 1769 1104 simus,

987 1126 1018 1145 ac
1036 1118 1085 1145 sub
1099 1117 1186 1153 lingua
1203 1118 1323 1146 laborem
1348 1123 1376 1145 et
1391 1118 1510 1145 dolorem
1525 1118 1534 1134 "
1550 1125 1697 1150 versemus,
1721 1118 1769 1146 sed

988 1164 1033 1191 Dei
1062 1164 1219 1199 sapientiam
1250 1164 1276 1192 in
1292 1164 1432 1200 mysterio,
1459 1172 1518 1199 qua:
1541 1164 1695 1192 abscondita
1716 1168 1768 1197 est,

987 1210 1127 1244 loquamur
1142 1209 1163 1242 ⁸,
1183 1210 1276 1245 igneas
1291 1210 1396 1244 linguas
1421 1210 1540 1237 reveriti.
1567 1209 1671 1237 Olfaetu
1692 1217 1770 1237 cure-

989 1262 1059 1286 mur,
1088 1260 1117 1281 ut
1139 1262 1174 1282 ne
1201 1254 1396 1288 eﬂ'eminemur,
1417 1257 1559 1290 suavisque
1585 1255 1676 1283 odoris
1700 1255 1769 1287 loco,

987 1301 1096 1335 pulvere
1121 1309 1350 1337 conspergamur;
1386 1309 1476 1329 verum
1503 1307 1666 1337 unguentum
1692 1301 1769 1334 illud,

987 1353 1076 1374 nostra
1095 1355 1175 1375 causa
1201 1347 1326 1380 elfusum,
1358 1349 1512 1382 odoremur,
1536 1347 1666 1383 spirituali
1692 1348 1771 1375 modo

987 1392 1050 1418 illud
1065 1392 1254 1427 percipientes,
1270 1398 1350 1428 atque
1362 1394 1394 1420 ab
1408 1400 1441 1421 eo
1455 1393 1490 1420 ita
1502 1392 1644 1425 ell‘ormati,
1657 1397 1684 1420 et
1697 1401 1771 1420 com-

987 1439 1094 1472 mutati,
1106 1443 1135 1466 ut
1148 1446 1181 1466 ex
1208 1440 1286 1467 nobis
1316 1447 1420 1475 quoque
1451 1439 1541 1467 suavis
1563 1440 1629 1467 odor
1656 1439 1770 1466 ametur.

986 1483 1135 1520 Purgemur
1148 1489 1233 1518 tactu,
1249 1490 1339 1520 gustu,
1354 1486 1486 1518 faucibus,
1504 1493 1556 1513 non
1572 1485 1687 1512 molliter
1705 1490 1772 1512 tan-

986 1535 1089 1564 gentes,
1103 1538 1153 1558 nec
1167 1530 1245 1558 rebus
1260 1531 1369 1558 Iaevibus
1388 1535 1415 1558 et
1436 1531 1525 1566 politis
1542 1530 1700 1566 gaudentes,
1723 1531 1770 1557 sed

986 1575 1115 1608 Verbum,
1127 1575 1222 1603 salutis
1236 1581 1333 1603 nostra:
1347 1583 1427 1603 causa
1444 1576 1622 1609 incarnatum,
1638 1579 1668 1603 ut
1681 1576 1769 1607 decet,

986 1625 1169 1653 attrectames,
1183 1629 1214 1648 ac
1226 1621 1356 1649 Thomam
1378 1622 1465 1649 hacin
1491 1629 1519 1649 re
1548 1621 1697 1654 imitantes;
1722 1629 1772 1648 nec

986 1667 1074 1693 succis
1095 1667 1268 1701 cupediisque
1298 1667 1407 1699 litillati,
1427 1668 1561 1695 acriorum
1591 1667 1770 1694 titillationum

150 1702 232 1752 μικρά
250 1715 308 1752 (14)
322 1702 368 1742 τόν
387 1702 484 1750 πικρὸν
507 1714 554 1741 καὶ
573 1713 720 1748 ἀχάριστον
740 1712 848 1746 ἀγωγὸν
869 1712 934 1738 ἁνα-

988 1712 1125 1745 Iratribus,
1140 1713 1186 1740 sed
1214 1717 1352 1748 gustantes
1381 1719 1409 1740 et
1433 1718 1620 1748 agnoscentes,
1645 1715 1772 1748 quoniam

148 1756 292 1796 ψῦχοντες,
310 1760 356 1787 τὸν
373 1760 607 1795 παραπέμποντα,
625 1759 672 1786 καὶ
687 1759 717 1786 οὐ
741 1759 889 1794 κατέχοντα
904 1757 935 1784 τὸ

149 1807 298 1843 διδόμενον,
313 1806 381 1833 ἀλλὰ
395 1808 451 1837 τοῖς
461 1806 637 1841 γλυκυτέροις
653 1805 759 1841 μέλιτος
772 1805 861 1839 λόγοις
872 1804 934 1831 τοῦ-

149 1861 192 1880 τον
204 1853 408 1889 εὐφραίνοντες.

987 1759 1077 1785 Suavis
1087 1762 1129 1786 est
1145 1757 1274 1786 Dominus
1286 1759 1307 1790 ',
1324 1759 1502 1793 praestantiori
1516 1764 1594 1793 gustu
1609 1767 1640 1786 ac
1663 1766 1772 1794 perma-

987 1809 1083 1836 nente;
1109 1811 1159 1831 nec
1177 1804 1290 1839 denique
1307 1805 1419 1832 acerbas
1447 1805 1506 1832 illas
1525 1810 1552 1832 et
1569 1806 1688 1840 ingratas
1712 1805 1772 1832 fan-

988 1857 1043 1882 ces,
1058 1857 1117 1884 quas
1127 1850 1164 1884 id,
1181 1851 1252 1884 quod
1269 1851 1355 1884 datur,
1378 1852 1573 1883 transmittunt,
1592 1859 1640 1879 nec
1654 1859 1770 1886 unquam

150 1898 274 1930 retinent,
293 1897 430 1933 paululum
453 1900 616 1928 recreantes,
641 1895 689 1923 sed
724 1895 822 1924 divinis
848 1895 1026 1928 sermonibus,
1066 1897 1111 1923 aui
1148 1896 1226 1924 melle
1257 1897 1390 1925 dulciores
1429 1902 1491 1925 sunt
1506 1897 1539 1929 ",
1564 1904 1610 1925 eas
1634 1897 1771 1925 oblectan-

151 1948 196 1971 tes.

182 1991 243 2018 ΔΘ.
257 1990 314 2018 Καὶ
331 1989 398 2025 πρὸς
412 1991 468 2021 τοῖς
481 1988 637 2024 εἰρημένοις
652 1988 693 2014 ἔτι
709 1987 764 2023 (15)
777 1987 870 2019 καλὸν,
885 1987 935 2021 τὴν

149 2037 267 2072 κεφαλὴν
286 2035 518 2071 καθαιρομένους,
533 2034 571 2066 ὡς
593 2034 752 2069 καθαίρεται
774 2032 888 2068 κεφαλὴ,
905 2033 936 2059 τὸ

149 2083 200 2110 τῶν
221 2082 376 2118 αἰσθήσεων
397 2081 591 2116 ὲργαστήριον,
615 2080 726 2115 κρατεῖν
749 2079 798 2114 τὴν
818 2077 936 2114 Χριστοῦ

149 2129 268 2164 κεφαλὴν
288 2128 344 2163 (Ili)
355 2147 362 2159 ,
386 2127 414 2160 ἐξ
431 2123 465 2162 ἧς
482 2127 535 2152 πᾶν
557 2125 588 2152 τὺ
603 2125 682 2160 σῶμα
697 2124 937 2160 συναρμολογεῖται

150 2175 194 2201 καὶ
208 2173 417 2209 συμϐιϐάζεταν
428 2173 476 2199 καὶ
486 2172 534 2207 τὴν
546 2172 747 2207 ὑπεραίρουσαν
761 2170 838 2205 ἡμῶν
849 2171 937 2205 ἁμαρ-

150 2220 206 2246 τίαν
217 2220 294 2247 κάτω
308 2218 425 2254 βάλλειν,
436 2216 654 2252 ὑπεραιρομένην
667 2215 705 2251 τῷ
719 2216 863 2250 κρείττονι.
878 2215 936 2241 Κα-

150 2265 192 2292 λὸν
211 2266 258 2292 καὶ
278 2263 355 2300 ὦμον
372 2263 532 2298 ἁγιάζεσθαι
554 2263 601 2289 καὶ
622 2261 815 2297 καθαίρεσθαι,
832 2261 875 2287 ἵνα
890 2260 935 2286 δυ-

149 2310 214 2346 νηθῇ
231 2311 278 2337 τὸν
302 2310 418 2345 σταυρὸν
432 2309 519 2345 αἴρειν
533 2307 666 2344 Χριστοῦ,
684 2307 721 2343 μὴ
737 2307 818 2334 παντὶ
835 2305 935 2341 ῥᾳδίως

182 2370 192 2385 ¹
216 2368 296 2396 Rom.
317 2376 376 2399 xui,
395 2367 438 2394 l3.
476 2367 487 2382 ³
504 2366 574 2393 Psal.
592 2373 701 2395 Lxulv.
717 2365 743 2392 9.
781 2364 791 2379 ‘
809 2363 977 2399 Ρεςιιτοχιιι,

1023 1984 1145 2012 XXXIX.
1163 1984 1324 2011 Praeclarum
1352 1984 1461 2019 insuper
1480 1983 1568 2016 fuerit,
1589 1989 1700 2019 purgato
1722 1992 1771 2012 ca-

988 2032 1053 2067 pite,
1068 2035 1096 2057 ut
1110 2037 1172 2064 pars
1188 2037 1229 2062 ea,
1244 2037 1304 2064 qua:
1329 2037 1456 2057 sensuum
1482 2029 1646 2057 domicilium
1668 2035 1697 2057 et
1711 2029 1769 2057 olli-

988 2077 1047 2103 cina
1062 2080 1113 2106 est,
1133 2075 1243 2110 purgari
1253 2074 1332 2107 solet,
1345 2074 1445 2102 Christi
1465 2078 1557 2108 caput,
1581 2081 1614 2101 ex
1633 2082 1687 2109 quo
1714 2082 1771 2102 cor-

987 2129 1036 2156 pus
1058 2129 1138 2149 omne
1163 2120 1360 2149 construitur“
1376 2125 1404 2148 et
1429 2120 1638 2155 eonglulinatnr,
1662 2124 1769 2154 tenere;

987 2174 1018 2194 ac
1033 2171 1184 2201 peccatum,
1198 2173 1277 2201 supra
1297 2173 1346 2193 nos
1359 2173 1420 2194 sese
1429 2166 1554 2199 eﬂ'erens,
1568 2171 1649 2201 atque
1662 2167 1688 2193 in
1702 2174 1771 2201 pra:—

986 2212 1142 2240 stantiorem
1158 2213 1242 2239 nostri
1262 2218 1365 2247 partem
1386 2212 1527 2246 imperium
1550 2211 1601 2240 sibi
1625 2219 1768 2247 arrogans,

987 2262 1171 2285 consternare.
1196 2257 1357 2285 Praeclarum
1372 2258 1454 2285 etiam
1469 2257 1589 2285 humeris
1607 2257 1769 2284 sanctiﬁcari

989 2311 1020 2330 ac
1037 2304 1155 2338 purgari,
1175 2308 1202 2330 ut
1216 2304 1317 2331 Christi
1333 2311 1441 2331 crucem
1459 2303 1551 2331 tollere
1564 2307 1672 2338 queant,
1689 2310 1768 2338 quam

1072 2360 1083 2376 ⁸
1097 2360 1166 2387 Psal.
1185 2368 1238 2391 LVI,
1257 2360 1284 2388 5.
1318 2360 1329 2376 ⁸
1343 2359 1414 2388 Psal.
1437 2367 1474 2392 ι.ι,
1496 2360 1523 2386 4.
1565 2360 1575 2375 ⁷
1596 2357 1666 2385 Psal.
1689 2366 1716 2391 ι,
1742 2357 1767 2385 7.

150 2403 181 2430 'I
195 2395 263 2431 Cor,
277 2411 309 2436 tt,
324 2403 350 2429 7.
371 2395 397 2418 ”
413 2402 482 2430 Psal.
498 2409 594 2433 xmn,
605 2400 632 2428 9.
671 2401 691 2416 ¹⁰
704 2399 774 2427 Psal.
786 2406 862 2431 xvtu,
875 2398 914 2425 ll.
955 2397 974 2412 “
986 2396 1091 2423 Coloss.
1106 2403 1137 2427 ιι,
1150 2395 1192 2423 l9.

183 2480 220 2515 (6)
240 2478 479 2513 Καθαρισθῶμεν.
494 2477 538 2515 _In
566 2477 710 2509 nonnullis,
733 2475 934 2511 καθαρίσωμεν.

1008 2472 1079 2515 .(ί2)
1098 2471 1213 2515 Augur,
1225 2472 1321 2512 _Regg.
1338 2472 1387 2515 Iph,
1405 2471 1603 2515 septem‘Culbt
1615 2470 1768 2515 e'ttloml):2

153 2523 163 2540 ι
180 2513 274 2542 omnia
292 2515 412 2540 membra
427 2513 634 2548 puriticemus,»

150 2584 174 2611 λ’
185 2550 222 2582 (7)
245 2545 486 2583 Καταλειπωρεν.
496 2547 589 2574 Plures
602 2547 683 2581 Regg.
696 2551 723 2572 et
736 2545 842 2577 Comb.,
854 2554 934 2572 κατα-

167 2593 282 2619 ιπωμεν.
422 2618 427 2619 7
478 2618 481 2619 ν
631 2616 636 2619 _
763 2616 770 2619 _
849 2616 854 2619 _
868 2615 872 2619 _

985 2506 1075 2535 αὐτόνζ
1097 2517 1106 2533 ε
1132 2509 1164 2535 Ut
1182 2513 1209 2534 et
1224 2507 1310 2542 ipsum
1335 2507 1521 2542 (unguentum)
1541 2514 1575 2532 ex
1596 2506 1672 2533 nobis
1692 2506 1768 2533 suavi

985 2545 1066 2570 odore
1081 2542 1194 2569 allletur.
1215 2552 1224 2567 ι

1019 2578 1073 2613 (15)
1096 2577 1159 2610 Τοῖς
1172 2576 1312 2611 ἀδελφοῖς
1327 2575 1390 2613 rubr:
1405 2574 1595 2613 mxporépwr.
1614 2575 1659 2602 Sic
1675 2582 1770 2602 omnes

185 2611 227 2652 (8).
242 2618 388 2652 Φέρωμεν.
410 2618 515 2650 Comb.,
541 2616 741 2652 περιφέρωμεν.
762 2616 800 2642 lla
830 2615 935 2642 videtur

986 2611 1069 2652 codd,
1080 2614 1165 2652 ln_ed.
1182 2615 1279 2652 desunt
1289 2612 1346 2643 τοῖς
1360 2611 1492 2652 ἀδελφοῖς.

150 2654 428 2723 Ιεῆξῗεὶἓὲἓρησιν.
444 2687 489 2715 Sic
508 2687 629 2722 plerique
645 2686 723 2714 codd.
739 2685 766 2713 In
781 2685 835 2719 ed.,
849 2686 934 2721 όσφη-

152 2732 242 2793 εἺἸΟ)
269 2757 345 2784 Ἀντὶ
367 2757 473 2792 ὀσμῆς.
503 2757 549 2784 Sic
569 2761 684 2793 quatuor
697 2755 797 2793 (R6331,
809 2755 935 2793 Coisl._l,

151 2790 346 2824 Par.,'(‘.ouib..
359 2790 410 2820 etc;
425 2793 470 2819 Sic
485 2793 565 2819 etiam
577 2793 642 2826 legit
654 2792 756 2818 Bdhus.
775 2790 803 2817 lu
821 2792 876 2823 ed.,
891 2791 937 2817 ἁν-

152 2829 178 2854 τὶ
193 2827 287 2888 τιμῆς,
304 2836 314 2851 ι
333 2828 440 2854 honoris
449 2827 520 2854 loco.
536 2836 546 2852 ι

189 2863 212 2896 (l
236 2866 245 2897 )
272 2861 546 2897 ὀσφραινώμεθα.ζ

154 2904 181 2925 et
197 2898 264 2929 165.,
275 2896 494 2932 εὐφραινώμεθα,
510 2906 519 2922 ι
537 2896 666 2924 Itulcmur.
688 2906 698 2921 ι

1018 2648 1073 2682 (H)
1093 2646 1199 2680 Μικρά.
1217 2647 1291 2674 Hanc
1313 2654 1403 2673 voeem
1430 2644 1528 2673 delevit
1555 2644 1647 2672 Billius
1670 2645 1697 2672 in
1722 2645 1765 2672 ed.

982 2683 1042 2710 Bas.

1021 2715 1269 2753 (l5lE1pﬂﬂéYOIC
1293 2715 1346 2742 ἔτι.
1361 2715 1414 2753 (Sic
1429 2715 1518 2753 plures
1541 2715 1623 2753 Regg.
1647 2719 1674 2742 et
1688 2713 1766 2742 Colb.

986 2750 1030 2780 Sic
1041 2750 1123 2778 (luisl.
1144 2752 1168 2782 l,
1182 2752 1229 2778 Ur.
1245 2752 1271 2782 1,
1287 2754 1340 2777 ete.
1360 2752 1437 2777 Deest
1451 2750 1490 2776 ἔτι
1507 2750 1533 2776 ίιι
1548 2751 1592 2777 ed.

1021 2787 1074 2822 (lC)
1094 2785 1223 2821 Χριστοῦ
1252 2784 1397 2822 κεφαλήν,
1421 2792 1474 2812 etc.
1510 2785 1615 2822 court},
1639 2783 1768 2819 Χριστὸν,

988 2831 997 2848 ι
1016 2819 1165 2853 Christum,
1183 2822 1239 2856 qui,
1257 2831 1266 2847 ι
1285 2824 1313 2846 ut
1325 2821 1429 2856 optime
1438 2820 1547 2855 exponit
1562 2819 1677 2856 Nicetg,
1694 2827 1705 2856 ι
1720 2826 1766 2856 ca-

272 2853 521 2896 lbagpairthyeOa.
539 2861 606 2889 Tros
622 2861 713 2895 Regg.,
727 2860 808 2889 Cois],
823 2861 832 2888 Ι
840 2882 847 2895 ,
861 2859 933 2888 Or.l
985 2863 1032 2891 put
1054 2862 1106 2888 est,
1124 2862 1150 2883 et
1165 2853 1348 2896 principatum
1369 2855 1449 2896 habet
1468 2853 1495 2882 in
1512 2854 1623 2890 mystico
1640 2853 1769 2882 Ecclesia}

986 2899 1107 2927 corpore,
1123 2896 1149 2919 et
1168 2897 1247 2926 caput
1261 2895 1382 2918 ιιοδιῐιιιιι
1397 2895 1448 2918 851-
1468 2899 1478 2916 Ι
