2013 3134
138 143 189 170 H7

598 142 728 169 ORATIO
749 142 805 168 XL.
826 157 860 161 --
877 142 910 169 ΙΝ
931 142 1095 171 SANCTUM
1114 144 1296 172 BAPTlSMA.

1707 147 1761 174 “8

136 202 211 236 ἡμᾶς
225 201 324 232 αὐτοὺς
336 200 525 237 ἁνενέγκωμεν
537 211 543 217 -
558 202 700 237 γενώμεθα
715 201 918 237 ὁλοκαυτώματα

978 211 1030 229 ιιοιι
1048 209 1148 238 partem
1165 204 1308 238 quamdam
1323 202 1453 236 corporis.
1469 209 1520 228 non
1536 203 1597 234 hoc,
1622 208 1667 229 aut
1687 203 1764 230 illud-

136 246 248 281 λογικὰ,
266 246 374 281 θύματα
395 247 504 274 τέλεια*
524 248 593 282 μηδὲ
610 247 654 273 τὸν
677 247 805 282 βραχίονα
824 248 904 282 μόνον
916 267 923 279 ,

136 293 203 328 μηδὲ
222 293 251 318 τὸ
270 292 412 327 στηθύνιον
435 293 531 328 μόνον,
552 293 694 328 ἁφαίρεμα
709 293 765 328 ('29)
786 293 922 327 ἱερατικὸν

136 337 278 372 ποιώμεθα
296 338 351 372 (50)
368 338 377 373 (
392 339 488 372 μικρὸν
504 339 557 374 γὰρ
573 337 651 364 τοῦτο
669 339 697 372 )·
718 338 775 364 ἀλλ’
797 338 873 369 ὅλους
887 338 925 364 δι-

135 383 224 414 δόντες
237 384 312 418 ὴμᾶς
331 383 438 415 αὐτοὺς,
457 384 534 415 ὅλους
554 384 814 419 ἀντιλαμϐάνωμεν·
831 384 924 420 ἐπειδὴ

135 428 212 454 τοῦτό
230 429 288 454 ἐστι
305 428 396 454 λαϐεῖν
415 428 552 464 καθαρῶς,
569 429 598 454 τὸ
614 428 653 464 τῷ
669 428 728 463 Θεῴ
744 428 862 463 δοθῆναι,
878 430 924 455 καὶ

136 473 313 508 ἱερουργῆσαι
330 474 380 508 τὴν
394 473 472 509 ἡμῶν
489 473 577 500 αὐτῶν
593 473 731 509 σωτηρίαν
750 474 816 509 (51).

169 611 234 638 lllA'.
257 611 318 637 Ἐπὶ
333 612 409 644 πᾶσι,
426 612 473 638 κα).
488 611 539 645 πρὸ
553 611 671 640 πάντων,
684 610 803 645 φύλασσέ
818 619 861 646 μοι
874 611 922 646 τὴν

134 657 219 692 καλὴν
237 657 491 692 παρακαταθήκην,
547 657 585 689 ςῶ
600 656 654 692 (32)
671 658 716 683 καὶ
735 656 921 693 πολιτεύομαι,

134 702 166 736 ἦν
190 702 237 727 καὶ
265 701 431 736 συνέκδημον
453 701 563 736 λάϐοιμι
577 723 583 734 ,
605 701 663 736 μεθ’
684 698 717 736 ἦς
744 702 790 727 καὶ
811 702 923 736 ἀλγεινὰ

134 745 222 771 πάντα
243 746 330 780 φέρω,
348 746 394 771 καὶ
413 745 529 780 τερπνὸν
556 745 628 771 ἅπαν
652 745 707 778 (55)
723 745 857 778 διαπτύω,
874 747 922 782 τὴν

134 791 172 822 εἰς
187 791 308 826 Πατέρα,
328 791 375 817 κει).
389 791 464 822 rm,
479 791 525 817 καὶ
542 790 617 825 ἆγιον
635 790 747 826 Πνεῦμα
764 791 919 826 ὁμολογίαν.

134 837 241 872 Ταύτην
258 837 377 863 πιστεύω
388 845 428 862 σοι
442 837 568 872 σήμερον·
584 837 670 873 ταύτῃ
682 838 729 867 καὶ
742 838 921 872 συμϐαπτίσω

134 883 179 908 καὶ
204 882 345 914 συνανὰξω
370 882 425 917 (54)
449 891 489 908 σε.
516 881 623 917 Ταύτην
645 883 740 918 διδωμι
756 884 855 915 παντὸς
874 884 919 910 τοῦ
939 874 957 901 Β

133 927 191 962 βίου
207 927 332 954 κοινωνὸν
349 927 396 953 καὶ
413 927 561 962 προστάτιν
577 927 643 962 (55),
660 927 709 962 τὴν
727 927 792 962 μίαν
806 928 921 963 θεότητά

132 981 160 999 τε
177 974 224 1000 καὶ
244 973 358 1008 δύναμιν
380 974 409 999 ὲν
422 974 478 1004 τοῖς
492 972 580 1008 τρισὶν
601 974 799 1009 εὐρισκομένην
812 974 919 1006 ἑνικῶς,

131 1019 179 1045 καὶ
197 1019 233 1045 τὰ
252 1019 316 1054 τρία
334 1018 573 1054 συλλαμϐάνουσαν
588 1043 591 1046 .
608 1019 759 1055 μεριστῶς·
788 1019 848 1046 οὔτε
874 1021 922 1047 ἁν-

134 1065 245 1101 ὡμαλον
267 1065 370 1096 οὐσίαις
383 1065 399 1100 ἦ
414 1065 540 1100 φύσεσιν,
561 1064 622 1092 οὔτε
645 1065 795 1100 αὐξομένην
817 1065 883 1099 (56),
902 1066 919 1101 ἢ

132 1110 298 1146 μειουμένην
318 1110 480 1146 ὑπερϐολαῖς
499 1110 546 1137 καὶ
561 1111 671 1144 ὐψέσεσι
682 1133 688 1140 ,
704 1110 834 1136 πάντοθεν
848 1111 919 1143 ἴσην,

129 1156 178 1191 τὴν
193 1156 279 1192 αὐτὴν
294 1156 437 1188 πάντοθεν,
449 1156 486 1187 ὡς
498 1156 527 1182 ἓν
539 1155 653 1191 οὐρα.νοῦ
670 1155 766 1187 κάλλος
781 1157 826 1182 καὶ
839 1156 920 1191 μέγε-

130 1203 175 1233 θος
183 1210 190 1217 ·
206 1202 291 1237 τριῶν
302 1202 424 1236 ἀπείρων
434 1203 546 1238 ἄπειρον
558 1201 695 1236 συμφυΐαν
705 1221 712 1233 ,
728 1201 794 1227 Θεὸν
805 1201 920 1227 ἕκαστον

129 1249 189 1275 καθ’
209 1249 290 1275 ἑαυτὸ
309 1248 512 1284 θεωρούμενον,
529 1248 565 1280 ὡς
589 1247 698 1283 Πατέρα
718 1248 764 1274 κα).
781 1247 844 1273 Υἱὸν
857 1267 864 1277 ,
882 1247 920 1278 ὡς

130 1295 192 1322 Υἱὸν
202 1296 249 1322 καὶ
260 1295 291 1321 τὸ
302 1295 377 1330 ἆγιον
391 1295 502 1330 Πνεῦμα
515 1295 580 1330 (57).
591 1294 800 1329 φυλασσομένης
812 1295 919 1329 ἑκάστῳ

129 1342 176 1377 τῆς
190 1342 332 1377 ἰδιότητος.
350 1341 470 1372 Θεὸν,τὰ
486 1341 549 1376 τρία
567 1341 614 1368 σὺν
635 1341 760 1376 ἀλληλοις
775 1340 917 1375 νοούμενα,

129 1389 217 1414 ἐκεῖνο
234 1388 278 1414 διὰ
292 1388 341 1424 τὴν
356 1388 569 1423 ὁμοουσιότητα,
585 1387 666 1413 τοῦτο
687 1387 731 1413 διὰ
751 1386 798 1422 τὴν
821 1395 920 1421 μοναρ-

129 1432 200 1467 χίαν.
218 1433 256 1459 Οὐ
274 1433 366 1467 φθάνω
381 1432 412 1459 τὸ
432 1432 460 1458 ἒν
479 1432 584 1467 νοῆσαι,
606 1432 654 1458 καὶ
675 1433 730 1463 τοῖς
745 1431 816 1467 τρισὶ
844 1440 919 1466 περι-

128 1478 270 1513 λάμπομαι
285 1487 291 1493 ·
317 1479 347 1504 οὺ
370 1478 463 1512 φθάνω
485 1477 519 1504 τὰ
541 1477 604 1512 τρία
626 1477 738 1508 διελεῖν,
757 1478 803 1503 καὶ
822 1478 862 1508 εἰς
888 1477 918 1503 τὸ

128 1524 156 1549 ἓν
174 1524 347 1559 ἁναφέρομαι
366 1523 434 1558 (58).
454 1523 538 1550 Ὅταν
563 1523 592 1549 ἓν
612 1531 639 1549 τι
662 1522 716 1549 τῶν
737 1523 819 1559 τριῶν
846 1531 915 1556 φαν-
930 1543 954 1573 c

127 1569 230 1600 τασθῶ,
244 1569 323 1596 τοῦτο
336 1568 437 1604 νομίζω
452 1568 481 1594 το
493 1569 556 1600 πᾶν,
571 1568 617 1594 καὶ
630 1567 679 1603 τὴν
694 1567 754 1602 ὄψιν
770 1568 858 1603 πεπλή
865 1577 915 1603 ρω-

129 1624 192 1649 μειι,
211 1616 257 1641 και).
279 1615 309 1641 τὸ
334 1615 424 1641 πλεῖον
440 1615 576 1649 διέφυγεν.
594 1614 650 1640 Οὐκ
668 1613 721 1648 ἔχω
748 1613 778 1639 τὸ
802 1613 914 1648 μέγεθος

128 1660 222 1686 τούτου
241 1660 415 1691 καταλαϐεῖν,
432 1660 475 1686 ἵνα
492 1660 527 1686 δῶ
542 1659 572 1686 τὸ
587 1659 678 1685 πλεῖον
696 1659 734 1694 τῷ
751 1659 913 1694 λειπομένῳ.

129 1705 213 1732 Ὅταν
234 1707 269 1732 τὰ
288 1707 352 1741 τρία
374 1706 475 1732 συνὲλω
492 1707 523 1741 τῇ
542 1706 658 1741 θεωρίᾳ,
679 1705 743 1740 μίαν
765 1705 820 1741 ὀρῶ
844 1705 915 1740 λαμ-

129 1752 217 1785 πάδα,
230 1753 279 1779 οὐκ
292 1752 361 1787 ἔχων
377 1752 472 1779 διελεῖν
491 1752 508 1786 ἢ
528 1752 662 1787 μετρῆσαι
677 1751 706 1777 τδ
723 1751 780 1785 φῶς
794 1750 916 1786 ὲνιξόμε-

128 1806 182 1825 νον.

129 1844 255 1870 tribuam.
274 1843 348 1877 Quod
361 1844 382 1871 si
415 1851 508 1870 rursus
523 1843 572 1870 tria
594 1843 652 1871 haec
674 1843 754 1870 animi
772 1843 988 1871 consideratione
1020 1850 1192 1877 contraxero,

977 247 1031 274 Cur
1048 249 1118 275 enim
1135 249 1185 275 alia
1207 246 1441 275 conitemnamns?
1458 245 1553 272 Verum
1569 254 1618 273 nos
1638 252 1708 275 totos
1720 248 1764 274 of-

977 292 1106 319 feramus.
1122 293 1210 320 Simus
1224 293 1380 320 holocausta
1394 293 1496 318 ratione
1511 293 1631 326 prtcdita,
1645 294 1760 320 victima.-

977 338 1121 371 pCl‘fthliL‘;
1148 347 1197 366 nec
1222 338 1361 366 brachium
1388 338 1485 369 solum,
1512 342 1557 364 aut
1579 339 1762 371 pectusculunt

977 384 1057 420 724
1075 385 1207 411 sacerdoti
1235 385 1429 417 attrihttamns;
1458 384 1537 410 nimis
1558 384 1628 410 enim
1652 382 1762 418 parvun't

976 431 1026 458 hoc
1044 430 1144 464 fuerit;
1171 439 1261 458 verum
1279 439 1328 457 nos
1349 430 1421 466 ipsos
1448 435 1518 457 totos
1541 430 1594 457 Deo
1613 430 1638 456 in
1666 438 1763 458 munus

974 475 1130 508 oll'eramus,
1159 481 1186 503 ιιι
1216 484 1265 503 nos
1290 481 1358 502 totos
1385 475 1563 509 recipiamus;
1593 476 1762 510 quandoqui-

974 522 1034 548 ιιι-ιιι
1054 522 1103 549 hoc
1119 526 1160 549 est
1174 522 1252 557 plane
1275 522 1409 556 accipere,
1422 521 1475 548 Deo
1498 521 1625 548 domuum
1646 529 1717 554 esse,
1736 525 1762 548 et

974 567 1050 600 quasi
1075 575 1129 594 rem
1150 575 1254 594 sacram
1268 567 1380 594 salutent
1396 572 1512 593 nostram
1529 566 1645 600 operari.

1009 612 1077 639 XLI.
1095 613 1196 640 Prtctcr
1207 614 1263 639 lucc
1276 613 1376 643 ontnia,
1386 612 1440 638 itno
1454 616 1515 638 aute
1529 612 1584 638 hate
1598 611 1696 643 onmia,
1719 611 1757 638 bo

974 666 1035 684 num
1047 659 1196 692 depositum
1209 658 1314 685 custodi
1325 658 1359 690 “,
1370 658 1411 684 cui
1424 657 1493 688 vivo,
1506 661 1532 683 ct
1544 663 1592 690 pro
1601 663 1654 691 quo
1667 656 1760 688 milito,

973 709 1000 730 et
1010 705 1078 739 quod
1090 706 1190 732 utinam
1201 712 1279 731 mcex
1292 705 1343 731 hac
1353 704 1404 730 vita
1412 704 1592 730 discedentem
1607 705 1760 736 comitetur,

973 758 1033 777 cum
1050 758 1103 781 quo
1116 755 1143 777 et
1155 758 1250 777 omnes
1259 751 1319 777 vita:
1331 750 1465 777 molestias
1475 749 1623 783 pcrfero.et
1633 749 1760 783 jucundi-

974 800 1041 822 tatcs
1053 803 1146 822 omnes
1160 800 1303 821 contemno
1317 802 1348 821 ac
1364 802 1412 828 pro
1426 794 1507 820 nihilo
1519 794 1603 825 duco;
1622 793 1711 825 ﬁdem,
1723 793 1748 819 in

972 849 1062 875 quam,
1075 846 1101 868 et
1114 841 1310 868 confessionem
1326 841 1350 866 in
1366 840 1480 872 Patrem,
1494 845 1520 866 et
1534 839 1642 871 Filium,
1662 843 1688 866 et
1701 839 1760 872 Spi-

974 888 1052 914 ritum
1072 892 1205 914 sanctum.
1233 886 1308 913 llanc
1321 887 1367 913 tibi
1388 886 1516 912 hodierno
1532 885 1573 911 die
1602 884 1760 917 committo;

973 941 1032 960 cum
1046 933 1096 959 hac
1116 937 1151 966 te,
1170 939 1196 960 et
1214 933 1330 960 lustricis
1347 933 1424 966 aquis
1443 932 1611 966 immergant,
1625 935 1652 957 et
1670 931 1695 957 ιιι
1721 930 1759 956 al—

973 984 1028 1006 tum
1042 979 1194 1006 extraham.
1221 978 1294 1005 llanc
1310 979 1355 1005 tibi
1379 979 1410 1005 do
1424 979 1504 1005 totius
1525 979 1585 1004 vitae
1599 977 1710 1009 sociam,
1733 981 1759 1003 et

971 1030 1121 1058 patronam,
1137 1033 1216 1051 unam
1234 1024 1360 1051 deitatem
1372 1029 1399 1051 ct
1415 1025 1571 1059 potentiant,
1596 1031 1655 1058 qua:
1674 1024 1699 1049 in
1715 1023 1748 1050 tri

971 1071 1020 1097 lius
1034 1071 1196 1105 conjunclim
1213 1070 1358 1103 invenitur,
1374 1074 1401 1097 et
1430 1070 1480 1096 tria
1510 1070 1612 1096 divisim
1637 1076 1759 1102 compte:

971 1116 1073 1147 hendit,
1092 1123 1141 1142 nec
1158 1114 1316 1141 substantiis
1341 1119 1386 1140 aut
1417 1114 1519 1140 naturis
1543 1113 1682 1147 inmqualis
1705 1118 1758 1144 est,

971 1168 1020 1187 nec
1035 1160 1198 1195 pracstantiis
1216 1165 1262 1186 aut
1287 1160 1510 1187 submissionibus
1524 1166 1635 1194 augetur
1654 1158 1693 1186 vel
1711 1159 1756 1185 nti-

971 1206 1071 1237 nttitur,
1101 1206 1147 1233 sed
1175 1206 1355 1240 undeqnaque
1378 1205 1487 1239 aequalis
1505 1210 1555 1237 est,
1583 1205 1758 1239 undequaque

970 1250 1073 1281 eadem,
1090 1258 1142 1277 non
1159 1258 1238 1277 secus
1263 1258 1293 1277 ac
1312 1258 1363 1277 una
1383 1250 1444 1277 εαξη
1462 1250 1631 1285 pulchritudo
1649 1254 1676 1276 et
1702 1256 1757 1275 ma-

970 1296 1104 1331 gnitudo:
1135 1297 1216 1323 trium
1247 1296 1410 1323 inlinitoruut
1437 1296 1568 1322 inﬁnitam
1596 1294 1757 1328 conjunctio-

970 1349 1042 1373 nem,
1060 1341 1142 1368 Deum
1168 1348 1395 1376 unumquemque,
1408 1342 1429 1368 si
1446 1341 1590 1375 separatim
1608 1340 1756 1367 considere-

971 1392 1024 1418 tur,
1038 1393 1065 1413 nt
1083 1387 1191 1414 Patrem
1211 1388 1251 1415 sic
1265 1387 1371 1419 Filium,
1385 1392 1414 1414 ut
1426 1387 1521 1414 Filium
1534 1388 1572 1414 sic
1583 1391 1610 1413 et
1625 1385 1756 1421 Spiritum

969 1438 1104 1465 sanctum,
1128 1438 1233 1460 servata
1259 1441 1304 1460 sua
1330 1434 1428 1468 cuique
1456 1434 1619 1468 proprietate
1642 1441 1650 1460 :
1673 1432 1755 1459 Deum

969 1487 1062 1506 rursus
1079 1480 1128 1506 tria
1147 1479 1213 1512 haec,
1231 1479 1253 1506 si
1270 1479 1348 1506 simul
1367 1471 1534 1514 cogitentur;
1551 1478 1625 1511 illud,
1643 1482 1754 1512 propter

969 1525 1090 1551 eamdem
1105 1526 1250 1552 essentiam
1268 1524 1464 1558 :hoc,propter
1477 1531 1557 1550 unum
1567 1523 1755 1558 principatum.

969 1570 1017 1597 Vix
1030 1578 1111 1596 unum
1124 1569 1215 1597 animo
1228 1570 1347 1604 εοιιοιιρί,
1361 1578 1421 1596 cum
1438 1569 1622 1597 statimtribus
1639 1569 1755 1595 circum-

968 1616 1066 1650 fulgco.
1078 1615 1125 1642 Vix
1133 1616 1184 1643 tria
1191 1616 1354 1650 distinguere
1363 1615 1470 1650 incipio,
1481 1623 1541 1642 cum
1550 1614 1582 1641 ad
1592 1622 1672 1641 unum
1681 1615 1756 1640 redu-

969 1667 1024 1687 cor.
1033 1661 1060 1687 Si
1073 1667 1156 1687 unum
1170 1659 1312 1695 quodpiam
1323 1659 1403 1686 trium
1413 1664 1549 1694 appareat,
1559 1659 1585 1686 id
1595 1664 1679 1686 totum
1690 1658 1754 1685 mihi

969 1713 1028 1732 esse
1040 1706 1155 1737 videtur,
1169 1710 1249 1739 atque
1270 1705 1412 1736 implentur
1423 1705 1504 1737 oculi,
1515 1703 1653 1738 majorque
1673 1703 1754 1731 etiam

969 1759 1030 1787 pars
1039 1751 1176 1779 oculorum
1184 1750 1354 1787 arientﬁugi}.
1365 1750 1449 1785 Hujus
1459 1749 1670 1789 magnitudinem
1681 1756 1755 1776 cout-

970 1798 1136 1832 prehendere
1147 1805 1261 1833 nequeo,
1281 1803 1310 1824 ιιι
1323 1798 1358 1830 ei,
1377 1798 1447 1831 quod
1470 1794 1753 1831 reliquum'estrylus

1228 1852 1309 1871 unum
1335 1844 1506 1877 splendorem
1532 1850 1627 1875 cerno,
1662 1833 1753 1876 u‘tpote

128 1891 171 1926 qui
198 1891 288 1917 lumen
324 1891 427 1917 unitqu
454 1890 619 1924 distinguere
642 1894 688 1917 aut
719 1889 837 1916 dimetiri
873 1898 1013 1925 nequeam.

161 1936 228 1964 ΜΒ.
247 1936 316 1972 Φοϐῇ
339 1937 371 1963 σὺ
391 1937 528 1972 γέννησιν,
549 1937 591 1963 ἵνα
608 1937 644 1971 μή
668 1945 694 1963 τι
712 1936 786 1972 πάθῃ
801 1936 877 1968 Θεὸς,
898 1938 912 1963 ὁ

130 1983 165 2018 μὴ
185 1983 312 2018 πάσχων;
331 1982 401 2016 Ἐγὼ
433 1982 567 2017 φοῦοὖμαι
594 1982 643 2018 τὴν
674 1983 772 2014 κτίσιν,
807 1982 850 2008 ἵνα
877 1982 913 2018 μὴ

128 2029 193 2055 θεὸν
210 2028 334 2055 ἀπολέσω
345 2029 389 2055 διὰ
397 2028 446 2063 τῆς
471 2027 575 2064 ὕϐρεως
587 2048 593 2059 ,
607 2028 654 2054 καὶ
678 2028 727 2063 τῆς
745 2027 837 2063 ἀδέκου
856 2028 912 2063 (59)

997 1937 1076 1964 XLll.
1092 1937 1160 1964 Num
1177 1941 1204 1963 tu
1223 1936 1422 1972 generationem
1439 1935 1547 1967 metuis,
1561 1941 1594 1961 ne
1615 1934 1677 1969 quid
1703 1941 1752 1968 pa-

963 1983 1044 2010 tiatur
1059 1982 1138 2014 Deus,
1155 1982 1199 2016 qui
1219 1984 1252 2009 ab
1280 1981 1352 2008 omni
1376 1981 1546 2015 perpessione
1564 1980 1667 2006 alienus
1691 1979 1751 2006 est?

963 2029 1018 2063 Ego
1032 2034 1124 2056 contra
1140 2028 1304 2055 creationem
1320 2032 1422 2058 metuo,
1439 2033 1474 2053 ne
1494 2033 1542 2060 per
1561 2025 1748 2052 contumeliam

128 2074 299 2109 χατατομῆς,
329 2074 346 2109 ἢ
374 2073 419 2100 τὸν
454 2073 516 2100 Υἱὸν
547 2074 653 2108 τέμνων
691 2074 746 2100 ἀπὸ
780 2073 827 2099 τοῦ
857 2073 914 2100 Πα-

970 2079 992 2102 et
1003 2074 1121 2108 iniquam
1147 2069 1227 2108 725
1257 2071 1403 2099 sectionem
1424 2071 1492 2098 Deus
1512 2070 1576 2097 mihi
1603 2075 1703 2105 pereat,
1727 2070 1749 2096 si

128 2120 205 2155 τρὸς,
233 2119 250 2155 ἧ
273 2119 327 2146 ἀπὸ
357 2119 404 2145 τοῦ
430 2119 495 2145 Υἱοῦ
515 2119 565 2154 τὴν
594 2118 686 2146 οὐσίαν
711 2118 758 2145 τοῦ
788 2118 914 2153 Πνεύμα-

128 2173 182 2196 τος.
212 2165 248 2191 To
270 2165 324 2199 γὰρ
351 2164 511 2200 παράδοξον,
532 2165 571 2190 ὃτι
602 2164 638 2200 μὴ
670 2164 758 2196 κτίσις
784 2165 914 2199 ἐπάγεται

131 2211 208 2245 μόνον
227 2208 285 2245 Θεῷ
307 2210 383 2245 παρὰ
404 2212 459 2241 τοῖς
485 2209 576 2241 κακῶς
601 2209 716 2245 θεότητα
737 2209 915 2236 ταλαντεύου-

129 2263 180 2288 σιν,
196 2255 264 2283 ἀλλὰ
276 2255 324 2282 καὶ
338 2255 407 2291 αὑτὴ
424 2256 505 2282 πάλιν
519 2256 536 2290 ἡ
555 2255 645 2288 κτίσις
658 2257 697 2288 εἰς
709 2256 807 2291 ἑαυτὴν
819 2255 914 2291 τέμνε-

166 2334 188 2349 ¹²
204 2332 226 2360 ιι
243 2332 313 2360 Tim.
340 2341 359 2365 1,
377 2332 422 2359 Η.

163 2400 219 2435 (29)
244 2400 413 2434 Ἀφαίρεμα.
444 2399 536 2426 Schol.
575 2398 724 2434 Ἀνάθημα,
748 2398 784 2425 δῶ
803 2407 842 2432 ον,
867 2398 909 2432 ξέ-

163 2445 193 2461 ιν.
211 2445 220 2461 ι
241 2442 349 2461 munus.
367 2444 377 2460 ι
390 2441 437 2461 seu
455 2442 465 2458 ι
481 2434 590 2461 donum.
606 2435 677 2461 uuod
690 2434 743 2461 Deo
754 2408 909 2461 vefhosuiti

127 2433 193 2467 νιον,
210 2433 220 2461 ι
241 2433 349 2467 munus,
367 2444 377 2460 ι
390 2441 437 2461 seu
455 2442 465 2458 ι
481 2434 590 2466 donum,
606 2433 677 2468 quod
690 2434 743 2461 Deo
754 2433 795 2461 vel
812 2433 909 2469 hospiti

129 2471 215 2497 datur.
231 2480 240 2496 ι

162 2505 216 2538 (50)
235 2504 394 2538 Ποιὼμεθα.
409 2503 481 2533 Bas...
493 2503 677 2538 ποιησώμεθα.

161 2537 217 2575 (Si)
241 2537 440 2574 Ἱεροὺργῆσαι
461 2538 518 2575 τὴν·
536 2537 620 2572 ἡμῶν
634 2538 733 2565 αὐτῶν
748 2539 907 2572 σωτηρίαν,

130 2584 139 2600 ι
156 2573 231 2607 quasi
263 2582 319 2601 rem
343 2581 448 2600 sacram
476 2573 589 2599 salutem
619 2579 736 2600 nostram
764 2574 878 2608 operari.
896 2583 906 2598 ι

128 2609 235 2642 l'aulus,
246 2609 323 2635 Rom.
337 2616 382 2640 xv,
395 2609 437 2640 l6,
450 2608 528 2635 habet
544 2608 734 2643 ἱερουργοῦντα
747 2609 777 2635 τὸ
788 2608 908 2642 Εὐαγγέ-

127 2643 192 2676 λιον,
213 2653 222 2670 ι
242 2643 413 2671 sanctiﬁcans
437 2643 626 2676 Evangelium;
648 2652 657 2668 ι
678 2644 704 2670 id
723 2649 773 2676 est,
798 2653 807 2668 ‹
830 2644 908 2678 quasi

126 2687 182 2705 rem
211 2686 316 2705 sacram
346 2678 517 2712 Evangelium
546 2681 721 2711 pertractans.
750 2688 759 2704 ι
793 2678 907 2706 Bittius:

129 2714 234 2775 (beiqltm
262 2714 374 2740 salutem
393 2720 468 2740 suam
491 2712 563 2739 velut
587 2713 747 2740 sacriﬁcium
774 2715 906 2748 quoddam

129 2756 142 2775 ιι
162 2753 187 2774 tu
201 2755 264 2775 tsse.
282 2757 291 2774 ι

125 2749 264 2775 obtulisse.
282 2757 291 2774 ι

161 2783 217 2817 (52)
237 2780 280 2818 ⁷ῌ
297 2781 343 2815 ζῶ,
361 2786 413 2809 etc.
433 2781 525 2809 Billius
541 2788 548 2806 :
565 2787 574 2803 ι
593 2781 636 2807 cui
661 2783 722 2809 vivo
748 2787 775 2809 et
799 2790 909 2811 munere

127 2825 186 2845 meo
199 2818 307 2851 fungor.
331 2826 340 2843 ι

162 2852 219 2887 (55)
240 2853 349 2881 Ἀπαν.
364 2851 442 2880 Deest
455 2852 482 2880 itt
493 2853 638 2882 nonnullis.
659 2851 687 2879 ln
702 2852 772 2885 aliis,
788 2853 851 2880 πᾶν.

967 2120 1008 2148 vel
1025 2119 1120 2146 Filium
1135 2127 1148 2145 a
1168 2119 1256 2150 Patre,
1272 2117 1313 2144 vel
1331 2117 1447 2151 Spiritus
1476 2117 1622 2143 essentiam
1647 2124 1662 2142 ιι
1682 2115 1750 2142 Filio

967 2167 1126 2193 distraxero.
1140 2163 1219 2196 Nam,
1236 2164 1306 2199 quod
1320 2164 1415 2190 mirum
1431 2168 1457 2189 ct
1471 2163 1614 2189 absurdum
1628 2166 1678 2194 est,
1696 2170 1748 2188 non

968 2211 1046 2238 modo
1066 2215 1189 2237 creatura
1207 2209 1263 2235 Deo
1279 2208 1313 2234 ab
1327 2208 1360 2235 iis
1385 2207 1531 2239 inducitur,
1552 2206 1597 2240 qui
1621 2206 1747 2233 deitatem

967 2255 1036 2282 male
1059 2255 1199 2282 trutinam.
1227 2261 1319 2281 verum
1343 2253 1400 2288 ipsa
1433 2259 1538 2287 quoque
1567 2256 1690 2279 creatura
1721 2251 1765 2281 in,

999 2391 1253 2434 (5ῤ)ηΣυγαις‹ξὶξωἶ
1269 2390 1402 2434 _Sic'lr£s
1426 2389 1637 2434 chgq’plures
1658 2390 1745 2424 Colb.,

963 2423 1088 2458 Coisldﬁ,
1102 2433 1154 2454 etc.
1173 2427 1256 2452 Prave
1269 2426 1293 2452 iu
1306 2425 1348 2452 ed.
1369 2425 1441 2455 Pan.
1455 2423 1588 2456 συναύξω.

999 2463 1054 2498 (55)
1072 2461 1248 2498 Προστάτιν.
1262 2461 1308 2498 (_)r.
1328 2460 1535 2498 1,-προστάτην.

999 2494 1054 2533 (56)
1075 2497 1149 2533 (ζῦτε
1163 2495 1342 2533 αὐξομένην.
1359 2494 1451 2522 Plures
1468 2495 1550 2529 ltegg.
1561 2499 1587 2521 et
1599 2494 1684 2527 Colb.,
1701 2495 1746 2522 οὗ·

961 2541 990 2559 τε
1004 2531 1036 2559 δὲ
1051 2531 1245 2566 αρξανομένην.

996 2567 1107 2628 (δρᾶτὸ
1124 2564 1350 2600 ἅῨιονΠν-εῦμα.
1365 2564 1487 2599 Quinque
1503 2564 1600 2599 Reus”
1616 2564 1646 2590 τὸ
1660 2565 1745 2591 Πνεῦ-

996 2612 999 2628 ι
1015 2611 1029 2628 τ
1077 2610 1144 2628 γιον.

982 2611 999 2629 α
1015 2610 1044 2628 το
1059 2610 1144 2629 αγιον.

962 2611 999 2638 μα
1015 2610 1044 2628 το
1059 2610 1144 2635 αγιον.

995 2637 1051 2673 (58)
1070 2637 1130 2673 Εἰς.
1148 2635 1181 2673 rt)
1198 2635 1235 2673 ἓν
1261 2633 1454 2673 ἁναςξξρομᾳι.
1480 2634 1539 2662 Bill.
1563 2643 1572 2659 ι
1586 2634 1627 2673 ιιι]
1659 2642 1741 2661 unum

959 2669 1049 2699 statim
1063 2671 1186 2698 sublimis
1204 2671 1284 2696 feror.
1308 2679 1317 2695 ι
1334 2669 1407 2695 Hauc
1427 2669 1672 2703 interpretationem
1699 2677 1742 2696 re-

958 2706 1106 2741 spuendam
1121 2710 1256 2741 putamus,
1272 2704 1332 2741 quia
1350 2703 1475 2739 supponit
1491 2713 1500 2729 ι
1517 2711 1598 2731 unum
1619 2713 1628 2729 I
1645 2704 1671 2730 in
1687 2704 1741 2731 Deo

959 2739 1018 2770 esse
1043 2751 1052 2766 ι
1074 2740 1143 2767 trino
1163 2749 1171 2764 ι
1191 2739 1338 2766 sublimius.

974 2776 1049 2817 _(5§J)
1069 2775 1122 2817 Ιςαὶ
1140 2774 1195 2809 τῆς
1214 2774 1330 2801 ἀδίκου.
1348 2773 1394 2801 Sic
1407 2781 1453 2801 sex
1477 2774 1571 2809 “053.,
1588 2778 1639 2801 etc.
1660 2774 1741 2801 Deest

957 2811 1007 2847 τῆς
1023 2813 1048 2839 ιιι
1061 2811 1104 2839 ed.
