2013 3134
269 128 321 156 M9

871 126 899 153 S.
920 126 1080 154 GREGORII
1103 127 1274 155 THEOLOGI

1837 130 1890 156 491)

270 185 384 218 seipsam
398 183 494 210 iterum
509 185 626 210 secatur.
642 180 872 214 Quemadmodum
884 181 954 208 enim
968 181 1053 208 humi-

1107 190 1161 208 ται.
1184 183 1288 218 Ὥσπερ
1307 182 1354 208 τοῦ
1379 183 1484 217 Πατρὺς
1504 183 1695 210 ὑποστέλλεται
1717 184 1732 210 ὁ
1753 184 1814 216 Υἱὸς
1834 186 1889 219 (40)

268 229 307 256 les
327 233 355 256 et
374 228 470 263 ahjecti
491 227 614 254 homines
637 226 733 254 Filium
749 235 764 254 a
792 226 872 254 Patre
898 227 1052 262 seiungunt,

267 279 348 309 atque
368 273 487 301 inferiori
505 273 565 300 loco
583 276 702 307 ponunt;
725 273 763 300 sic
778 271 907 307 Spiritum
927 280 1022 300 rursus
1038 280 1052 299 a

271 320 340 347 Filio
357 324 495 354 separant,
517 318 726 354 inferioremque
742 319 864 346 faciunt:
888 319 923 346 ita
943 325 983 351 ut,
1006 327 1055 354 per

269 373 365 393 novam
378 365 446 392 hanc
461 365 632 399 theologiam,
653 369 681 392 et
701 364 767 397 Deo,
792 369 819 392 et
833 369 974 397 creatum,
989 372 1056 391 con-

267 411 376 439 tumelia
392 410 513 438 infertur.
532 409 642 443 Nihil,o
656 410 719 442 viri,
740 410 767 437 in
786 409 919 437 Trinitate
945 416 1053 437 servum

266 461 317 489 cst,
335 465 384 484 nec
401 462 533 487 creatum,
551 463 600 482 nec
617 455 803 487 adventitium,
821 459 851 482 ut
868 463 900 482 ex
914 454 1053 490 cujusdam

267 502 339 529 docti
357 501 407 528 viri
421 508 547 528 sermone
561 501 662 535 accepi.
686 499 717 527 Si
733 500 818 526 adhuc
837 499 985 526 hominibus
997 499 1055 533 pla-

267 555 363 578 cerem,
377 545 476 574 Christi
491 555 578 573 rerum
595 554 646 573 non
660 554 749 577 essem,
765 546 851 580 inquit
865 546 971 572 divinus
986 546 1054 579 Apo-

267 594 352 621 stolus
370 594 403 620 ".
419 593 448 620 Si
470 593 557 620 adhuc
571 597 690 620 creatum
707 592 807 626 aliquid
830 592 982 624 adorarem,
1007 595 1054 617 aut

268 640 294 666 iu
311 639 349 666 rei
362 643 460 666 creatae
475 638 582 665 nomine
607 638 770 673 baptizarer,
785 638 950 664 divinitatem
974 637 1053 664 mini-

266 693 310 712 me
337 691 538 718 consequerer,
569 690 618 710 nec
643 683 756 718 primam
789 683 1000 717 procreationem
1026 683 1052 708 in

266 729 362 758 melius
376 730 557 756 immutarem.
577 729 645 761 Quid
668 728 700 756 ad
717 736 764 756 eos
778 729 877 761 dicam,
895 729 939 762 qui
957 728 1052 755 Astar-

267 780 319 802 tem
334 776 457 807 adorant,
476 779 523 801 aut
538 774 665 806 Chamos,
688 773 859 800 Sidoniorum
876 772 985 805 idolum,
1007 778 1053 799 aut

266 820 362 847 sideris
387 821 512 853 formam,
535 820 581 847 Dei
607 819 716 855 quidem
737 819 816 854 paulo
841 819 961 854 majoris,
983 819 1052 854 apud

1107 229 1162 259 τοῖς
1176 229 1312 259 ταπεινοῖς
1329 228 1376 254 καὶ
1398 228 1472 254 κάτω
1486 229 1632 263 κειμένοις.
1655 229 1740 260 οὕτως
1759 229 1890 256 ὑποστελ-

1106 272 1225 308 λομένης
1252 273 1332 299 πάλιν
1361 273 1408 299 καὶ
1433 273 1487 299 ἀπὸ
1512 273 1558 300 τοῦ
1582 273 1645 300 Υἱοῦ
1671 274 1720 308 τῆς
1740 274 1819 306 ἀξίας
1843 275 1889 302 τοῦ

1108 318 1283 354 Πνεύματοςο
1295 318 1333 351 ὡς
1353 319 1386 345 ἂν
1404 319 1450 346 καὶ
1471 318 1546 350 Θεὸς,
1574 319 1620 346 καὶ
1641 320 1728 351 κτίσις
1745 320 1889 355 ὑϐρίζηται

1105 365 1139 399 τῇ
1155 365 1235 399 καινῇ
1251 363 1306 398 (Μ)
1330 364 1415 399 ταύτῃ
1440 363 1573 399 θεολογίᾳ.
1595 364 1676 391 Οὐδὲν
1695 365 1745 399 τῆς
1764 366 1888 401 Τριάδος,

1105 406 1128 435 ὦ
1144 405 1231 441 οὖτοι,
1247 408 1350 442 δοῦλον,
1366 409 1426 436 οὐδὲ
1443 409 1498 444 (42)
1511 410 1628 442 κτιστὸν,
1642 410 1701 436 οὐδὲ
1717 411 1888 443 ἐπείσακτον,

1106 454 1211 489 ἥκουσα
1227 453 1282 489 (45)
1296 454 1350 480 τῶν
1373 454 1462 488 σοφῶν
1479 462 1551 486 τινος
1566 453 1700 488 λέγοντος.
1717 456 1752 482 EI
1766 455 1811 482 ἔτι
1833 456 1888 490 (Η)

1106 500 1271 534 ἀνθρώποις
1302 500 1445 534 ἤρεσκον,
1471 501 1600 535 Χριστοῦ
1627 500 1737 534 δοῦλος
1768 502 1825 528 οὐκ
1853 501 1890 528 ἂν

1105 545 1205 580 ἥμην,
1227 545 1308 581 φησὶν
1328 545 1343 571 ὁ
1368 545 1440 577 θεῖος
1466 546 1624 576 ἀπόστολος.
1648 545 1679 571 Εἰ
1703 545 1742 571 ἔτι
1759 545 1888 580 κτίσματι

1106 591 1308 627 προσεκύνουν,
1332 591 1348 626 ἢ
1374 592 1414 622 εἰς
1437 591 1538 626 κτίσμα
1561 591 1760 626 ἐδαπτιζόμην,
1784 591 1834 617 οὐκ
1857 591 1888 617 ἂν

1105 637 1249 672 ὲοεούμην,
1266 637 1325 664 οὐδὲ
1340 637 1388 672 τὴν
1408 636 1519 673 πρώτην
1535 637 1734 672 μετεποιούμην
1751 637 1886 672 γέννησιν.

1106 683 1138 709 Τί
1162 683 1240 717 φήσω
1261 682 1328 718 πρὸς
1344 683 1406 713 τοὺς
1422 683 1472 718 τὴν
1494 682 1642 718 Ἀστάρτην
1658 683 1887 716 προσκυνοῦντας,

1105 729 1122 764 ἢ
1141 729 1171 756 τὸ
1191 729 1293 764 Χαμὼς
1311 729 1446 764 βδέλυγμα
1461 729 1609 761 Σιδωνίων,
1630 729 1646 764 ἢ
1667 729 1713 755 τοῦ
1729 729 1829 764 ἄστρου
1846 728 1887 755 τὸν

1104 774 1204 806 τύπον,
1217 774 1264 801 τοῦ
1281 774 1377 810 μικρὸν
1396 775 1466 810 ὑπὲρ
1485 774 1571 801 ταῦτα
1592 773 1658 800 Θεοῦ
1677 775 1732 805 τοῖς
1748 773 1887 800 εἰδωλολά-

1105 828 1194 856 τραις,
1214 820 1282 856 πλὴν
1295 820 1445 855 κτίσματος
1463 821 1508 846 κα).
1524 820 1690 855 ποιήματος*
1708 820 1800 852 αὐτὸς,
1820 820 1836 855 ἢ
1852 820 1888 855 μὴ

267 867 419 895 idololalras
440 867 508 899 illos,
529 867 578 894 sed
596 871 684 894 tamen
704 866 766 893 facti
782 871 862 900 atque
879 866 970 899 creati,
991 874 1051 894 cum

1106 866 1266 902 προσκυνῶν
1276 866 1310 892 τὰ
1319 866 1375 900 δύο,
1390 867 1430 898 εἰς
1444 866 1461 893 ἃ
1477 866 1727 901 συμὸεὸάπτισμαι,
1741 866 1757 902 ἢ
1770 875 1888 901 προσκυ-

267 913 334 946 ipse,
350 917 396 939 aut
412 913 461 939 hos
481 913 558 945 duos,
586 912 613 939 in
629 919 744 946 quorum
772 911 879 938 nomine
902 911 1054 944 baptizatus

268 967 341 991 sum,
356 967 409 986 non
422 959 543 991 adorem,
558 963 603 986 aut
616 965 761 986 conservos
772 958 902 985 adorem?
925 958 1052 986 Conservi

267 1005 340 1032 enim
366 1005 458 1039 utique
483 1009 573 1037 erunt,
602 1009 737 1039 utcunque
761 1004 838 1031 nobis
861 1004 1053 1039 aliquantulum

266 1050 367 1077 honore
393 1054 539 1085 praestent;
563 1050 779 1084 quandoquidem
808 1049 880 1076 inter
911 1057 1055 1078 conservos

265 1103 373 1131 quoque
392 1097 536 1123 discrimen
552 1101 579 1123 et
593 1096 748 1130 pragstantia
764 1097 906 1130 reperitur.

304 1143 393 1171 XLIII.
415 1143 500 1178 Cupio
515 1143 622 1170 Patrem
643 1143 772 1178 majorem
789 1143 889 1176 dicere,
904 1151 937 1170 ex
957 1151 1010 1178 quo
1028 1143 1054 1170 id

266 1190 384 1224 aequales
403 1189 512 1222 habent,
535 1189 605 1224 quod
625 1189 742 1224 aequales
757 1195 831 1222 sunt,
850 1196 877 1216 et
892 1189 963 1224 quod
981 1195 1052 1216 sunt.

266 1237 324 1264 lloc
339 1237 409 1263 enim
436 1236 470 1263 ab
497 1236 623 1263 omnibus
647 1236 713 1263 mihi
740 1236 912 1264 concedetur.
939 1235 1052 1268 Verum,

266 1282 430 1317 principium
458 1289 564 1315 vereor,
591 1290 625 1309 ne
645 1282 779 1309 minorum
803 1282 964 1317 principium
990 1282 1054 1308 illud

266 1328 375 1360 faciant,
393 1336 426 1356 ac
444 1335 491 1363 per
511 1328 662 1363 Itujusmodi
683 1328 867 1363 praelationem
892 1328 1054 1355 contumelia

266 1373 390 1401 alliciam.
409 1373 502 1410 Neque
522 1375 593 1402 enim
611 1373 684 1401 Patri
704 1375 788 1410 gloria
804 1379 856 1406 est,
874 1381 978 1405 eorum,
993 1381 1053 1408 quae

266 1428 300 1448 ex
313 1420 371 1455 ipso
388 1425 462 1452 sunt,
480 1420 626 1455 depressio.
654 1420 693 1447 Ac
713 1426 842 1455 praeterea
866 1420 1053 1454 inexplebilem

268 1471 341 1492 tuam
360 1460 516 1492 aviditatem
534 1470 686 1500 suspectam
709 1465 804 1497 habeo,
824 1471 867 1497 ne,
884 1471 989 1500 arrepta
1005 1466 1054 1492 hac

266 1517 342 1542 voce,
356 1510 459 1545 major,
483 1514 606 1537 naturam
634 1516 728 1542 seces,
748 1516 830 1544 atque
851 1510 901 1536 hac
922 1517 986 1537 voce
1017 1511 1050 1536 ad

266 1556 355 1582 omnia
372 1556 504 1584 abutaris.
529 1555 587 1583 Non
615 1555 689 1583 enim
717 1556 774 1583 lucc
790 1556 884 1589 dictio,
907 1555 1002 1591 major,
1018 1556 1051 1583 ad

267 1606 409 1634 naturam,
441 1602 488 1629 sed
519 1602 552 1629 ad
578 1609 687 1629 causam
715 1601 857 1628 referenda
886 1606 936 1628 est.
963 1601 1055 1636 Neque

266 1646 338 1673 enim
353 1646 500 1681 quidquam
519 1654 624 1680 eorum,
639 1653 699 1681 qua:
726 1646 848 1672 eamdem
873 1646 1054 1673 substantiam

268 1692 378 1724 habent,
406 1692 554 1719 substantia
590 1691 677 1726 majus
702 1696 748 1718 aut
773 1691 862 1719 minus
890 1695 941 1718 est.
967 1690 1055 1726 Cupio

267 1737 376 1767 Filium.
389 1742 419 1764 ut
436 1737 542 1769 Filium.
557 1736 668 1772 Spiritui
687 1736 840 1770 anteferre;
858 1737 906 1764 sed
922 1736 986 1764 tnihi
1005 1737 1056 1764 hoc

269 1790 322 1809 non
338 1782 471 1817 permittit
487 1782 648 1818 baptismus.
665 1789 712 1817 per
725 1781 858 1816 Spiritum
874 1787 997 1809 sanctum
1013 1789 1056 1809 me

267 1827 421 1862 perliciens.
434 1826 470 1853 At
482 1827 553 1854 enim
567 1827 679 1858 vereris,
696 1834 730 1853 ne
745 1826 792 1854 tibi
811 1826 937 1853 Tritheia:
952 1825 1054 1853 crimen

268 1872 450 1907 impingatur?
473 1871 546 1900 Habe
565 1877 592 1898 tu
608 1872 654 1899 tibi
671 1872 721 1899 hoc
736 1871 846 1903 bonum,
869 1872 949 1903 hanc,
974 1871 1056 1906 726

270 1918 392 1952 inquam,
412 1918 438 1944 in
457 1918 542 1945 tribus
555 1918 790 1953 conjunctione“);
813 1923 949 1945 certamen
967 1920 999 1944 ad
1012 1924 1055 1945 me

268 1964 432 1992 transmitte.
451 1963 516 1991 Sine
543 1972 586 1992 me
614 1965 691 1992 navis
710 1969 906 1992 exslrtlclorcm
933 1971 1005 1996 esse,
1026 1968 1054 1990 tu

268 2017 337 2037 nave
350 2014 435 2037 utere.
452 2010 529 2044 Quod
547 2010 568 2037 si
585 2009 654 2038 alius
669 2015 711 2038 est
738 2011 814 2038 navis
829 2016 991 2042 exstructor,
1007 2010 1055 2038 d0~

270 2063 331 2083 mus
347 2055 526 2083 architectum
541 2063 584 2083 me
600 2056 708 2089 accipe;
734 2061 760 2083 tu
779 2057 869 2083 animo
886 2057 987 2089 habita,
1003 2057 1052 2084 etsi

268 2102 334 2129 nihil
356 2101 458 2130 laboris
475 2101 630 2136 exantlasti.
652 2101 711 2129 Non
725 2102 814 2129 minus
834 2109 960 2137 prospere
983 2102 1055 2129 navi-

271 2147 355 2182 gabis,
371 2152 417 2174 aut
428 2147 535 2174 domum
553 2147 695 2179 babitabis,
712 2154 792 2182 quam
807 2155 867 2181 ego,
882 2147 927 2181 qui
941 2147 998 2174 haec
1015 2147 1054 2174 I'a-

1103 912 1156 939 νῶν
1169 912 1204 938 τὰ
1222 912 1353 948 ὁμόδουλα
1381 913 1453 948 (45);
1475 912 1622 948 Ὀμόδουλα
1640 907 1708 948 γὰρ,
1729 914 1777 940 καὶ
1798 914 1824 939 εἱ
1847 922 1888 948 μι-

1103 958 1168 992 κρὸν
1179 958 1344 994 τιμιώτερα²
1359 959 1420 985 ἐπεὶ
1434 959 1481 985 καὶ
1494 959 1524 985 ὲν
1539 959 1692 994 ὁμοδούλοις
1707 959 1765 986 ἐστι
1776 968 1818 991 τις
1833 959 1887 986 δια-

1103 1004 1174 1040 φορὰ
1192 1005 1239 1031 καὶ
1253 1005 1425 1042 προτίμησις.

1138 1144 1203 1170 MP.
1222 1144 1296 1170 Θέλω
1312 1144 1356 1171 τὸν
1377 1144 1486 1180 Πατέρα
1507 1144 1593 1179 μείζω
1611 1144 1665 1179 (ιῦ)
1689 1145 1788 1175 εἰπεῖν,
1810 1144 1838 1177 ἐξ
1857 1141 1886 1171 οὗ

1105 1188 1152 1215 καὶ
1171 1189 1200 1215 τὸ
1217 1189 1284 1221 [σοις
1300 1188 1356 1224 (67)
1372 1187 1452 1221 εἶναι,
1467 1191 1521 1221 τοῖς
1537 1189 1604 1221 ἴσοις
1620 1190 1688 1222 ἐστὶ,
1706 1189 1792 1216 καὶτὸ
1807 1187 1884 1217 εἶναι.

1104 1234 1188 1260 Τοῦτο
1204 1234 1257 1269 γὰρ
1273 1234 1348 1270 παρά
1361 1235 1470 1261 πάντων
1483 1235 1633 1270 δοοήσεται.
1652 1235 1706 1262 Καὶ
1721 1235 1827 1261 δέδοικα
1839 1236 1885 1271 τὴν

1104 1281 1201 1316 ἀρχὴν,
1221 1281 1258 1316 μὴ
1272 1281 1420 1308 ἐλαττόνων
1436 1282 1522 1317 ἀρχὴν
1534 1282 1636 1317 ποιήσω
1646 1301 1652 1312 .
1669 1281 1715 1308 καὶ
1732 1281 1887 1316 καθυὸρίσω

1104 1327 1148 1353 διὰ
1160 1327 1209 1362 τῆς
1225 1328 1413 1362 προτιμήσεως
1426 1335 1432 1341 ·
1450 1327 1479 1353 οὺ
1495 1327 1549 1362 γὰρ
1565 1325 1627 1359 δόξα
1647 1327 1684 1362 τῷ
1706 1326 1736 1359 ἐξ
1751 1325 1780 1354 οὗ
1803 1328 1820 1362 ἡ
1836 1327 1886 1353 τῶν

1104 1371 1135 1405 ἐξ
1147 1372 1229 1398 αὑτοῦ
1242 1372 1413 1403 ταπείνωσις.
1430 1373 1501 1408 Πρὸς
1514 1372 1541 1398 δὲ
1558 1373 1605 1399 καὶ
1621 1372 1763 1408 ὑφορῶμαι
1777 1372 1826 1407 τὴν
1840 1373 1887 1407 σὴν

1104 1417 1254 1452 ἀπληστίαν
1275 1417 1348 1453 (48),
1378 1418 1415 1454 μὴ
1435 1418 1465 1444 τὸ
1487 1418 1587 1452 μεῖζον
1600 1417 1688 1444 λαϐὼν
1711 1418 1887 1454 διχοτομὴσῃς

1104 1463 1153 1499 τὴν
1167 1464 1246 1498 φύσιν
1255 1484 1262 1497 ,
1276 1465 1346 1491 κατὰ
1359 1465 1447 1491 πάντα
1458 1463 1496 1499 τῷ
1511 1463 1612 1499 μείζονι
1626 1463 1775 1499 χρώμενος.
1788 1464 1825 1489 Οὐ
1835 1463 1887 1499 γὰρ

1106 1511 1176 1537 κατὰ
1187 1510 1234 1546 τὴν
1245 1510 1325 1545 φύσιν
1341 1510 1371 1537 τὺ
1383 1510 1492 1545 μεῖζον,
1508 1510 1556 1545 τὴν
1573 1509 1661 1536 αἰτίαν
1676 1510 1714 1536 δέ.
1735 1509 1817 1535 οὐδὲν
1836 1509 1886 1545 γὰρ

1106 1557 1159 1583 τῶν
1174 1557 1321 1592 ὁμοουσῐων
1334 1558 1367 1592 τῇ
1384 1557 1461 1591 οὐσία
1480 1557 1572 1591 μεῖξον
1585 1556 1601 1589 ἣ
1618 1556 1737 1582 ἔλαττον.
1753 1555 1830 1582 Θέλω
1844 1555 1887 1581 τὸν

1105 1602 1170 1628 Υἱὺν
1196 1602 1363 1638 προτιμῆσαι
1379 1602 1424 1629 τοῦ
1446 1602 1618 1637 Πνεύματος,
1634 1601 1672 1632 ὡς
1692 1601 1770 1627 Υἱόν·
1791 1601 1838 1627 καὶ
1858 1601 1887 1627 οὐ

1106 1650 1241 1684 συγχωρεῖ
1265 1647 1320 1684 (49)
1346 1648 1376 1674 τδ
1402 1648 1542 1683 βάπτισμα
1569 1646 1687 1674 τελειοῦν
1713 1655 1747 1682 με
1773 1647 1817 1673 διὰ
1843 1646 1887 1673 τοῦ

1105 1694 1273 1729 Πνεύματος.
1300 1693 1380 1720 Ἀλλὰ
1392 1694 1524 1727 δέδοικας,
1541 1693 1578 1729 μὴ
1593 1693 1713 1729 τριθεῖαν
1723 1692 1886 1728 ὀνειδισθῇς;

1108 1741 1173 1777 Ἔχε
1186 1743 1218 1768 σὺ
1235 1742 1265 1768 τὺ
1279 1741 1389 1776 ἀγαθὸν,
1409 1741 1457 1776 τὴν
1475 1742 1503 1767 ὲν
1520 1742 1577 1773 τοῖς
1591 1742 1679 1777 τρισὶν
1696 1741 1791 1767 ἕνωσιν
1803 1748 1810 1755 ·
1829 1740 1888 1775 ἐμοὶ

1105 1787 1154 1822 τὴν
1171 1787 1258 1823 μάχην
1273 1787 1465 1822 παράπεμψον.
1485 1786 1583 1813 Ἔασόν
1600 1795 1633 1821 με
1648 1785 1788 1822 ναυπηγὸν
1808 1783 1886 1817 εἶναι,

1107 1834 1138 1860 σὺ
1169 1833 1224 1869 χρῶ
1256 1834 1287 1868 τῇ
1304 1833 1359 1869 νηί.
1392 1833 1447 1859 Καὶ
1475 1833 1500 1859 εἰ
1516 1832 1656 1867 ναυπηγός
1674 1833 1747 1859 ἐστιν
1776 1832 1886 1867 ἕτερος,

1106 1880 1155 1914 ὲμὲ
1170 1879 1235 1906 λάϐε
1258 1880 1308 1915 τῆς
1328 1880 1416 1911 οἰκίας
1439 1879 1629 1915 ἀρχιτέκτονα·
1650 1878 1682 1905 σὺ
1700 1877 1801 1912 ταύτην
1821 1878 1888 1903 οῐκει

1107 1924 1176 1960 μετὰ
1193 1924 1247 1960 (50)
1265 1925 1424 1960 ἀσφαλείας,
1441 1926 1488 1952 καὶ
1511 1926 1534 1952 εί
1559 1925 1641 1960 μηδὲν
1655 1924 1819 1960 ἐμόχθησας.
1834 1923 1888 1957 Οὐχ

1104 1969 1184 2006 ἦττον
1204 1970 1409 2006 εὑπλοήσεις,ἢ
1429 1971 1549 2007 οἰκήσεις
1568 1970 1615 2006 τὴν
1629 1970 1732 2002 οἰκίαν,
1749 1969 1816 2004 ἐμοῦ
1843 1968 1886 1995 τοῦ

1104 2016 1190 2043 ταῦτα
1207 2017 1474 2051 κατασκευάσαντος,
1499 2018 1522 2044 εἰ
1546 2018 1592 2044 καὶ
1615 2016 1697 2052 μηδὲν
1717 2016 1780 2051 περὶ
1802 2015 1886 2043 ταῦτα

1105 2062 1333 2098 πεφιλοπόνηκας.
1357 2063 1438 2098 Ὁρᾷς
1455 2062 1503 2098 τὴν
1519 2063 1728 2098 εὐγνωμοσύνην
1742 2063 1808 2098 ὅση;
1823 2063 1887 2098 ὁρᾷς

1104 2107 1151 2134 τοῦ
1168 2107 1223 2143 (5i)
1240 2108 1397 2144 Πνεῦματος
1411 2108 1460 2144 τὴν
1475 2109 1662 2144 χρηστότητα;
1683 2108 1763 2143 Ἐμδς
1780 2109 1794 2134 ὁ
1810 2108 1886 2134 πόλε-

1107 2160 1165 2187 μος,
1180 2152 1250 2179 εστω
1269 2153 1314 2180 σὺν
1329 2153 1359 2180 τὺ
1379 2153 1522 2189 ὲκνίκημα.
1548 2153 1617 2187 Ἐγὼ
1634 2152 1796 2188 βαλλοίμην,
1815 2153 1846 2178 σὺ
1860 2151 1887 2178 δὲ

269 2193 390 2221 bricatus
411 2200 482 2225 smn,
498 2193 622 2228 quamvis
637 2195 663 2220 in
679 2193 712 2220 iis
725 2192 790 2219 nihil
807 2192 997 2219 eIaboravcris.
1012 2192 1051 2219 En

1105 2198 1238 2233 είρήνευε,
1252 2198 1292 2233 τῷ
1304 2198 1518 2234 προπολεμοῦντι
1535 2199 1729 2234 συνευχόμενος
1739 2207 1745 2214 ·
1761 2200 1840 2235 χεῖρα
1851 2197 1885 2225 δί-

272 2246 326 2272 quo
344 2239 426 2266 animi
441 2239 558 2266 candore
571 2242 658 2265 tecum
673 2238 735 2274 ago!
755 2238 793 2265 En
808 2237 923 2272 Spiritus
934 2237 1054 2272 benigni-

269 2285 370 2312 tatem!
393 2284 480 2311 Meum
496 2284 532 2311 sit
545 2284 644 2311 bellum
659 2292 666 2310 :
682 2288 726 2310 tua
740 2284 776 2311 sit
790 2283 889 2318 palma.
916 2283 972 2316 Ego
993 2284 1054 2311 telis

267 2330 369 2357 feriar:
389 2334 415 2356 tu
433 2328 595 2364 tranquillus
614 2332 640 2355 et
664 2333 775 2363 pacatus
802 2328 875 2359 sede,
905 2335 1053 2364 propugna-

302 2387 325 2403 “
340 2387 427 2415 Galat.
445 2385 511 2420 1,10.

287 2446 358 2509 d(40)
383 2446 414 2473 '0
433 2447 507 2478 Υἱός.
523 2445 569 2473 Sic
581 2445 700 2480 quinque
712 2445 806 2480 licgg.,
825 2450 878 2475 etc.
893 2447 972 2475 Deest
995 2449 1009 2475 ὁ
1025 2448 1052 2476 in

269 2489 312 2509 ea.

304 2517 358 2552 (H)
378 2515 484 2550 Καινῇ.
509 2515 590 2543 CoisI.
614 2516 626 2543 l
653 2519 680 2543 et
698 2515 764 2548 185.,
779 2517 856 2552 κενῇ,
878 2526 887 2542 ι
904 2518 985 2551 inani,
1004 2527 1045 2546 va-

269 2560 314 2579 na.
331 2562 340 2577 Ι

304 2586 360 2622 (42)
383 2586 468 2614 Οὐδέ.
485 2587 593 2614 Plurimi
604 2586 698 2622 codd”
715 2586 788 2613 οὔτε.

304 2622 359 2656 (45)
380 2623 520 2658 Ἠχουσα,
532 2621 863 2658 οιοηίὶεεῖριιλκουσας.
884 2631 894 2648 ι
904 2623 1050 2658 accepisti,

268 2657 403 2693 audivisti.
429 2667 437 2683 ι
455 2657 556 2693 VScIioI.
577 2657 629 2693 Τὸν
657 2657 870 2693 Θαυματουργὸν
903 2657 1052 2693 Γρηγόριον

269 2692 298 2718 ἐν
329 2692 526 2727 Ἀποκαλύψει·
552 2701 560 2717 ι
579 2692 736 2726 Gregorium
767 2692 994 2727 Thanmaturgutn
1026 2695 1051 2720 iu

269 2726 513 2762 Apocalypsi._rld
530 2728 704 2762 continuatur
730 2734 745 2754 a
763 2727 861 2754 Basilio
886 2726 1048 2759 Scholiasta,

269 2759 313 2795 qui
333 2759 401 2788 ait":
417 2759 500 2794 Οὗτος
522 2762 576 2797 γὰρ
599 2762 628 2788 ἐν
653 2761 834 2797 ’Δποκαλύψει
857 2761 943 2789 ταῦτα
966 2771 1050 2797 φησι·

272 2806 281 2822 ι
299 2797 357 2834 Ipse
373 2797 443 2834 e_n_itr_t
458 2796 605 2834 haecdicit
618 2797 643 2834 in
658 2796 853 2834 ρροιτείγρεί.)

305 2831 360 2859 tu)
378 2831 411 2857 Et
425 2831 478 2859 ἐτι.
497 2831 542 2860 Sic
558 2831 635 2859 codd.
655 2830 740 2860 Ρηιό
760 2830 787 2860 in
802 2833 858 2864 τά..
873 2832 945 2859 εἴτι.

1105 2243 1150 2270 δου
1176 2243 1229 2279 (δί)
1253 2243 1297 2270 διὰ
1311 2245 1360 2280 τῆς
1380 2244 1507 2277 πίστεως.
1527 2245 1601 2280 Ἔχω
1635 2246 1709 2280 τρεῖς
1735 2244 1826 2276 λίθους
1848 2241 1885 2275 οἷς

1108 2289 1277 2324 σφενδονήσω
1289 2290 1335 2316 τὸν
1345 2289 1500 2325 ἀλλόφυλον.
1519 2291 1530 2300 "
1543 2290 1606 2326 Εχω
1618 2292 1690 2325 τρεῖς
1713 2290 1885 2325 ἐμπνεύσεις,

1106 2334 1176 2361 κατὰ
1190 2335 1236 2361 τοῦ
1251 2335 1309 2362 υἱοῦ
1334 2335 1384 2371 τῆς
1408 2335 1563 2372 Σαραφθιας
1573 2355 1579 2367 ,
1612 2333 1654 2367 αἷς
1671 2336 1832 2370 ζωοποιήσω
1844 2343 1882 2362 νεα

1137 2450 1193 2487 (45)
1219 2450 1390 2485 ’ομὀδουλα.
1419 2450 1464 2478 Sic
1491 2450 1580 2485 plures
1606 2450 1683 2477 codd.
1708 2449 1737 2476 In
1756 2450 1811 2482 ed.,
1829 2448 1873 2476 δοῦ

1102 2485 1192 2556 ἷαξιδ)
1212 2520 1314 2556 nemo.
1332 2520 1407 2556 οτὲι
1429 2525 1456 2548 et
1474 2520 1530 2552 alii,
1553 2519 1673 2555 μείζονα.
1691 2518 1818 2547 Nonnulli
1841 2519 1877 2546 ad»

1101 2555 1176 2587 dunt.
1191 2556 1236 2582 τοῦ
1250 2555 1324 2588 Υίοῦ,
1342 2564 1351 2580 ι
1367 2555 1435 2583 Filio
1454 2556 1592 2587 majorem.
1612 2564 1622 2580 ι

1137 2590 1192 2626 (47)
1213 2592 1317 2623 Ἵσοις.
1335 2590 1399 2626 Reg.
1415 2592 1461 2625 ph,
1477 2589 1544 2617 ἴσον,

1149 2627 1191 2654 48)
1219 2624 1406 2658 Ἀπληστίιιὶη.
1422 2626 1492 2660 lteg.
1508 2626 1562 2658 bin,
1580 2624 1756 2660 ἁπληστεὶαν.

1149 2629 1191 2654 48)
1219 2629 1406 2658 Ἁπληστίιιν.
1422 2629 1492 2660 lteg.
1508 2629 1562 2658 bin,
1580 2629 1756 2660 απληστεξαν.

1137 2629 1194 2704 id?)
1209 2660 1372 2704 'Evrxnipei.
1389 2661 1471 2696 Regg.
1486 2662 1540 2693 bm,
1555 2661 1589 2695 ph
1606 2665 1632 2687 et
1643 2660 1688 2687 alii
1701 2661 1813 2692 addunt,
1830 2668 1874 2691 μοι

1103 2695 1149 2722 Or.
1167 2696 1191 2725 Ἰ,
1207 2697 1322 2732 ἐγχωρεῖ
1334 2704 1388 2731 μοι.
1431 2695 1455 2696 Π

1214 2731 1363 2771 ζιεςάζυι.
1378 2731 1484 2771 latuit,
1501 2732 1561 2771 ιιτῆςΞ

1139 2766 1194 2799 (51)
1218 2767 1283 2792 Τοῦ.
1304 2767 1380 2793 Deest
1393 2767 1418 2792 in
1434 2765 1494 2793 Bas.
1512 2771 1539 2793 ct
1555 2766 1666 2801 Ilervag.

1141 2801 1193 2835 (52)
1214 2801 1311 2828 Δι’ὃσυ.
1327 2801 1398 2834 Bas.,
1411 2800 1506 2833 διδούς.
