2013 3134
125 136 166 162 ΕΙ

565 133 693 161 ORATIO
713 133 767 161 XL.
789 149 822 154 —
842 134 875 161 IN
896 133 1058 162 SANCTUM
1079 132 1260 160 UAPTISMA.

1681 134 1734 161 19.2

125 191 308 227 νεκρωμένους.
326 190 401 225 "Exta
425 191 501 226 τρεῖς
525 190 581 223 (55)
595 190 750 222 ἐπικλύσεις
765 191 834 218 κατὰ
849 191 903 217 τῶν

955 196 1039 219 torem
1072 197 1146 218 tunm
1165 190 1289 226 precibus
1311 189 1423 225 juvans;
1451 197 1558 218 manum
1588 198 1635 225 per
1654 192 1734 218 [idem

125 236 261 271 σχιδάκων,
278 233 322 267 αἷς
346 235 503 271 καθιερώσω
525 236 574 270 τὴν
599 235 703 266 ουσίαν,
736 235 811 262 ὕδατι
847 237 902 272 πῦρ

125 282 237 316 ἐγείρων,
253 281 282 307 τὸ
298 280 529 316 παραδοξότατον·
553 281 599 307 καὶ
613 282 676 313 τοὺς
692 282 833 317 προφήτας
852 291 901 308 κα-

124 327 221 354 ταϐαλῶ
235 328 285 362 τῆς
301 327 431 362 αἰσχύνης
446 327 513 362 (54),
533 327 683 363 μυστηρίου
698 327 812 363 δυνάμει
826 327 899 364 χρώ-

126 383 205 410 μενος.

951 238 1066 273 porrige.
1082 236 1150 264 Tres
1175 236 1278 271 lapides
1294 236 1378 264 habeo
1401 236 1435 268 “,
1452 237 1549 271 quibus
1568 236 1733 265 Philistazum

949 282 1032 310 funda
1046 287 1134 317 petam
1149 287 1176 309 et
1192 282 1352 317 percutiam.
1377 282 1444 309 Tres
1467 283 1595 310 adversus
1614 283 1733 318 Sareph-

950 328 1037 356 thana:
1053 329 1135 356 lilium
1151 328 1343 355 insulllationes
1360 328 1445 355 habeo
1455 329 1489 360 ’⁵,
1501 328 1598 362 quibus
1612 329 1735 356 homines

949 379 1035 401 morte
1051 374 1172 401 sublatos
1195 374 1227 400 ad
1243 373 1326 400 vitam
1351 381 1486 401 revocem.
1514 373 1582 401 Tres
1606 375 1735 402 adversus

125 419 218 446 assulas
233 419 404 454 proluviones
425 417 511 445 habeo
524 418 559 450 “,
575 418 673 452 quibus
702 419 840 446 victimam
871 419 1049 452 consecrabo,
1083 427 1152 453 aqua
1165 419 1267 446 scilicet
1281 419 1370 454 ignem
1387 420 1519 451 excitans,
1537 420 1608 454 quod
1626 421 1734 455 quidem

126 465 230 491 maxime
252 465 403 491 mirandum
435 469 494 496 est;
521 469 601 499 atque
628 465 820 500 ignominiosos
848 466 990 500 prophetas
1004 465 1124 500 mysterii
1144 465 1247 493 viribus
1260 470 1440 500 prosternam.

155 512 215 538 HA’.
232 511 264 537 Τί
284 520 328 546 μοι
346 511 387 537 δεῖ
404 512 581 548 μακροτέρων
600 512 704 546 λόγωνς
722 512 901 543 Διδασκαλίας

124 556 194 591 γὰρὸ
209 557 302 592 καιρὸς
312 556 380 591 (55).
395 557 445 582 οὐκ
456 557 620 591 ἀντιλογίας.
639 558 828 592 Μαρτύρομαι
855 558 903 584 ὲν-

123 600 207 626 ώπιον
220 599 336 634 τοῦ(56)
356 600 429 627 Θεοῦ
440 601 496 635 mal
514 601 572 628 τῶν
588 601 738 628 ἐκλεκτῶν
758 602 902 637 ἀγγέλων,

126 645 187 680 μετὰ
199 645 300 681 ταύτης
316 645 490 682 βαπτισθήσῃ
502 647 551 682 τῆς
566 647 693 678 πίστεως.
707 647 737 673 Εί
755 647 803 682 μὲν
814 647 903 678 ἄλλως

125 690 294 726 ἐγγέγριψαι,
312 691 329 727 ἦ
344 692 380 723 ὡς
401 692 414 718 ὁ
429 693 494 728 ὲμδς
512 693 622 719 ἀπαιτεῖ
640 692 728 726 λόγος,
744 692 835 728 δεῦρο,
858 693 903 719 καὶ

125 737 334 773 μετεγγράφηϐι.
355 737 424 772 Ἐγὼ
435 738 537 764 τούτων
550 738 599 764 οὐκ
612 738 700 773 ἀφυὴς
709 738 901 774 καλλιγράφος,

123 783 226 819 γράφων
248 784 267 810 ἃ
286 785 458 820 γέγραμμαι,
479 785 527 811 καὶ
545 784 677 811 διδάσκων
700 785 718 811 ἃ
740 785 787 811 καὶ
814 785 902 820 μεμά-

124 829 197 865 θηκα,
216 830 262 857 καὶ
282 830 420 865 τετήρηκα
435 830 464 863 ἐξ
480 831 567 865 ἀρχῆς
583 830 622 862 εἰς
637 831 717 866 τήνδε
731 830 780 866 τὴν
795 830 898 858 πολιὰν.

129 875 200 910 Ἐμδς
215 877 228 902 ό
249 875 387 907 κίνδυνος,
405 876 471 911 ἐμὸν
490 876 536 902 καὶ
552 876 581 902 τὴ
601 876 700 912 γέρας,
723 876 769 903 τοῦ
785 877 834 911 τῆς
852 877 901 911 σῆς

123 919 201 955 ψυχῆς
213 922 366 956 οἰκονόμου,
383 922 429 948 καὶ
443 921 607 954 τελειοῦντός
621 930 650 948 σε
664 922 708 948 διὰ
733 921 780 948 τοῦ
800 922 897 957 βαπτί-

124 973 225 1001 σματος.
244 967 277 994 Εἰ
294 967 322 993 δὲ
331 967 416 999 οὕτως
429 967 516 1002 ἔχεις,
538 967 584 994 καὶ
603 967 695 999 καλοῖς
716 967 902 1003 ἐνεσημάνθης

122 1012 171 1042 τοῖς
198 1013 358 1047 γράμμασι,
381 1012 501 1047 φύλασσέ
527 1021 571 1048 μοι
592 1011 627 1038 τὰ
651 1012 845 1047 γεγραμμένα,
872 1013 901 1038 ὲν

123 1059 219 1093 καιροῖς
244 1060 373 1094 τρεπτοίς
399 1058 532 1094 ἄτρεπτος
559 1058 647 1094 μένων
673 1058 736 1093 περὶ
766 1058 901 1093 ἀτρέπτον

123 1103 287 1138 πράγματος.
314 1104 440 1140 Μίμησαι
459 1104 504 1130 τὸν
521 1103 635 1130 Πιλᾶτον
657 1104 702 1130 ἐπὶ
720 1103 751 1130 τὸ
768 1105 901 1140 κρεῖττον,

123 1148 208 1179 κακῶς
232 1149 390 1184 γράφοντα,
418 1148 509 1180 καλῶς
524 1148 717 1184 γεγραμμένος
741 1149 807 1184 (57).
834 1149 902 1176 Εἰπὲ

123 1195 173 1226 τοῖς
189 1195 381 1229 μεταπείθουσί
404 1204 433 1222 σε
445 1203 453 1209 ⁸
476 1197 506 1221 Ὃ
523 1195 665 1230 γέγραφα,
686 1194 828 1230 γέγραφα.
848 1196 903 1222 Καὶ

918 854 937 882 Β

124 1240 172 1275 γὰρ
187 1239 217 1266 ἂν
239 1240 438 1276 αἰσχυνοίμην,
457 1241 493 1272 εἰ,
510 1239 558 1266 τοῦ
582 1239 666 1266 κακοῦ
683 1239 809 1274 μένοντος
825 1239 903 1266 ἀκλι-

123 1285 188 1317 νοῦς,
201 1285 229 1311 τὸ
244 1285 328 1312 καλὸν
346 1286 433 1321 ῥᾷστα
451 1285 636 1321 μετακλίνοιτο
655 1285 710 1320 (58)
723 1293 729 1300 ·
748 1285 806 1311 δέον
820 1285 902 1320 εὐμε-

123 1332 275 1367 τακινήτους
293 1331 341 1366 μὲν
361 1329 430 1358 εἶναι
448 1331 514 1366 πρὸς
532 1331 562 1357 τὸ
581 1332 702 1367 κρεῖττον
716 1331 770 1357 ἀπὸ
785 1331 831 1357 τοῦ
848 1331 903 1366 χεί-

125 1384 201 1411 ρονος,
215 1378 362 1412 ἀκινήτους
372 1377 399 1403 δὲ
411 1377 479 1412 πρὸς
491 1377 522 1403 τὸ
533 1378 622 1412 χεῖρον
635 1377 688 1403 ἀπὸ
700 1377 746 1403 τοῦ
759 1377 902 1411 βελτίονος.

124 1421 151 1447 ΕΞ
165 1422 246 1453 οὕτως
264 1422 395 1458 βαπτίζῃ,
409 1423 455 1449 καὶ
474 1422 544 1449 κατὰ
560 1422 662 1457 ταύτην
677 1421 725 1457 τὴν
745 1422 902 1457 μαθητείαν,

129 1467 199 1495 Ἰδοὺ
215 1469 250 1496 τὰ
265 1469 353 1504 χείλη
366 1477 426 1503 μου
442 1469 477 1495 οὺ
492 1468 535 1504 μὴ
558 1469 698 1500 κωλύσω,
719 1468 772 1495 ίδοὺ
787 1469 903 1504 κίχρημι

123 1513 167 1545 τὰς
181 1516 272 1550 χεῖρας
289 1514 327 1550 τῷ
344 1514 491 1548 Πνεύματι.
506 1514 672 1550 Ταχύνωμεν
684 1515 733 1550 τὴν
755 1514 901 1550 σωτηρίαν,
917 1525 940 1556 C

125 1559 276 1595 ἀναστῶμεν
289 1561 337 1586 ἐπὶ
346 1560 376 1586 τὸ
389 1560 539 1596 βάπτισμα·
550 1560 646 1595 σφύζει
659 1561 689 1587 τὸ
701 1560 823 1596 Πνεῦμα,
839 1560 905 1596 πρό-

126 1605 202 1640 θυμος
216 1607 229 1632 ὁ
249 1607 403 1642 τελειωτὴς,
421 1606 451 1632 τὸ
466 1606 550 1642 δῶρον
565 1607 683 1642 ἕτοιμον.
701 1607 732 1633 El
749 1607 778 1633 δὲ
795 1606 905 1638 σκάζεις

126 1651 170 1684 ἑτι,
183 1653 227 1678 καὶ
243 1653 279 1688 μὴ
300 1652 437 1689 καταδέχῃ
450 1653 480 1679 τὸ
493 1652 592 1679 τέλειον
610 1653 660 1688 τῆς
677 1652 814 1688 θεότητος,
831 1652 906 1688 ζήτει

127 1698 169 1724 σὺν
182 1698 340 1734 βαπτιστήν,
355 1698 371 1732 ἢ
387 1698 617 1734 καταϐαπτιστήν.
641 1698 718 1734 Ἐμοὶ
735 1698 764 1724 δὲ
782 1698 811 1724 οὐ
825 1698 906 1734 σχολὴ

127 1742 226 1778 τέμνειν
239 1743 364 1779 θεότητα,
388 1744 434 1770 καὶ
449 1745 544 1779 νεκρόν
560 1752 590 1770 σε
603 1745 689 1770 ποιεῖν
710 1745 739 1770 ὲν
756 1744 844 1780 καιρῷ
856 1743 906 1779 τῆς

127 1789 341 1825 ἁναγεννήσεως’
358 1789 401 1816 ἴνα
415 1790 483 1825 μήτε
496 1790 526 1816 τὸ
542 1790 664 1825 χάρισμα
680 1790 755 1826 ἔχῃς,
775 1792 843 1826 μήτε
858 1790 906 1826 τὴν

128 1833 215 1861 ἐλπίδα
230 1835 280 1870 τῆς
299 1835 410 1871 χάριτος
420 1854 427 1867 ,
441 1837 469 1862 ὲν
485 1835 568 1870 ὀλίγῳ
582 1836 738 1871 ναυαγήσας
754 1835 802 1871 τὴν
817 1844 906 1871 σωτη-

129 1879 192 1914 ρίαν.
214 1881 257 1913 Ὡς
267 1882 282 1908 ὃ
296 1890 324 1908 τι
337 1881 368 1907 ἂν
384 1881 484 1917 ὑφέλης
497 1881 550 1907 τῶν
562 1881 646 1917 τριῶν
661 1882 710 1917 τῆς
723 1881 861 1918 θεότητος,
876 1882 907 1908 τὸ

128 1926 177 1953 πᾶν
193 1926 241 1963 ἔσῃ
258 1926 437 1963 καθῃρηκὼς,
451 1927 498 1953 καὶ
513 1927 617 1962 σεαυτῷ
629 1927 678 1962 τὴν
689 1927 828 1954 τελείωσιν
840 1927 906 1962 (59).

985 511 1075 539 XLIV.
1097 511 1167 545 Quid
1178 511 1292 545 longiori
1307 512 1429 539 oratione
1439 519 1506 546 opus
1516 512 1577 540 est?
1600 512 1735 540 Doctrina

950 557 1049 585 etenim
1065 558 1116 587 boc
1135 562 1239 592 tempus
1253 563 1304 591 est,
1317 565 1369 585 non
1382 557 1563 586 altercationis
1574 563 1602 586 et
1613 559 1737 592 disputa-

950 602 1031 629 tionis
1069 601 1201 636 1'esliﬁcot
1231 610 1316 629 torum
1343 602 1396 629 Dea
1406 607 1430 629 et
1450 602 1536 638 electis
1547 603 1654 638 angelis,
1664 604 1736 638 quod

951 656 1012 675 cum
1025 648 1074 675 hac
1083 647 1133 675 ﬁde
1145 647 1335 682 baptizaberis.
1348 647 1376 675 Si
1387 648 1439 675 alio
1452 648 1531 676 modo
1541 648 1684 684 inscriptus
1694 657 1734 682 es,

951 702 1030 729 quam
1046 701 1105 720 mea
1125 694 1245 720 doctrina
1261 694 1392 728 exposcit,
1411 693 1472 721 veni
1488 702 1520 721 ac
1544 694 1734 722 transeribere.

950 740 1006 774 Ego
1021 739 1116 766 borum
1129 746 1181 766 non
1197 739 1308 766 inscitus
1327 744 1405 774 atque
1417 739 1523 775 ineptus
1536 747 1595 767 sum
1610 741 1734 775 scriptor,

950 787 1071 813 seribens
1084 793 1115 813 ea
1136 793 1193 818 quae
1205 785 1270 812 mihi
1286 785 1415 820 inscripta
1430 791 1502 818 sunt,
1518 791 1545 812 et
1559 786 1656 813 docens
1677 793 1737 820 quae

951 832 1043 864 didm,
1060 837 1141 865 atque
1152 839 1167 858 a
1180 830 1265 866 prima
1278 836 1358 858 aetate
1375 831 1408 858 ad
1426 831 1495 858 hanc
1508 838 1592 866 usque
1609 832 1734 859 canitiem

952 877 1066 905 servavi.
1085 877 1172 904 Meum
1188 878 1224 905 sit
1242 877 1400 912 periculum,
1421 885 1509 904 meum
1537 885 1644 912 quoque
1666 885 1738 912 pra:-

952 923 1046 955 mium,
1079 923 1125 957 qui
1149 923 1245 950 animae
1265 928 1317 950 tua:
1337 930 1395 950 sum
1422 923 1608 958 dispensator,
1628 931 1659 951 ac
1688 931 1737 958 per

953 968 1113 1002 baptismum
1133 974 1158 996 te
1180 969 1301 1004 perficio.
1327 969 1374 996 Sin
1397 974 1485 996 autem
1501 969 1535 995 ita
1556 973 1581 996 te
1597 969 1688 1002 habes,
1704 977 1737 996 ac

953 1014 1072 1048 pulchris
1091 1014 1186 1042 litteris
1199 1019 1304 1042 notatus
1320 1019 1401 1048 atque
1419 1015 1524 1041 inustus
1538 1022 1577 1047 es,
1592 1022 1651 1049 qua:
1669 1016 1737 1042 scri-

953 1064 996 1093 pta
1015 1063 1078 1087 sunt
1095 1067 1183 1092 serva,
1207 1060 1233 1087 in
1259 1061 1383 1087 obnoxiis
1406 1059 1546 1087 mutationi
1573 1060 1737 1094 temporibus

953 1105 1024 1132 circa
1045 1112 1100 1132 rem
1115 1105 1225 1132 minime
1245 1105 1400 1132 mutabilem
1422 1104 1596 1132 immutabilis
1613 1111 1735 1131 manens.

953 1149 1003 1183 Tu,
1029 1151 1076 1186 qui
1101 1155 1174 1178 recte
1198 1151 1365 1186 conscriptus
1387 1158 1425 1184 es,
1448 1151 1573 1183 Pilatum,
1596 1151 1642 1185 qui
1667 1151 1737 1179 male

954 1196 1109 1231 scripserat,
1126 1197 1152 1223 in
1170 1196 1307 1224 meliorem
1323 1202 1426 1232 partem
1439 1197 1555 1224 imitare.
1569 1196 1616 1223 Dic
1629 1197 1672 1229 iis,
1690 1197 1736 1231 qui

956 1247 980 1269 te
994 1250 1009 1268 ιι
1022 1242 1154 1269 sententia
1168 1242 1300 1270 deducere
1312 1242 1421 1270 student
1442 1251 1449 1269 ε
1467 1242 1543 1275 Quod
1559 1243 1660 1275 scripsi,
1673 1244 1739 1270 scri-

953 1287 1036 1322 psi".
1055 1287 1169 1314 Puderet
1194 1288 1265 1314 enim
1282 1295 1324 1315 me
1347 1288 1476 1323 profecto,
1494 1288 1526 1320 si,
1544 1296 1604 1315 cum
1636 1289 1737 1315 malum

954 1334 1050 1361 stabile
1061 1340 1092 1360 ac
1105 1333 1209 1360 ﬁrmum
1225 1339 1341 1367 maneat,
1371 1334 1468 1361 bonum
1495 1340 1589 1362 contra
1609 1334 1687 1362 facile
1709 1335 1736 1362 in

955 1380 1074 1406 deterius
1084 1379 1253 1413 ﬂecteretur;
1277 1387 1338 1406 cum
1363 1387 1412 1408 nos
1425 1381 1460 1407 ita
1482 1386 1653 1415 comparatos
1677 1387 1738 1408 esse

955 1427 1017 1454 vita:
1052 1427 1159 1454 ratione
1192 1431 1335 1462 oporteat,
1379 1432 1409 1454 ut
1436 1435 1450 1454 a
1479 1427 1545 1454 vitio
1568 1427 1675 1462 quidem
1704 1427 1737 1454 ad

955 1472 1082 1500 virtutem
1117 1472 1189 1500 facili
1215 1477 1288 1500 motu
1321 1472 1509 1507 impellamur,
1536 1480 1550 1499 a
1570 1473 1668 1499 virtute
1690 1480 1738 1499 au-

956 1522 1010 1545 tem
1049 1518 1082 1544 ad
1115 1518 1209 1545 vitium
1239 1517 1312 1545 nullo
1333 1517 1416 1548 modo
1441 1518 1592 1545 incitemur.
1625 1517 1653 1545 Si
1676 1525 1736 1545 cum

955 1564 1007 1591 hac
1036 1563 1170 1591 sententia
1188 1569 1216 1592 et
1232 1564 1352 1591 doctrina
1378 1564 1411 1592 ad
1435 1565 1596 1599 baptismum
1621 1563 1737 1596 accedis,

954 1618 1011 1637 ecce
1027 1609 1098 1637 labia
1111 1618 1169 1637 ntea
1186 1618 1236 1637 non
1252 1610 1389 1644 prohibebo
1408 1611 1440 1645 ³⁵,
1463 1618 1527 1638 ecce
1545 1618 1643 1638 manus
1666 1617 1741 1638 meas

956 1656 1068 1690 Spiritui
1091 1657 1243 1685 commodo.
1259 1656 1378 1684 Salutem
1402 1656 1594 1690 acceleremus,
1611 1656 1691 1691 72']
1706 1657 1739 1683 ad

956 1702 1115 1736 baptismum
1131 1709 1325 1736 exsurgamus;
1339 1701 1430 1729 exsilit
1446 1701 1571 1737 Spiritus,
1586 1705 1682 1736 praesto
1700 1705 1742 1728 est

956 1746 1086 1779 initiator,
1104 1747 1130 1774 in
1146 1751 1269 1781 promptu
1283 1752 1324 1774 est
1335 1747 1494 1781 baptismus.
1511 1746 1559 1773 Sin
1572 1753 1635 1773 vero
1652 1746 1741 1773 adhuc

956 1791 1102 1824 claudicas,
1116 1799 1166 1819 nec
1181 1791 1292 1819 Deitatis
1303 1791 1493 1825 perfectionem
1507 1791 1631 1825 suscipis,
1649 1797 1741 1824 quam}

957 1839 1001 1871 qui
1017 1843 1042 1864 te
1056 1837 1150 1870 tingat,
1166 1836 1208 1864 vel
1223 1837 1250 1864 in
1273 1837 1370 1864 malam
1396 1844 1453 1863 rem
1475 1837 1569 1871 tingat.
1591 1836 1654 1863 Mihi
1668 1836 1739 1863 enirn

958 1889 1009 1908 non
1024 1887 1101 1909 vacat
1117 1882 1248 1909 Deitatem
1263 1889 1365 1913 secare,
1381 1887 1461 1916 atque
1483 1883 1509 1908 in
1531 1881 1742 1915 regenerationis

959 1932 1080 1962 tempore
1094 1928 1141 1955 tibi
1155 1932 1269 1955 mortem
1281 1929 1399 1961 inferre;
1416 1934 1444 1955 ut
1456 1928 1495 1956 sic
1507 1935 1557 1955 nec
1567 1929 1680 1963 gratiam
1692 1928 1742 1955 ha-

129 1972 197 2005 beas,
214 1982 262 2001 nec
278 1974 373 2009 gratiae
393 1981 479 2009 spem,
506 1974 592 2001 salute
620 1974 747 2002 nimirum
780 1975 853 2002 brevi
881 1980 999 2008 tempore
1029 1974 1170 2009 naufragio
1182 1975 1291 2003 amissa.
1317 1975 1344 2003 Si
1361 1975 1405 2002 cui
1433 1975 1504 2002 enim
1519 1982 1552 2002 ex
1581 1974 1624 2001 bis
1657 1974 1742 2001 tribus

130 2017 288 2046 divinitatem
302 2021 462 2053 detraxeris,
484 2024 568 2047 totum
585 2021 726 2052 everteris,
743 2020 842 2055 tibique
858 2020 907 2055 ips:
918 2021 1110 2056 perlectionem
1126 2021 1268 2048 ademeris.

159 2065 222 2091 ME’.
240 2065 311 2092 Ἀλλ’
326 2065 402 2092 οὔπω
415 2065 500 2098 τύπος
513 2066 600 2098 οὐδεὶς
613 2066 641 2092 ὲν
653 2067 687 2101 τῇ
702 2067 734 2101 σῇ
749 2065 833 2102 ψυχῇ,
845 2065 905 2092 οὔτε

995 2065 1076 2096 XLV.
1095 2068 1130 2093 At
1147 2066 1265 2093 nondum
1281 2065 1334 2093 ulla
1356 2066 1382 2093 in
1398 2066 1489 2093 animo
1504 2071 1560 2100 tuo,
1579 2066 1622 2093 vel
1636 2065 1741 2098 melior,

129 2111 241 2146 χείρονος
255 2111 313 2147 (60)
337 2111 510 2147 γράμματος,
528 2111 588 2138 οὐδὲ
615 2111 765 2146 βελτίονος·
790 2112 909 2147 σήμερον

129 2156 156 2183 δέ
170 2166 197 2184 σε
211 2158 352 2193 γραφῆναι
365 2157 465 2193 δεήσει,
484 2157 532 2184 καὶ
547 2158 612 2193 παρ’
626 2157 704 2193 ήμῶν
713 2157 768 2193 (61)
784 2157 911 2192 ruat-meﬁ-

130 2210 169 2229 ναι
182 2204 248 2239 πρὸς
263 2203 439 2238 relatos-qm;
457 2203 530 2230 Εῐσω
541 2202 591 2238 τῆς
602 2203 715 2238 νεφέλης
729 2203 909 2239 χωρήσωμεν·

129 2247 169 2280 δός
183 2258 227 2284 μοι
250 2250 301 2282 τὰς
326 2249 432 2281 πλάκας
447 2249 496 2284 τῆς
521 2248 569 2284 σῆς
589 2248 719 2284 καρδίας·
737 2248 847 2284 γίνομαί
871 2257 912 2275 σοι

130 2293 235 2330 Μωσῆς,
249 2296 275 2322 εἰ
297 2295 346 2322 καὶ
360 2293 496 2331 τολμηρὸν
513 2294 599 2320 εἰπεῖν
612 2302 618 2309 ·
635 2294 766 2330 ἐγγράφω
788 2293 912 2329 δακτύλῳ

131 2339 192 2366 Θεοῦ
205 2340 267 2367 νέαν
286 2340 447 2375 δεκάλογον·
464 2340 595 2367 ἐννοάιοω
615 2340 747 2375 σύντομον
762 2340 910 2375 σωτηρίαν.

961 2111 1005 2138 vel
1026 2112 1146 2140 deterior
1161 2112 1251 2139 littera
1272 2112 1403 2147 impressa
1417 2117 1476 2145 est;
1498 2119 1588 2139 verum
1612 2113 1742 2140 hodierno

959 2159 1003 2185 die
1015 2158 1127 2186 inscribi
1142 2163 1167 2186 te
1181 2163 1290 2192 oportet
1301 2178 1309 2192 ,
1332 2163 1413 2193 atque
1429 2166 1443 2185 a
1457 2158 1534 2186 nobis
1548 2158 1580 2185 ad
1598 2158 1742 2193 perfectio-

962 2210 1023 2231 nem
1040 2204 1199 2231 inl‘ormari?
1217 2203 1319 2231 Nubem
1349 2204 1549 2238 ingrediamnr;
1564 2204 1596 2230 da
1614 2203 1678 2230 mihi
1694 2211 1743 2238 pe-

961 2250 1045 2276 ctoris
1062 2249 1099 2276 tui
1115 2249 1238 2281 tabulas;
1256 2249 1363 2284 Moyses
1388 2249 1435 2276 tibi
1456 2256 1514 2280 ero,
1527 2249 1577 2275 etsi
1598 2249 1648 2276 hoc
1668 2249 1743 2275 inso-

962 2294 1060 2321 lentius
1084 2302 1099 2321 a
1121 2301 1164 2321 me
1191 2294 1292 2321 dictum
1307 2294 1392 2321 videri
1407 2299 1503 2329 queat;
1527 2293 1574 2320 Dei
1595 2293 1680 2327 digito
1695 2301 1745 2319 no-

960 2347 1023 2366 vum
1039 2338 1201 2374 Decalogum
1219 2340 1384 2372 inscribam;
1411 2339 1629 2374 compendiosam
1648 2339 1744 2365 salutis

163 2409 184 2424 "
198 2409 206 2436 l
219 2410 287 2446 Reg.
304 2416 372 2442 xvn,
390 2408 436 2436 40.
479 2409 501 2424 ’⁸
513 2408 546 2436 lll
561 2408 626 2443 Reg.
640 2415 707 2441 xm,
721 2407 766 2435 9L
805 2408 827 2423 "
840 2407 873 2434 Ill
892 2407 958 2442 Reg.
972 2413 1050 2440 xvtu,
1065 2405 1110 2433 54.
1148 2406 1169 2422 ⁵⁷
1185 2405 1263 2434 Joan.
1287 2414 1343 2438 xtx,
1365 2406 1410 2433 22.
1448 2406 1470 2422 ’⁸
1483 2406 1554 2434 Psal.
1574 2413 1665 2439 xuix,
1677 2405 1720 2433 10.

165 2487 218 2524 (53)
239 2489 322 2524 Ἔχω
336 2487 424 2521 τρεῖς,
448 2491 500 2524 etc.
525 2495 535 2512 ι
553 2486 689 2512 Adversus
710 2485 912 2524 assulashbabeo

133 2519 184 2549 tres
210 2519 407 2558 'proln'vion-esj
425 2531 435 2547 ι
463 2522 514 2558 hoc
537 2525 589 2553 est,
612 2519 913 2558 n_t»_exponit_Nicetns,

136 2565 144 2581 ι
164 2554 218 2585 tres
235 2557 362 2593 baptismi
375 2556 574 2593 rdetnersiqnes.
595 2565 604 2581 ι
620 2555 715 2582 Billius
733 2563 740 2581 :
759 2563 769 2580 (
785 2554 852 2582 Tres
865 2556 915 2582 ad-

132 2598 222 2619 versus
234 2591 306 2626 ligna
325 2592 495 2626 proluviones
511 2591 605 2618 habeo.
628 2600 637 2616 ι

169 2627 220 2661 (54)
241 2624 520 2661 Τοὺς-προφήτας...
544 2626 702 2661 αἰσχύνης.
729 2633 738 2649 ι
768 2624 916 2661 ξτοριιοιιιε

133 2659 310 2723 ἓοιιςυὲίοιιῖδέ
338 2659 359 2687 ί
375 2659 496 2688 Nobilius
525 2666 554 2688 et
580 2659 690 2695 Vulgata
709 2667 717 2686 :
735 2667 745 2684 ι
768 2659 916 2693 Prophetas

156 2704 185 2722 aa
200 2716 207 2723 .
219 2706 228 2723 ι

156 2704 207 2723 Bal.
219 2706 228 2723 ι

168 2731 222 2766 (55)
246 2731 278 2758 '0
295 2732 407 2765 καιρός.
422 2731 487 2766 Reg.
502 2730 528 2762 d,
544 2730 558 2756 ὁ
575 2729 670 2765 παρὼν
691 2728 796 2764 καιρός,
816 2737 826 2754 ι
846 2736 915 2763 pra-

135 2772 195 2792 sens
208 2771 325 2800 tempus.
343 2775 352 2791 ι

169 2800 223 2835 (56)
244 2801 312 2828 Τοῦ.
332 2801 410 2828 Deest
420 2800 445 2826 in
463 2799 546 2835 Regg.
558 2800 612 2832 bm,
631 2799 676 2834 ph,
688 2804 741 2826 etc.

169 2833 224 2868 (57)
244 2834 351 2867 Καλῶς
366 2833 571 2870 τεγραμμέᾶίος.
588 2845 597 2861 ι
614 2833 694 2863 Recte
706 2833 884 2868 conscriptus.
903 2843 912 2860 I

967 2485 1035 2512 llinc
1050 2493 1116 2513 sane
1132 2485 1308 2520 colligendum
1326 2483 1440 2516 videtur,
1461 2488 1510 2520 aut
1523 2484 1583 2520 Ildei
1604 2483 1745 2520 formulam

963 2528 997 2547 ex
1011 2521 1115 2554 integro
1129 2519 1318 2554 conscriptam,
1332 2524 1378 2545 aut
1396 2526 1461 2546 sane
1475 2527 1490 2545 a
1505 2519 1671 2552 baptizandis
1686 2525 1747 2545 esse

963 2556 1160 2590 subsignatam.

1011 2587 1054 2624 58)
1074 2590 1297 2617 Μετακλινοιτο.
1314 2588 1385 2624 3:15.,
1403 2587 1529 2624 κλίνοιτο,

1011 2591 1054 2624 58)
1074 2590 1297 2617 Μετακλινοιτο.
1314 2590 1385 2621 Bas.,
1403 2590 1529 2616 κλίνοιτο,

999 2590 1057 2660 i559)
1081 2626 1126 2657 Ὧς
1148 2625 1198 2651 ὅ...
1218 2623 1275 2657 τὴν
1297 2623 1460 2649 τελείωσιν.
1479 2623 1541 2649 lla-c
1559 2627 1586 2650 et
1607 2621 1747 2656 interiecta

966 2660 1063 2687 desunt
1078 2661 1103 2686 in
1118 2660 1184 2693 Reg.
1197 2661 1251 2685 but.

1001 2694 1056 2731 (60)
1076 2691 1308 2731 οὔτεςχείρονος.
1321 2693 1366 2720 Sic
1384 2697 1498 2727 quatuor
1512 2692 1594 2728 chg.
1614 2697 1641 2720 et
1660 2691 1706 2720 0r.
1720 2693 1746 2720 1.

969 2729 995 2756 In
1007 2729 1062 2762 ed.,
1074 2730 1104 2756 οὐ
1116 2729 1246 2764 χείρονος.

1002 2764 1057 2800 (6|)
1073 2761 1209 2800 Καῖσαρ
1223 2762 1316 2797 ἡμῶν.
1331 2762 1376 2800 Sic
1385 2770 1433 2800 sex
1445 2762 1542 2800 Regg.,
1558 2762 1648 2797 plures
1658 2761 1747 2795 Colb.,

966 2798 1013 2827 οτι
1031 2798 1057 2834 1,
1073 2799 1146 2832 Pan,
1157 2806 1210 2827 etc.
1228 2799 1306 2826 Deest
1322 2798 1368 2825 καί
1385 2798 1411 2826 in
1427 2799 1469 2825 ed.
