2013 3134
128 169 183 196 429

649 166 778 194 ORATIO
797 166 867 194 XLI.
886 182 922 187 —
940 167 973 194 IN
993 166 1251 196 PENTECOSTEN.

1706 169 1758 196 450

128 227 294 262 πανήγυρις·
318 226 357 261 τῷ
371 226 400 252 δὲ
424 226 578 261 θεραπευτῇ
599 224 646 251 τοῦ
670 225 757 259 Λόγου
770 225 857 258 λόγος,
875 225 922 251 καὶ

984 225 1071 252 'estum
1086 230 1129 252 est
1144 234 1151 252 :
1168 225 1248 252 Verbi
1260 229 1349 253 autem
1369 225 1476 257 cultori,
1490 233 1596 260 sermo;
1613 231 1640 254 et
1651 233 1683 253 ex
1701 235 1760 254 ser--

127 273 215 306 λόγων
233 272 291 308 (88)
316 272 331 298 ὁ
359 271 398 306 τῷ
415 271 504 307 καιρῷ
518 270 756 307 προσφορώτατος.
771 271 826 296 Καὶ
848 271 924 296 οὐδὲν

127 318 214 349 οὕτως
250 317 392 352 εὐφραίνει
418 317 501 344 καλὸν
520 316 574 343 τῶν
590 316 742 350 φιλοκάλων
769 315 873 347 οὐδένα,
887 315 924 347 ὡς

127 365 158 390 τὸ
179 363 381 398 πανηγυρίζειν
408 361 600 397 πνευματικῶς
622 361 669 388 τὸν
690 361 839 397 φιλέορτον.
857 361 925 388 Σκο-

129 410 226 445 πῶμεν
261 409 290 436 δὲ
309 409 405 441 οὕτως·
441 408 580 444 Ἐορτάζει
605 409 652 434 καὶ
690 408 826 440 Ἰουδαῖος,
857 406 925 433 ἀλλὰ

129 456 201 482 κατᾶ
230 455 263 481 τὸ
277 455 403 490 γράμμα·
434 455 477 480 τὺν
506 453 560 489 γὰρ
586 453 741 488 σωματικὸν
762 453 867 480 διώκων
881 452 926 479 νό-

130 510 190 536 μον,
225 502 267 532 εἰς
299 501 345 526 τὲιν
382 499 567 534 πνευματικὸν
602 499 684 533 νόμον
712 498 762 524 οὐκ
797 497 925 533 ἔφθασεν.

135 547 278 582 Ἐορτάξει
303 547 347 573 καὶ
368 545 478 581 Ἕλλην,
503 545 571 572 ἀλλὰ
601 545 672 571 κατὰ
696 544 726 571 τὺ
754 544 833 579 σῶμα
859 545 925 580 (89),

130 594 177 619 καὶ
205 593 271 624 τοὺς
299 590 396 618 ἑαυτοῦ
431 590 509 622 θεοὺς
533 599 563 616 τε
591 590 638 616 κοιί
671 589 812 625 δαίμονας·
843 586 880 616 ὦν
902 590 926 615 οἱ

132 639 181 674 μὲν
206 639 262 664 εἰσὶ
287 637 381 665 παθῶν
405 636 568 672 δημιουργοὶ
599 636 658 663 κατ’
683 637 780 667 αὐτοὺς
796 636 926 668 ἐκείνους,

132 687 155 710 οἱ
181 684 210 711 δὲ
237 685 271 710 ἐκ
296 683 389 710 παθῶν
414 682 596 718 ἐτιμήθησαν.
629 678 681 708 Auli
701 682 780 708 τοῦτο
807 682 928 718 ἐμπαθὲς

98 743 100 745 >
132 729 221 756 αὐτῶν
250 729 299 756 καὶ
317 729 348 755 τὸ
372 729 522 764 ἑορτάζειν·
548 728 580 754 ἵν’
631 727 698 763 τιμὴ
715 727 782 754 Θεοῦ
793 728 823 754 τὸ
840 728 928 763 ἁμαρ-

132 776 234 807 τάνειν,
259 775 328 810 πρὸς
348 775 377 801 ὃν
404 774 574 809 καταφεύγει
601 773 631 800 τὸ
650 773 746 805 πάῦος,
777 773 814 805 ὡς
832 782 928 808 σεμνο-

133 822 251 856 λόγημα.
276 820 460 856 Ἐορτάζομεν
477 820 533 853 (90)
554 820 600 846 καὶ
632 820 722 854 ἡμεῖς,
737 819 794 845 ἀλλ’
808 819 845 850 ὡς
857 819 930 846 δοκεῖ

133 867 170 902 τῷ
193 866 346 901 Πνεύματι.
373 867 452 892 Δοκεῖ
475 865 546 900 δὲ,ῆ
574 864 702 898 λέγοντάς
729 873 755 890 τι
787 864 840 891 τῶν
855 865 928 891 δεόν-

976 270 1110 303 monihus,
1138 271 1171 302 is,
1196 271 1239 305 qui
1265 271 1378 304 tempori
1405 271 1522 298 maxime
1544 273 1678 306 congruit.
1704 272 1761 300 Nec

976 317 1030 343 ulla
1054 317 1226 351 pulchritudo
1256 317 1368 351 perinde
1391 317 1601 352 pulchritudinis
1625 324 1759 345 amantctn

975 362 1104 395 oblectat,
1123 368 1153 388 ut
1166 362 1296 390 festorum
1309 368 1444 390 amantem
1457 363 1604 398 spiritualis
1618 364 1760 391 celebran-

976 408 1070 434 dnrum
1097 408 1227 435 festorum
1253 408 1331 435 ratio.
1362 409 1407 436 Sic
1421 413 1509 436 autem
1536 409 1760 437 consideremus:

976 453 1068 480 Festos
1094 453 1151 480 dies
1170 452 1278 480 Judmus
1301 454 1381 480 etiam
1400 454 1465 489 agit,
1482 461 1575 481 verum
1596 454 1672 488 juxta
1693 455 1763 482 litte-

978 507 1053 532 ratn;
1075 499 1160 534 legem
1184 500 1255 526 enim
1274 507 1432 534 corpoream
1448 506 1616 534 conscelaus,
1632 501 1664 527 ad
1683 502 1763 535 spiri—

978 544 1075 571 tualein
1103 544 1186 580 legem
1213 553 1265 572 non
1289 546 1422 579 pervenit.
1453 545 1546 572 Festos
1572 554 1679 580 quoque
1707 547 1766 574 dies

978 590 1084 625 gentilis
1100 591 1165 625 agit,
1184 598 1277 618 verum
1298 590 1375 625 juxta
1398 599 1506 626 corpus,
1524 592 1642 626 deosque
1656 599 1721 620 suos
1737 598 1766 619 et.

979 636 1114 663 dmmones
1126 644 1133 668 ;
1147 644 1260 671 quorum
1277 636 1321 664 alii
1338 637 1495 664 vitiosarum
1512 637 1683 665 allectionum
1704 637 1766 666 effe-

978 686 1066 709 ctores
1080 687 1159 716 atque
1173 683 1313 709 architecti
1331 688 1404 716 sunt,
1417 685 1645 718 quemadmodum
1657 684 1767 719 ipsimet

980 733 1112 760 asserunt,
1142 728 1187 754 alii
1215 736 1246 755 ex
1279 729 1384 755 vitiosis
1416 727 1604 755 allectionibus
1634 729 1764 756 honorem

979 774 1115 801 consecuti
1140 778 1211 801 sunt.
1232 774 1412 806 Quatuobrem
1433 774 1527 801 modus
1547 774 1627 800 etiam
1643 774 1696 807 ille,
1712 782 1766 808 quo

980 817 1048 846 festa
1063 819 1212 851 celebrant,
1228 827 1287 846 cum
1312 820 1417 847 vitiosis
1444 819 1632 847 all‘cctionibus
1650 819 1765 854 conjun-

981 870 1040 890 ctus
1054 869 1110 896 est;
1127 869 1154 890 ut
1176 864 1227 891 hoc
1242 865 1327 899 ipsum
1343 865 1414 899 quod
1431 869 1553 899 peccant,
1579 865 1605 892 in
1621 864 1667 892 Dei
1684 866 1768 891 hono-

134 921 195 944 των,
221 913 238 948 ἢ
266 912 450 948 πράττοντας.
475 911 529 938 Καὶ
546 910 625 937 τοῦτό
647 911 706 936 ἐστι
735 909 765 936 τὸ
791 909 929 946 ἑορτάζειν

984 917 1037 936 rem
1063 910 1151 943 cedat,
1168 911 1200 936 ad
1223 917 1302 944 quem
1337 911 1444 942 vitium,
1473 910 1550 945 quasi
1577 918 1620 937 res
1645 910 1768 946 quaedam

135 957 309 992 ήμῶν,ψυχῇ
338 965 363 983 τι
390 955 554 991 θησαυρίσαι
576 954 630 981 τῶν
653 954 777 981 ἑστώτων
796 954 843 980 καὶ
860 963 929 990 κρα-

135 1003 284 1038 τουμένων,
303 1002 370 1029 ἀλλὰ
393 1001 431 1038 μὴ
451 1001 505 1027 τῶν
537 999 753 1035 ὑποχωρούντων
771 1000 817 1026 καὶ
833 999 931 1035 λυομέ-

136 1059 197 1082 νων,
225 1050 275 1076 καὶ
301 1049 389 1085 μικρὰ
413 1048 559 1075 σαινόντων
582 1047 631 1082 τὴν
656 1046 836 1082 αῖσθησιν,τὰ
847 1046 930 1072 πλείω

137 1095 174 1126 δὲ.
196 1095 403 1131 λυμαινομένων
431 1103 461 1120 τε
475 1094 523 1120 καὶ
547 1093 729 1128 βλαπτόντων,
755 1092 826 1119 κατά
838 1100 870 1126 γε
886 1092 931 1118 τὸν

139 1139 202 1174 ὲμὸν
226 1140 317 1174 λόγον.
341 1139 466 1175 Ἀρκετὺν
481 1138 536 1173 γὰρ
553 1138 609 1172 (91)
632 1137 671 1171 τῷ
692 1137 799 1172 σώματι
813 1138 830 1172 ὴ
848 1137 931 1164 κακία

139 1186 230 1214 αὑτοῦ.
259 1187 308 1218 Τί,
323 1186 352 1212 δὲ
380 1186 421 1212 δεῖ
443 1186 476 1221 τῇ
497 1184 577 1219 φλογὶ
603 1183 724 1214 πλείονος
750 1183 827 1218 ὕλης,
850 1182 866 1218 ἦ
894 1182 931 1218 τῷ

140 1231 223 1268 θηρίῳ
251 1231 451 1266 δαψιλεστέρας
475 1230 590 1266 τροφῆς,
617 1229 660 1255 ἴνα
691 1228 790 1263 μᾶλλον
816 1227 933 1254 δυσκάθ-

139 1285 214 1304 εκτον
244 1277 358 1312 γένηται
395 1276 450 1311 (9‘2)
467 1297 474 1308 ,
507 1275 554 1302 καὶ
592 1273 640 1300 τοῦ
675 1273 808 1309 λογισμοῦ
847 1273 932 1309 βιαιό-

138 1331 213 1359 τερον
223 1332 231 1357 ;

981 956 1094 983 honesta
1114 962 1140 983 et
1163 957 1344 990 przedicanda,
1370 957 1501 992 confugit.
1522 957 1616 984 Festos
1638 957 1695 984 dies
1719 963 1769 984 nos

981 1006 1087 1034 quoque
1110 1000 1252 1034 agitamus,
1277 1007 1370 1026 verum
1395 1005 1424 1026 ttt
1450 1000 1561 1035 Spiritui
1587 1005 1693 1034 gratum
1717 1006 1768 1027 cst.

981 1043 1092 1071 Gratt‘tm
1107 1050 1149 1071 est
1174 1053 1264 1078 porro,
1282 1052 1341 1072 eam
1362 1052 1377 1071 τι
1399 1045 1476 1072 nobis
1498 1045 1628 1072 rationem
1647 1045 1721 1077 iniri,
1741 1049 1770 1072 ut

981 1096 1084 1122 eorum,
1105 1098 1165 1124 qua:
1183 1090 1215 1116 ad
1234 1090 1331 1117 festum
1355 1091 1499 1124 pertinent,
1518 1090 1559 1117 vel
1582 1090 1682 1124 aliquid
1697 1090 1770 1117 dica-

983 1144 1042 1163 mus
1065 1137 1105 1163 vel
1127 1144 1248 1171 agamus.
1267 1136 1321 1163 Nec
1347 1135 1439 1164 feriari
1471 1142 1592 1164 nostrum
1621 1137 1769 1172 quidquam

979 1181 1116 1214 estaliud,
1143 1190 1225 1216 quam
1250 1183 1347 1210 animae
1375 1182 1476 1218 aliquid
1507 1191 1600 1210 eoruut
1629 1191 1769 1219 aggerere,

980 1236 1040 1262 qua:
1057 1229 1133 1256 firma
1152 1233 1179 1256 et
1196 1229 1303 1256 stabilia
1322 1235 1394 1262 sunt,
1411 1238 1442 1256 ac
1460 1234 1600 1261 tenentur,
1614 1238 1666 1257 non
1679 1239 1711 1257 ea
1724 1239 1772 1257 au-

981 1282 1034 1302 tent
1057 1283 1116 1310 quze
1134 1275 1282 1311 suﬂ’ugiunt
1303 1281 1332 1303 et
1351 1276 1517 1309 dilabuntur,
1536 1277 1685 1312 leviterque
1701 1277 1770 1304 duit-

982 1326 1057 1348 taxat
1069 1329 1177 1349 sensum
1192 1321 1356 1354 deutulcent,
1375 1330 1470 1357 magna
1484 1329 1548 1350 vero
1563 1330 1597 1350 ex
1612 1328 1698 1357 parte,
1713 1330 1772 1350 meo

140 1370 244 1404 quidem
261 1369 378 1404 judicio,
394 1374 421 1397 et
443 1368 615 1400 labefactant,
631 1372 658 1394 et
673 1375 770 1394 noxam
797 1366 926 1394 inferunt.
949 1366 1052 1395 Sullicit
1068 1368 1139 1394 enim
1171 1369 1276 1402 corpori
1295 1368 1398 1395 malitia
1429 1376 1477 1396 sua
1503 1368 1535 1394 ³³.
1570 1367 1639 1400 Quid
1659 1367 1774 1396 ﬂamma

140 1415 266 1450 ampliore
282 1416 398 1443 materia
415 1423 483 1447 opus
496 1419 548 1445 est,
563 1420 609 1442 aut
629 1414 722 1441 bellua)
757 1412 838 1448 732
856 1412 1001 1448 copiosiori
1035 1415 1171 1447 alimento,
1193 1420 1222 1442 ut
1243 1414 1408 1447 eil‘renatior,
1439 1423 1471 1442 ac
1492 1415 1595 1444 ratione
1633 1415 1774 1443 violentior

141 1461 284 1488 reddatur?

173 1507 210 1534 B’.
238 1507 290 1534 Διὰ
311 1507 397 1534 ταῦτα
423 1507 472 1542 μὲν
486 1504 533 1533 οὖν
557 1505 717 1542 ὲορταστέον
728 1505 930 1540 πνευματικῶς.

1020 1506 1051 1533 ll.
1082 1506 1214 1538 Quocirca
1241 1505 1319 1533 nobis
1341 1505 1517 1541 spiritualiter
1549 1505 1697 1535 feriandum
1721 1511 1771 1534 est.

147 1553 226 1589 ’λρχὴ
249 1553 278 1579 δὲ
314 1552 361 1579 τοῦ
389 1552 469 1587 λόγου
488 1552 596 1588 (ῥητέον
621 1552 686 1587 γὰρ,
711 1552 759 1578 καὶ
789 1552 812 1578 εί
834 1551 932 1587 μικρόν

984 1552 1120 1580 Orationis
1145 1560 1226 1588 porro
1261 1553 1401 1580 exordium
1426 1552 1478 1580 erit
1508 1552 1660 1587 huiusmodi
1683 1553 1776 1589 (liceat

143 1608 168 1626 τι
189 1597 464 1636 παρεκὸατικώτερος
488 1599 556 1634 ἡμῖν
582 1599 597 1624 ό
622 1597 710 1632 λόγος,
727 1598 774 1623 καὶ
790 1596 933 1632 φιλοπονη-

142 1646 198 1672 -ξέον
227 1646 284 1678 τοῖς
313 1645 474 1680 φιλολόγοις,
507 1644 541 1671 ἵν’
576 1643 671 1679 ὥσπερ
697 1644 807 1678 ἥδυσμά
841 1652 866 1670 τι
900 1644 932 1678 τῇ

145 1691 292 1728 πανηγύρει
327 1690 596 1726 συγκαταμίξωμεν)·
619 1690 673 1725 Τὴν
703 1689 836 1724 ἑϐδομάδα
849 1688 935 1723 τιμῶ-

146 1747 185 1764 σιν
200 1738 333 1774 Ἐϐραίων
356 1738 460 1769 παῖδες,
482 1738 514 1764 ὲκ
542 1736 589 1772 τῆς
609 1735 748 1767 Μωῡσέως
764 1735 932 1770 νομοθεσίας,

146 1785 234 1819 ὥσπερ
261 1785 285 1810 οί
313 1783 497 1818 Πυθαγορικοὶ
511 1782 566 1817 (93)
583 1781 632 1817 τὴν
645 1781 796 1817 τετρακτὺν
810 1780 934 1816 ὕστερον,

146 1830 176 1864 ῆν
195 1830 225 1866 δὴ
248 1830 304 1866 (94)
331 1830 378 1856 καὶ
393 1830 473 1865 ὅρκον
491 1829 651 1864 πεποίηνται
662 1836 668 1842 ”
695 1827 740 1854 καὶ
758 1827 807 1863 τὴν
822 1826 935 1860 όγδοάδα

147 1875 190 1902 καὶ
208 1876 355 1911 τριακάδα,
386 1876 409 1902 οἱ
442 1875 496 1902 ἀπὸ
525 1874 656 1909 Σίμωνος.
688 1874 734 1900 καὶ
761 1873 934 1908 Μαρκίωνος,

147 1919 184 1954 οἷς
203 1923 234 1959 δὴ
256 1923 304 1950 καὶ
335 1921 495 1957 ἰσαρίθμους
509 1921 584 1952 τινὰς
609 1918 714 1951 Αῐῶνας
727 1919 934 1954 ἐπονομάζουσι,

149 1969 191 1996 καὶ
214 1970 343 2003 τιμῶσιν.
375 1969 433 1995 Οὐκ
455 1965 514 1994 οἶδα
541 1967 590 2002 μὲν
613 1963 712 1992 οἷστισι
731 1965 820 1999 λόγοις
838 1965 936 1992 ἀναλο-

148 2014 214 2048 γίας.
237 2015 254 2051 ἢ
287 2014 362 2042 κατὰ
381 2015 443 2041 τινα
460 2013 507 2040 τοῦ
540 2012 659 2048 ἀριθμοῦ
685 2011 779 2038 τούτου
810 2011 935 2046 δύναμιν,

148 2060 242 2094 τιμῶσι
254 2060 277 2086 δ’
304 2058 362 2086 οὖν.
390 2060 426 2086 Τὸ
455 2059 505 2094 μὲν
534 2057 678 2093 πρόδηλον,
705 2056 745 2082 ὅτι
772 2057 800 2082 ἐν
818 2055 848 2088 ἓξ
873 2055 937 2090 ἠμέ-

150 2114 206 2141 pst;
221 2108 235 2133 ὁ
254 2106 323 2138 eas;
346 2106 396 2141 τὴν
421 2105 488 2140 ὓλην
512 2104 670 2139 ὑποστήσας
699 2112 728 2129 τε
754 2102 801 2129 καὶ
826 2103 937 2137 μορφώ-

151 2159 205 2183 σας,
232 2152 280 2178 καὶ
303 2151 493 2186 διακοσμήσας
522 2149 664 2179 παντοίοις
688 2148 771 2174 εἴδεσι
801 2148 846 2174 καὶ
873 2156 937 2181 συγ-

151 2197 271 2231 κρίμασι,
298 2197 348 2223 καὶ
375 2195 421 2222 τὸν
453 2194 501 2222 νῦν
534 2193 673 2230 ὁρώμενον
708 2193 801 2219 τοῦτον
836 2192 937 2227 κόσμον

987 1600 1058 1626 enim
1083 1600 1146 1626 hinc
1175 1599 1320 1635 auspicari,
1349 1599 1455 1626 etiamsi
1485 1600 1519 1627 ab
1547 1599 1670 1628 instituto
1690 1607 1774 1635 argu-

987 1650 1077 1672 mento
1096 1645 1140 1671 hic
1156 1653 1244 1672 sermo
1255 1645 1388 1681 {nonnihil
1410 1645 1514 1680 digredi
1536 1645 1670 1679 videatur,
1696 1652 1776 1682 atque

988 1691 1014 1718 in
1030 1691 1210 1718 studiosorum
1226 1692 1339 1727 gratiam
1365 1691 1515 1724 elaborare,
1534 1697 1565 1719 ut
1586 1693 1658 1720 velut
1679 1694 1776 1721 condi-

989 1742 1108 1764 mentum
1126 1738 1262 1772 quoddam
1279 1738 1359 1772 hujus
1376 1738 1429 1765 diei
1445 1738 1610 1766 soleutnitati
1627 1739 1776 1767 admiscea-

989 1783 1285 1817 mus):Septenarium
1313 1791 1465 1816 numerum,
1493 1792 1525 1812 ex
1561 1785 1627 1820 legis
1653 1785 1777 1813 Mosaicae

991 1829 1163 1862 praescripto,
1180 1828 1285 1856 Hebraei
1307 1830 1333 1856 in
1345 1822 1459 1858 "honore
1472 1830 1582 1861 habent.
1601 1832 1777 1864 quemadmo-

990 1873 1052 1900 dum
1079 1879 1170 1908 poslea
1198 1873 1360 1909 Pythagorei
1385 1875 1600 1909 quaternarium,
1630 1883 1680 1909 per
1696 1883 1776 1910 quem

989 1919 1070 1946 etiam
1096 1919 1191 1953 jurare
1209 1925 1430 1954 consueverant;
1455 1925 1537 1955 atque
1553 1921 1723 1948 octonarium
1750 1927 1778 1949 et

991 1965 1162 1992 triccuarium
1201 1965 1350 1993 Simoniani
1392 1974 1424 1993 ac
1467 1966 1644 1998 Marcionita,
1678 1967 1778 2002 quibus

990 2012 1070 2038 etiatn
1090 2017 1118 2038 et
1131 2019 1222 2046 parem
1234 2011 1353 2040 Eanum
1367 2019 1511 2040 numerum
1530 2012 1670 2048 assignant
1689 2017 1717 2040 et
1731 2021 1778 2041 co-

991 2058 1057 2084 lunt.
1087 2058 1120 2085 Et
1147 2058 1276 2092 quidem,
1300 2066 1352 2093 qua
1376 2058 1561 2093 proportionis
1589 2058 1703 2093 ratione,
1731 2064 1779 2086 aut

991 2109 1100 2139 propter
1115 2112 1193 2138 quam
1212 2103 1290 2138 hujus
1302 2104 1409 2131 numeri
1427 2105 1479 2131 vim
1496 2112 1528 2131 ac
1542 2104 1702 2139 potentiam,
1716 2112 1779 2132 ettm

993 2150 1018 2177 in
1043 2150 1130 2185 pretio
1146 2151 1274 2183 habeant,
1303 2152 1375 2189 haud
1396 2151 1462 2184 scio,
1489 2151 1534 2178 sed
1553 2157 1640 2178 tamen
1666 2151 1778 2179 habent.

993 2195 1152 2230 Quanquam
1169 2203 1201 2222 ea
1217 2195 1359 2230 perspicua
1376 2203 1456 2223 causa
1474 2195 1564 2223 allerri
1587 2200 1685 2230 potest.
1707 2197 1779 2231 quod

141 2243 272 2278 ’ποιήσας,
288 2244 324 2278 τῇ
341 2242 441 2277 ἑϐδόμῃ
456 2241 627 2268 κατέπαυσεν
641 2239 694 2275 (93)
711 2239 764 2266 ἀπὸ
775 2238 828 2265 τῶν
839 2239 932 2274 ἔργων.

992 2249 1052 2267 cunt
1076 2242 1144 2268 Deus
1161 2249 1208 2269 sex
1221 2242 1325 2269 dierum
1342 2243 1429 2277 spatio
1448 2245 1590 2269 materiam
1607 2242 1781 2276 produxisset

151 2288 186 2320 ὼς
207 2289 281 2324 δηλοί
300 2288 349 2315 καὶ
376 2289 392 2323 ὴ
417 2287 464 2314 τοῦ
494 2286 635 2314 Σαόϐἀτου
673 2285 843 2322 προσηγορία
871 2284 939 2319 (96),

153 2334 339 2362 κατάπαυσιν
355 2334 509 2370 Ἐὃραῖκῶς
538 2333 720 2369 σημαίνουσα.
749 2332 779 2358 Εἰ
797 2331 826 2357 δὲ
836 2340 877 2362 τις
895 2331 942 2357 καὶ

125 2394 129 2397 -
153 2380 313 2416 ὑψηλότερος
340 2382 404 2416 περὶ
427 2380 513 2407 ταῦτα
543 2380 633 2413 λόγος,
658 2378 732 2405 ἄλλοι
751 2377 943 2412 φιλοσοφείτω-

154 2434 210 2453 σαν.
241 2427 273 2454 Ἡ
307 2427 374 2462 τιμὴ
395 2426 423 2453 δὲ
445 2427 546 2458 αὐτοῖς,
576 2426 626 2452 οὐκ
655 2426 684 2452 ὲν
711 2424 828 2459 ἡμέραις
852 2423 941 2458 μόνον,

154 2471 217 2499 ἀλλὰ
245 2473 294 2500 καὶ
312 2474 354 2504 είς
379 2473 517 2504 ἐνιαυτοὺς
533 2472 680 2507 φθάνουσα.
710 2471 742 2496 'H
768 2470 816 2505 μὲν
832 2467 878 2496 οὖν
891 2469 944 2495 τῶν

189 2529 211 2546 ³³
231 2530 327 2558 Matth.
347 2538 384 2561 vl,
405 2530 448 2557 54.
488 2529 510 2545 ³⁸
521 2529 591 2557 Gen.
614 2536 634 2561 ι,
651 2529 663 2554 l
696 2535 756 2562 sqq.

199 2587 242 2623 88)
263 2588 374 2621 Λόγων.
395 2587 490 2620 Savil.,
504 2588 593 2621 λόγος.
663 2621 669 2623 _
801 2619 805 2623 η

200 2617 244 2657 89)
261 2617 342 2650 Κατὰ
357 2623 390 2649 τὸ
403 2617 500 2658 σῶμά.
517 2617 624 2650 Nicetas
648 2621 687 2647 sic
711 2619 820 2658 exponit
838 2628 845 2646 :
863 2629 872 2644 ι
889 2617 937 2645 διι-

156 2655 266 2695 cundtint
288 2665 433 2695 corporeos
448 2655 534 2695 animi
554 2662 652 2688 motus,
674 2659 701 2682 et
724 2655 883 2695 voluptates,
908 2661 939 2679 ac

157 2693 299 2719 secundum
312 2690 442 2720 obscenos
455 2693 567 2720 allectus
580 2699 685 2723 eorum,
700 2690 745 2724 qui
760 2690 795 2716 ab
811 2690 876 2722 ipsis
891 2696 939 2722 pro

157 2726 208 2787 aiis
223 2727 357 2757 coluntur.
380 2736 395 2754 a
413 2729 489 2756 nobis
513 2733 603 2755 autem
629 2734 677 2761 pro
700 2725 866 2752 dcemonihns
891 2726 930 2750 ha-

176 2765 262 2787 enlur.
275 2771 285 2787 ι

176 2765 262 2790 ειιιιιτ,
275 2771 285 2787 ι

193 2796 247 2833 (99)
272 2797 470 2832 Ἐορτάζομεν.
487 2798 553 2833 Reg.
569 2798 624 2829 bin,
641 2795 822 2831 ἑορτάζωμεν.

193 2831 247 2868 (9!)
267 2831 338 2868 Γᾴῤ.
358 2831 435 2861 Deest
450 2834 475 2860 in
495 2831 561 2868 Reg.
577 2834 622 2867 pb.

161 2866 248 2927 ι⁸(ξὶξ)
269 2867 403 2902 Γένηται.
430 2868 511 2896 Coisl.
528 2866 547 2895 1⁷
563 2868 654 2900 addit,
680 2866 711 2893 τὺ
737 2866 831 2898 κακόν,
861 2874 869 2890 ι
885 2872 943 2892 ma-

191 2909 196 2927 t
218 2911 244 2927 .»

991 2293 1018 2314 et
1042 2287 1224 2320 iuformasset,
1251 2292 1332 2323 atque
1350 2291 1438 2316 omnis
1458 2288 1564 2322 generis
1587 2289 1727 2322 speciebus
1751 2293 1780 2314 et

991 2333 1225 2361 COIIlnIlSliOnihlls
1254 2339 1433 2366 exorttasset,
1465 2334 1648 2367 mundumque
1686 2333 1776 2364 hunc.

992 2387 1071 2413 quem
1088 2387 1158 2407 nunc
1171 2381 1319 2413 cernimus,
1347 2379 1514 2408 condidisset
1547 2379 1570 2394 “
1581 2399 1588 2411 ,
1605 2379 1721 2413 septimo
1735 2379 1780 2406 die

993 2424 1027 2449 ab
1054 2425 1180 2458 operibus
1205 2425 1362 2460 conquievit.
1395 2425 1436 2457 ³⁵,
1463 2425 1535 2452 velut
1560 2424 1646 2458 ipsum
1672 2431 1780 2459 quoque

994 2469 1104 2497 Sabbati
1122 2478 1218 2499 nomen
1235 2471 1346 2505 indicat,
1370 2472 1480 2507 quietem
1501 2470 1614 2498 Hebraea
1630 2470 1729 2505 'lingua
1742 2471 1780 2498 si-

795 2526 816 2542 "
832 2526 898 2554 Gen.
914 2534 943 2558 ιι,
964 2527 992 2553 5.

1031 2583 1087 2618 (95)
1106 2584 1141 2618 οἱ
1163 2581 1440 2618 Πυθαγορικοίηξὶσ
1468 2586 1523 2618 tres
1552 2581 1646 2617 Begg.,
1664 2585 1782 2616 quatuor

993 2618 1081 2649 Colb..
1099 2617 1144 2645 0r.
1164 2619 1187 2648 i,
1200 2623 1253 2644 etc.
1272 2617 1351 2644 Deest
1364 2617 1388 2642 οἱ
1406 2617 1432 2642 in
1448 2617 1491 2643 ed.

1029 2654 1084 2684 (9.5)
1107 2652 1156 2686 Δή.
1171 2652 1250 2679 Deest
1263 2652 1289 2678 in
1305 2653 1363 2683 lieg.
1382 2652 1424 2677 hm
1440 2656 1467 2677 et
1482 2650 1528 2677 0r.
1543 2651 1568 2678 L

1029 2688 1085 2724 (93)
1106 2687 1311 2724 Κατέπαυσεν.
1325 2686 1410 2721 Regg.
1425 2687 1480 2719 but,
1495 2687 1541 2720 pb,
1558 2686 1658 2721 aliique
1678 2686 1780 2721 plures.

995 2731 1156 2750 καταπαυει.

1031 2758 1086 2793 (96)
1108 2758 1138 2784 Ἠ
1150 2757 1202 2784 τοῦ
1219 2757 1369 2784 Σαϐϐἀτου
1385 2757 1579 2793 προσηγορία.
1593 2756 1700 2792 «Ipsum
1718 2756 1784 2783 Sab-

995 2792 1051 2822 bati
1077 2800 1208 2819 nomen.)
1236 2793 1265 2819 ln
1293 2792 1403 2820 Hebraea
1433 2792 1522 2826 lingua
1552 2796 1618 2821 me:
1646 2792 1783 2826 signiﬁcat

999 2838 1008 2855 ι
1023 2828 1134 2869 quievit.
1149 2837 1158 2853 ι
1175 2836 1206 2856 ex
1220 2835 1273 2863 quo
1291 2827 1428 2856 derivatur
1443 2835 1491 2855 vox
1503 2827 1662 2860 Sabbatutn,
1680 2827 1783 2862 id‘est,

999 2874 1008 2890 ι
1024 2871 1109 2898 quies.
1124 2872 1133 2888 ι

1021 2956 1027 2968 ἱ
