2013 3134
230 167 277 194 451

827 161 857 190 S.
878 160 1042 190 GREGORII
1062 159 1236 189 THEOLOGI

1801 158 1850 186 452

229 224 370 259 gniﬁcans.
393 222 469 256 Quod
489 221 510 250 si
532 221 606 249 circa
634 228 691 248 meo
722 221 863 248 sublimior
891 220 1012 254 qrmlam

1069 219 1186 255 ἡμερῶν,
1201 219 1232 245 τὸ
1255 218 1404 251 Σάϐϐατον,
1423 217 1501 245 τοῦτο
1514 217 1591 253 δηλοῖ
1610 216 1641 244 τὺ
1665 217 1720 252 (97)
1736 217 1854 251 συνεχῶς

229 273 270 296 est
286 268 365 301 ratio,
381 268 424 294 alii
439 274 497 294 eam
514 266 659 301 explicent.
684 265 770 292 Porro
786 266 829 292 hic
844 266 931 293 honor
944 267 1013 300 apud

230 321 288 347 eos,
309 321 362 341 non
377 313 404 340 in
420 312 514 340 diebus
534 316 639 338 tantum
654 315 704 342 est,
720 310 766 337 sed
790 310 821 336 ad
847 318 932 338 annos
947 318 1014 345 quo-

229 369 281 394 que
291 360 446 394 porrigitur.
461 359 499 385 Ac
510 358 612 384 dierum
624 357 732 392 quidem
748 357 844 388 honor,
864 356 1011 384 Sabbatum

229 410 270 434 est
284 406 306 421 “
320 415 329 439 ;
343 406 394 432 hoc
419 404 547 435 declarat,
570 404 640 438 quod
655 403 724 438 apud
748 403 821 438 ipsos
836 403 862 430 in
885 407 1015 437 perpetrm

229 453 332 479 honore
344 455 402 484 est;
417 450 461 477 cui
484 450 565 476 etiam
582 449 706 476 fermenti
722 449 838 476 sublatio
854 454 936 482 atque
950 448 1015 474 sub-

230 497 313 524 motio
331 496 388 528 pari
403 496 508 523 dierum
522 502 636 522 numero
647 498 798 529 respondet.
813 494 952 520 Annorum
967 501 1015 520 au-

231 549 284 572 tem
309 543 406 575 honor,
431 542 599 577 septenarius
623 541 667 568 ille
690 540 858 568 remissionis
878 547 964 567 annus
981 539 1014 566 ³⁷.

229 590 286 618 Nec
300 589 401 616 veroin
420 587 598 615 hebdomadis
621 587 720 619 solum,
738 587 785 613 sed
801 586 882 612 etiam
904 586 930 612 in
947 585 1013 612 heb~

230 634 403 662 domadarum
419 632 603 664 hebdomadis,
618 631 643 658 in
661 631 756 658 diebus
770 630 847 665 juxta
867 635 949 663 atque
964 638 1013 657 an-

229 682 280 708 nis.
298 681 442 707 Enimvero
460 678 564 706 dierum
578 677 760 705 ltebdomades
775 676 950 704 Pentecosten
966 683 1014 710 pa-

229 728 312 758 riunt,
329 730 450 753 sanctum
476 725 546 752 diem
564 724 633 759 apud
656 723 716 751 illos
741 726 924 758 nuncupatum
944 731 950 749 :
969 730 1017 749 an-

229 780 323 799 norum
348 776 437 799 autem
467 771 634 806 septimame,
664 769 797 796 Jubiicum
824 776 924 795 annum
948 769 1018 796 sicut

234 818 284 853 ipsi
300 817 449 849 nominant,
465 823 550 851 irque,
567 821 622 843 tum
641 820 719 843 terrae
744 814 943 845 remissionem,
958 818 1015 840 tum

228 871 367 891 servorum
388 862 628 889 mattnmissionem
653 860 830 893 obtinentem,
848 864 875 887 et
899 859 1014 894 pradio-

1065 266 1129 302 παρ’
1152 266 1244 297 αὐτοῖς
1262 265 1426 300 τιμώμενον,
1453 264 1520 292 καθὸ
1548 264 1595 290 καὶ
1614 264 1631 299 ἡ
1650 264 1700 298 τῆς
1711 262 1854 298 ζύμηςᾶρ-

1067 321 1109 345 σις
1137 312 1290 348 ἰσάριθμος·
1307 312 1364 347 ἠδὲ
1379 311 1432 338 τῶν
1447 311 1526 343 ἐτῶν,
1544 311 1558 337 ὁ
1575 309 1754 345 ἐϐδοματικὸς
1767 311 1854 336 ἐνιαυα

1064 360 1110 390 τὸς
1136 359 1186 394 τῆς
1204 357 1338 392 ἀφέσεως.
1368 358 1423 384 Καὶ
1456 357 1507 396 οὐκ
1541 357 1570 383 ὲν
1604 355 1733 391 ἑϐδομάσι
1766 355 1852 390 μόνον,

1065 404 1132 431 ἀλλὰ
1154 405 1201 431 καὶ
1223 405 1252 430 ἐν
1272 403 1416 438 ἑϐδομάσιν
1447 402 1612 438 ἑϐδομάδων,
1644 401 1745 437 ὁμοίως
1770 400 1798 427 ἕν
1824 409 1853 427 τε

1065 451 1182 486 ἡμέραις
1212 450 1258 476 καὶ
1284 449 1380 475 ἔτεσιν.
1399 449 1432 474 Αἱ
1456 448 1505 484 μὲν
1529 445 1576 474 οὖν
1604 447 1658 474 τῶν
1677 446 1788 482 ἡμερῶν
1804 446 1854 472 ἑσ-

1065 497 1180 531 δομὰὃες
1206 495 1320 530 γεννῶσι
1344 495 1392 530 τὴν
1419 494 1621 530 Πεντηκοστὴν,
1651 492 1753 528 κλητὴν
1776 492 1853 526 ἁγίαν

1066 541 1132 577 παρ’
1154 541 1244 572 αὐτοῖς
1272 540 1387 575 ἡμέραιν
1408 540 1435 566 al
1458 539 1486 565 δὲ
1511 538 1564 565 τῶν
1588 538 1666 569 ἐτῶν,
1694 537 1740 564 τὸν
1765 537 1853 563 Ἰωὸυ-

1065 587 1141 614 λαῖον
1152 587 1208 621 (98)
1239 586 1303 622 παρ’
1334 586 1425 617 αὐτοῖς
1451 585 1661 620 ὀνομαζόμενον,
1683 584 1783 619 ὁμοίως
1805 584 1854 618 γῆς

1066 641 1095 658 τε
1123 632 1220 666 ἄφεσιν
1252 631 1356 666 ἔχοντα,
1387 630 1436 656 καὶ
1471 629 1586 656 δούλων*
1608 629 1775 664 ἐλευθερίαν,
1809 629 1854 656 καὶ

1067 677 1188 711 κτήσεων
1209 676 1321 711 ὠνητῶν
1344 674 1526 711 ἀναχώρησιν.
1560 673 1725 708 Καθιεροῦσι
1744 673 1808 709 γὰρ,
1824 674 1854 700 οὐ

1067 721 1243 756 γεννημάτων
1271 721 1326 756 (99)
1364 721 1454 756 μόνον,
1496 720 1556 747 οὐδὲ
1593 719 1774 755 προτοτὸκων,
1801 719 1856 746 ἀλλ’

1067 767 1117 803 ἤδη
1148 768 1195 794 καὶ
1217 767 1328 802 ἡμερῶν
1355 767 1402 794 καὶ
1431 768 1498 793 ὲτων
1514 766 1641 802 ἀπαρχὰς
1660 766 1699 801 τῷ
1710 766 1769 801 Θεῷ
1781 765 1858 792 τοῦτο

1067 813 1098 839 τὸ
1119 813 1206 847 γένος.
1234 813 1326 844 Οὕτως
1357 814 1371 839 ὁ
1403 812 1472 839 ἐτι-τὰ
1500 811 1654 847 τιμώμενος
1670 812 1786 847 ἀριθμὸς
1809 813 1857 846 τὴν

1067 860 1150 894 τιμὴν
1171 859 1220 893 τῆς
1237 859 1427 894 Πεντηκοστῆς
1442 859 1648 894 συνεισήγαγεν.
1667 857 1697 884 '0
1718 857 1773 893 γὰρ
1791 857 1857 884 ἑπτὰ

228 915 288 934 rum
303 911 437 942 emptores
449 907 619 941 possessione
627 913 674 933 sua
685 905 816 932 excedere
828 908 969 939 cogentem
980 904 1013 931 "'.

1069 904 1116 930 ἐπὶ
1145 904 1240 930 ἑαυτὸν
1265 904 1464 939 συντιθέμενος,
1496 905 1576 939 γεννᾷ
1604 903 1649 930 τὸν
1678 904 1855 938 πεντήκοντα,

227 952 296 980 Nam
310 953 368 979 haec
383 951 468 982 natio,
482 958 534 977 non
550 950 629 978 modo
651 949 758 984 frugum
773 953 801 976 et
822 948 1015 983 primogenito-

227 1004 298 1030 rum,
315 996 362 1024 sed
376 995 479 1023 dierum
504 995 584 1022 etiam
601 999 628 1021 et
653 1001 786 1021 annorum
807 993 940 1028 primitias
961 992 1016 1019 Deo

228 1046 378 1070 consecrat.
394 1042 432 1069 Eo
455 1042 526 1069 cultu
553 1040 712 1068 venerabilis
731 1040 898 1074 septenarius
923 1046 1017 1066 nume-

229 1095 286 1121 rus,
305 1087 479 1116 Pentecosles
495 1087 595 1114 cultum
612 1093 666 1113 una
684 1092 775 1112 secum
788 1085 900 1112 invexit.
919 1083 1014 1118 Septe-

227 1134 320 1161 narius
342 1133 414 1161 enim
432 1133 459 1159 in
481 1133 598 1167 seipsum
623 1132 730 1163 ductus,
754 1129 1016 1164 quinquagenarium

228 1177 323 1212 gignit,
339 1184 392 1203 uno
404 1177 448 1203 die
460 1181 585 1211 excepto,
603 1183 682 1210 quem
698 1183 731 1201 ex
749 1175 838 1202 l‘uturo
861 1175 959 1202 szeculo
973 1181 1018 1200 as-

227 1221 402 1254 sumpslmus,
418 1225 545 1247 octavum
566 1219 690 1247 eumdem
714 1224 742 1246 et
765 1220 902 1254 primum;
924 1219 976 1252 vel,
991 1223 1020 1245 ut

1071 951 1136 986 μιᾶς
1165 950 1277 985 δεούσης
1306 950 1424 986 ἡμέρας,
1451 951 1484 985 ἢν
1504 952 1536 977 ὲκ
1561 949 1608 976 τοῦ
1640 949 1781 984 μέλλοντος
1796 949 1858 976 α.ἰῶ-

1069 1001 1114 1024 νος
1141 993 1374 1028 προσειλήφαμεν,
1401 992 1497 1027 ὀγδόην
1524 1001 1554 1019 τε
1591 990 1673 1018 οὖσαν
1696 991 1746 1027 τὴν
1777 991 1858 1026 αὐτὴν

1070 1039 1116 1065 καὶ
1141 1038 1262 1074 πρώτην,
1293 1039 1392 1073 μᾶλλον
1419 1038 1447 1065 δὲ
1475 1038 1537 1073 μίαν
1563 1037 1800 1064 καὶάκαταλυτον.
1816 1038 1858 1063 Δεῖ

1070 1084 1124 1119 γὰρ
1150 1085 1238 1110 ἐκεῖσε
1269 1084 1420 1119 καταλῆξαι
1447 1084 1492 1110 τὸν
1521 1083 1638 1110 Evn-30a
1672 1082 1859 1117 Σαϐϐατισμδν

1071 1129 1124 1156 τῶν
1153 1129 1256 1165 ψυχῶν,
1285 1130 1323 1162 ὼς
1345 1130 1454 1164 δοθῆναι
1489 1129 1596 1164 μερίδα,
1622 1129 1678 1160 τοῖς
1707 1128 1777 1154 ἑπτὰ
1808 1127 1858 1161 (ii,

1072 1175 1118 1201 καί
1141 1183 1173 1209 γε
1197 1177 1253 1207 τοῖς
1270 1175 1351 1207 ὀκτὼ,
1368 1174 1458 1206 καῢὼς
1481 1175 1531 1210 ἤδη
1557 1175 1626 1205 τινὲς
1648 1173 1702 1201 τῶν
1717 1173 1770 1209 πρὸ
1784 1173 1859 1209 ἡμῶν

1073 1220 1102 1246 τὸ
1118 1220 1318 1256 Σολομώντειον
1335 1220 1371 1255 (2)
1390 1220 1557 1255 ὲξειλήφασι.

229 1267 329 1294 rectius
350 1266 454 1301 loquar,
484 1274 567 1294 unum
590 1267 669 1302 733
690 1272 718 1294 et
741 1275 942 1301 sempiternum.
964 1267 1021 1294 illic
1055 1269 1127 1296 enim
1160 1276 1278 1304 praesens
1310 1270 1460 1295 animarum
1491 1273 1643 1295 nostrarum
1675 1267 1860 1294 Sabbatismus

229 1313 334 1341 desinat
348 1321 459 1340 necesse
477 1317 529 1345 est,
545 1317 574 1339 ut
587 1313 666 1339 detur
681 1321 753 1347 pars,
774 1313 950 1348 illis‘septem
963 1333 970 1345 ,
990 1318 1016 1341 et
1036 1314 1088 1342 illis
1120 1321 1181 1343 octo
1200 1315 1240 1348 ’9,
1259 1315 1484 1350 quemadmodum
1501 1314 1556 1349 jam
1577 1312 1696 1341 nonnulli
1728 1314 1858 1348 majorum

229 1364 382 1386 nostrorum
398 1360 469 1386 hunc
486 1359 639 1386 Salomonis
651 1360 740 1386 locum
759 1365 955 1394 exposuerunt.

263 1403 305 1432 Ill.
327 1403 484 1438 Quanquam
499 1409 588 1432 autem
608 1405 642 1433 de
656 1406 800 1440 septenarii
818 1406 919 1433 honore
932 1406 1015 1432 multa

1103 1407 1139 1433 F’.
1168 1407 1223 1442 Τῆς
1243 1406 1271 1432 δὲ
1293 1405 1339 1432 τοῦ
1363 1406 1400 1440 (5)
1428 1404 1498 1432 ἑπτὰ
1519 1405 1613 1440 τιμῆς,
1645 1404 1730 1431 πολλὰ
1758 1405 1808 1440 μὲν
1826 1405 1858 1431 τὰ

230 1451 284 1478 sint
309 1450 386 1478 nobis
411 1450 557 1485 Scriptura:
581 1450 744 1484 testimonia,
776 1458 860 1485 pauca
890 1456 979 1478 tamen
1004 1458 1019 1478 e

229 1496 321 1523 multis
332 1496 481 1530 producere
498 1495 565 1521 satis
581 1495 643 1521 erit.
661 1495 768 1530 Septem
794 1495 886 1529 itaque
910 1496 1020 1530 pretiosi

230 1541 346 1576 Spiritus
358 1541 541 1567 nominantur.
565 1540 648 1568 Isaias
663 1542 747 1574 enim,
766 1546 795 1568 ut
809 1542 915 1575 opinor,
931 1542 1020 1576 Spiri-

230 1593 272 1614 tus
288 1587 476 1621 operationes,
504 1586 621 1621 Spiritus
646 1587 781 1622 appellare
806 1589 876 1614 solet
902 1588 935 1614 ⁵ο.
956 1587 1020 1615 Elo-

231 1634 294 1668 quia
308 1634 372 1660 item
395 1632 512 1664 Domini,
533 1632 610 1666 juxta
626 1633 768 1666 Davidem,
786 1633 936 1668 septuplum
960 1641 1022 1668 pur-

237 1683 299 1714 gata
315 1683 377 1706 sunt
391 1679 424 1703 δ’.
443 1678 481 1704 Ac
497 1678 586 1711 justus
601 1685 616 1704 a
631 1678 840 1706 necessitatibus
851 1679 940 1706 sexies
954 1679 1023 1706 libe-

233 1729 310 1752 ratur
331 1724 371 1757 δ’,
389 1724 416 1750 in
431 1723 545 1758 septimo
564 1729 654 1751 autem
679 1732 712 1751 ne
734 1725 841 1758 quidem
858 1725 1018 1758 percutitur.

229 1770 370 1798 Peccatori
385 1775 486 1802 autem,
511 1777 562 1797 non
587 1770 686 1804 septies
712 1774 826 1802 tantum,
844 1770 890 1797 sed
913 1774 1019 1803 septua-

229 1817 285 1852 gies
295 1815 378 1843 etiam
395 1816 494 1850 septies
506 1823 574 1842 noxa
593 1815 742 1842 remittitur
756 1815 788 1842 ⁵³.
813 1815 850 1842 Ac
865 1823 972 1842 rursum
988 1824 1020 1844 ex

229 1863 342 1890 adversa
359 1866 436 1895 parte
449 1861 522 1897 (nam
539 1861 723 1896 improbitatis
737 1869 845 1896 quoque
861 1869 940 1896 poena
961 1862 1019 1889 Iau-

230 1908 327 1936 dabilis
352 1907 424 1942 est),
451 1907 484 1934 de
509 1906 575 1934 Cain
600 1907 708 1942 quidem
733 1908 832 1942 septies
861 1907 1020 1942 supplicium

229 1954 345 1982 sumitur
366 1953 407 1985 "'*,
431 1953 481 1980 hoc
495 1958 549 1986 est,
573 1952 699 1980 fraterna:
727 1953 808 1980 credis
825 1953 859 1980 ab
879 1961 911 1980 eo
934 1961 1021 1988 pecua:

230 2003 402 2034 repetuntur;
415 1999 447 2026 tle
462 1998 579 2026 Lamech
596 2004 684 2026 autem
701 1999 854 2034 septuagies
871 1999 970 2033 septies
982 2000 1017 2032 ⁸⁵,

229 2047 301 2080 quia,
320 2049 380 2080 post
400 2045 485 2080 legem
507 2049 532 2072 et
553 2045 818 2076 condemnationem,
839 2045 938 2072 cmdem
958 2053 1019 2080 per-

1075 1453 1223 1489 μαρτύρια,
1252 1452 1329 1486 ὀλίγα
1355 1451 1382 1478 δὲ
1408 1453 1440 1478 ἐκ
1468 1451 1573 1477 πολλῶν
1592 1452 1657 1486 ἡμῖν
1674 1450 1796 1486 ἀρκέσει.
1819 1451 1859 1483 Ὡς

1074 1499 1142 1525 ἑπτὰ
1238 1498 1287 1533 μὲν
1314 1497 1501 1533 ὀνομαζόμενα
1529 1497 1608 1532 τίμια
1632 1497 1789 1532 Πνεύματα.
1808 1497 1859 1529 Τὰς

1073 1545 1127 1581 γὰρ
1148 1544 1298 1579 ἐνεργείας.
1331 1541 1419 1579 οἶμαι,
1447 1543 1493 1570 τοῦ
1521 1542 1690 1578 Πνεύματος,
1717 1543 1860 1578 Πνεύματα

1073 1591 1149 1626 φίλον
1172 1590 1211 1625 τῷ
1236 1590 1335 1626 Ἡσαΐᾳ
1352 1590 1452 1616 καλεῖν.
1476 1589 1676 1625 Κεκαοαρμὲνα
1695 1589 1723 1615 δὲ
1739 1589 1774 1615 τὰ
1785 1589 1860 1623 λόγια

1287 1636 1358 1662 κατὰ
1381 1637 1426 1662 τὸν
1456 1635 1548 1666 Δαὸὶδ,
1575 1635 1776 1666 ἐπταπλασίως.
1808 1635 1880 1666 Kal;

1072 1637 1119 1663 τοῦ
1146 1637 1260 1672 Κυρίου,

1072 1684 1087 1710 ὁ
1111 1683 1160 1718 μὲν
1189 1683 1303 1714 δίκαιος.
1331 1682 1423 1714 ἑξάκις
1447 1682 1496 1717 μὲν
1521 1681 1558 1717 (5)
1584 1681 1613 1714 ἐξ
1638 1681 1766 1715 ἀναγκῶν
1791 1681 1860 1713 ἐξαι-

1073 1729 1213 1764 ρούμενος,
1239 1730 1267 1755 ὲν
1295 1729 1323 1755 δὲ
1344 1728 1382 1764 τῷ
1412 1719 1517 1764 ἑϐδόμῳ
1543 1727 1610 1763 μηδὲ
1621 1727 1816 1762 πλησσόμενος,
1832 1727 1860 1753 '0

1072 1775 1100 1801 δὲ
1132 1774 1302 1810 ἁμαρτωλὸς,
1329 1775 1378 1809 οὐχ
1404 1774 1518 1806 ἑπτάκις
1542 1773 1630 1809 μόνον,
1665 1773 1732 1800 ἀλλὰ
1750 1773 1796 1800 καὶ
1811 1772 1860 1799 ’ἐϐ-

1072 1819 1268 1855 δομηκοντάκις
1304 1819 1373 1846 ἑπτὰ
1411 1818 1646 1854 συγχωρούμενος.
1678 1819 1734 1845 Καὶ
1771 1819 1859 1853 μέντοι

1072 1865 1152 1892 πάλιν
1182 1866 1214 1892 ἐκ
1244 1865 1299 1892 τῶν
1322 1865 1450 1892 ἐναντίων
1466 1865 1605 1900 (ἐπαινετὴ
1629 1865 1682 1900 γὰρ
1707 1865 1754 1891 καὶ
1778 1864 1818 1900 [6]
1843 1864 1858 1899 ἠ

1071 1912 1120 1946 τῆς
1139 1912 1238 1943 κακίας
1263 1911 1395 1943 κόλασις),
1412 1910 1482 1937 Κάῖν
1500 1910 1550 1946 μὲν
1575 1909 1765 1945 ἐκδικούμενος
1779 1909 1860 1935 ἐπτά-

1071 1965 1123 1988 κις,
1157 1957 1278 1983 τουτέστι
1304 1957 1382 1988 δίκας
1413 1957 1642 1993 εἰξπραττὸμενος
1663 1957 1712 1992 τῆς
1747 1956 1858 1991 ἀδελφο-

1071 2003 1188 2033 κτονίας·
1203 2004 1216 2029 ὁ
1243 2003 1272 2029 δὲ
1301 2004 1396 2039 Λάμεχ
1412 2003 1642 2039 ἑϐδομηκοντάκις
1657 2003 1736 2034 ἑπτὰ,
1756 2004 1796 2029 ὅτι
1813 2011 1858 2036 φο-

1070 2049 1131 2080 νεὺς
1155 2047 1190 2084 ἦν
1215 2050 1283 2084 μετὰ
1307 2049 1352 2075 τὸν
1383 2050 1463 2085 νόμον
1495 2050 1542 2076 καὶ
1567 2050 1597 2076 τὸ
1628 2050 1796 2085 κατάκριμα.
1826 2050 1858 2076 0'.

230 2077 355 2126 petravit.
382 2077 482 2119 Eodem
507 2091 633 2126 pertinet,
654 2091 727 2125 quod
753 2091 786 2117 de
810 2091 901 2125 pravis
920 2077 1016 2119 vicinis

1069 2094 1097 2119 δὲ
1120 2095 1233 2130 πονηροὶ
1253 2095 1373 2129 γείτονες
1391 2095 1592 2122 ἑπταπλασίονα
1623 2097 1663 2127 εἰς
1687 2096 1733 2122 τὸν
1754 2095 1855 2122 κόλπον

229 2138 358 2172 scriptum
373 2142 424 2170 est,
439 2145 484 2164 eos
495 2136 647 2172 septuplum
663 2136 689 2163 iu
707 2137 796 2163 sinum
817 2144 896 2164 suum
914 2137 1017 2171 recipe-

230 2191 259 2211 re
276 2183 319 2217 “;
336 2184 407 2218 quod
421 2183 502 2210 etiam
518 2182 551 2208 de
576 2186 678 2216 septem
703 2181 838 2208 columnis
861 2182 883 2197 ⁵⁷
896 2202 902 2214 ,
919 2182 1019 2216 quibus

231 2229 375 2264 Sapientiae
391 2230 485 2256 domus
508 2228 619 2260 nititur;
636 2227 707 2261 quod
730 2227 762 2254 de
787 2228 897 2254 totidem
911 2229 998 2256 oculis
1009 2249 1016 2262 ,

230 2274 329 2309 quibus
356 2273 530 2301 Zorobabelis
556 2273 624 2307 lapis
649 2277 762 2300 ornatur
774 2272 807 2300 ‘8.
834 2272 904 2306 Quin
924 2274 1016 2308 etiam,

265 2356 287 2371 ³⁵
308 2356 391 2384 Exod.
409 2363 464 2387 xvr,
487 2354 531 2381 26.
571 2355 591 2370 π
605 2354 688 2382 Levit.
710 2362 772 2386 xxv,
797 2354 824 2385 .l,

230 2391 251 2406 ι’
264 2391 313 2418 Job
324 2399 349 2424 v,
364 2391 407 2418 l9.
445 2389 467 2405 “
479 2389 571 2418 Matth.
583 2389 710 2423 xvm,‘21,
723 2390 769 2416 ‘22.

229 2427 252 2442 ’⁸⁸
269 2426 349 2452 Zatlt.
372 2433 412 2458 111,
436 2425 462 2452 9.

266 2471 321 2506 (97)
345 2471 434 2498 Τοῦτο
452 2471 543 2505 δηλοῖ
555 2471 598 2498 τό.
609 2470 675 2497 Tres
689 2470 784 2506 Regg.,
796 2471 916 2498 nonnulli
929 2471 1016 2505 Colb.,

230 2508 277 2534 0r.
291 2507 316 2539 i,
335 2507 428 2534 Comb.
444 2512 471 2533 et
493 2506 567 2539 Bas.,
587 2506 665 2533 τοῦτο
688 2505 720 2540 δὴ
737 2506 777 2532 τό.
803 2507 847 2533 διο
869 2507 951 2533 etiam
977 2507 1002 2534 le

232 2547 305 2568 uerat
325 2541 429 2568 Dillius.

241 2547 305 2568 {Ul‘itl
326 2547 429 2568 UllilllS.

232 2552 305 2576 gerat
326 2552 429 2568 υΙΙΙΗΙΞ.

268 2575 323 2611 (98)
349 2576 525 2603 Ἰωϐυλαῖον.
541 2576 664 2610 Quinque
677 2575 775 2611 Regg.,
797 2575 960 2610 ἸωΕηλαῖον.

267 2611 322 2646 (99)
342 2611 549 2646 Γενγημάτων.
564 2611 657 2638 Plures
671 2610 766 2645 Regg.,
781 2611 951 2646 γενημάτων.

269 2647 307 2682 (1)
329 2646 393 2678 Τοῖς
408 2645 497 2679 ἑπτά,
520 2652 572 2673 etc.
597 2645 659 2682 Haec
681 2647 726 2682 de»
739 2646 841 2682 Ecclus.
858 2654 896 2678 xl,
912 2646 940 2678 ‘2,
958 2653 1015 2671 utu~

231 2680 305 2708 tuata
322 2686 383 2708 sunt
396 2689 411 2708 a
423 2681 565 2717 Gregorio;
581 2686 607 2707 et
620 2689 634 2707 a
647 2680 770 2717 Patribus
782 2681 938 2714 explanata,
951 2688 1018 2715 pra:-

233 2717 325 2743 sertim
339 2717 372 2742 ab
387 2715 541 2748 Ambrosio,
558 2717 604 2742 lib.
618 2723 633 2741 ν
648 2716 675 2741 in
688 2715 765 2748 Luc.,
783 2724 807 2742 c.
821 2724 858 2744 Vl.

268 2751 305 2786 (Ξ)
325 2750 553 2785 Σολοιαῦντειον.
569 2750 666 2786 §avil.,
682 2751 865 2786 Σολομοντίον.

249 2784 307 2829 Υ(5)
329 2786 386 2820 Τῆς
478 2786 541 2812 τοῦ.
569 2784 634 2819 Reg.
659 2786 702 2812 bin
727 2784 755 2812 et
781 2785 871 2818 l’ass.,
895 2787 943 2820 τῆς
970 2786 1018 2820 μὲν

233 2829 290 2848 ουν.

270 2856 307 2891 (Ir)
333 2857 380 2889 Ὡς
395 2856 478 2886 ἑπτά,
496 2862 548 2883 etc.
572 2866 580 2882 ι
595 2856 629 2884 Ut
649 2861 756 2891 septem,
766 2856 913 2883 venerandi
932 2856 1017 2889 Spiri-

233 2890 286 2925 tus,
311 2901 319 2917 1
339 2898 391 2920 etc.
415 2901 424 2917 ι
440 2891 496 2918 Non
518 2894 620 2926 quod,»
639 2891 723 2925 inquit
751 2890 866 2923 Neurus,
887 2901 894 2916 ι
916 2898 1016 2925 septem

807 2390 829 2404 '“
849 2389 915 2416 Gen.
932 2398 970 2423 ιν,
992 2389 1034 2420 15ξ

863 2354 885 2391 ξ⁸
901 2355 986 2382 il)id.8
1005 2364 1053 2391 sqq

1070 2139 1159 2165 αὐτῶν
1185 2140 1222 2174 (7)
1249 2140 1496 2176 ἀπολαμϐάνοντες·
1516 2141 1586 2167 ἑπτὰ
1615 2141 1643 2168 δὲ
1663 2141 1770 2173 στύλοις
1786 2142 1858 2175 ὁτῆς

1076 2185 1174 2219 Σοερίας
1190 2184 1263 2217 οἶκος
1290 2186 1505 2222 ὑπερειδόμενος·
1536 2187 1673 2220 τοσούτοις
1700 2188 1727 2214 δὲ
1759 2185 1859 2223 ὀφθείς).-

1071 2231 1131 2264 μοῖς
1158 2232 1172 2257 ὁ
1195 2231 1240 2257 τοῦ
1268 2232 1420 2267 Ζοροϐάϐελ
1444 2232 1516 2264 λίϐος
1541 2234 1737 2270 κοσμούμενος.
1758 2236 1857 2262 Ἐπτά-

1070 2284 1111 2307 κις
1144 2276 1172 2303 δὲ
1203 2278 1252 2312 τῆς
1283 2279 1389 2314 ἡμέρας
1417 2280 1430 2306 ὁ
1460 2278 1525 2311 Θεὸς
1546 2280 1713 2316 αἰνούμενος.
1733 2281 1787 2307 Καὶ
1804 2281 1856 2317 μὴν

1112 2357 1134 2373 ³9
1151 2358 1236 2384 ὕεα-(ηιμ.
1259 2367 1295 2387 xi.
1317 2359 1343 2385 9..

1398 2359 1419 2375 ‘°
1439 2359 1488 2386 lsa.
1509 2368 1545 2392 xi,
1568 2361 1589 2388 '2.
1647 2361 1667 2377 ⁵¹
1682 2362 1753 2389 Psal.
1774 2371 1810 2394 xt,
1829 2363 1853 2390 7.

1087 2392 1110 2409 ’⁵⁵
1126 2394 1191 2420 ibid.
1208 2394 1252 2420 24.

1310 2393 1410 2422 “Psal.
1426 2396 1588 2429 Lxxrttt,12.
1625 2397 1648 2412 ⁸⁷
1669 2396 1748 2424 Prov.
1770 2407 1806 2429 rx,
1829 2399 1854 2425 1.

1069 2474 1123 2500 sint
1141 2474 1274 2508 Spiritus;
1292 2482 1361 2501 unus
1378 2475 1449 2501 enim
1468 2480 1508 2502 est
1527 2475 1643 2509 Spiritus
1657 2483 1784 2505 sanctus:
1810 2478 1855 2503 sed

1066 2509 1173 2546 divinas
1190 2517 1284 2536 omnes
1301 2510 1510 2546 actionesqua:
1535 2512 1584 2546 ipsi
1604 2513 1703 2543 insunt,
1727 2512 1853 2546 Spiritus,

1067 2549 1095 2570 ut
1113 2545 1217 2578 opinor.
1234 2544 1346 2578 appellat
1364 2545 1504 2579 propheta.
1520 2555 1529 2571 I

1102 2580 1140 2613 (3})
1165 2578 1281 2615 Ἑξάκις
1299 2579 1366 2613 μέν.
1383 2578 1460 2607 Deest
1477 2581 1526 2615 μέν
1544 2581 1570 2607 in
1586 2580 1652 2612 Reg.
1669 2581 1703 2615 ph
1725 2585 1752 2608 et
1770 2581 1853 2608 Savil.

1065 2614 1166 2640 Aliudit
1183 2614 1330 2648 Gregorius
1350 2615 1382 2640 ad
1400 2615 1456 2642 Itale
1478 2614 1547 2647 Julii,
1561 2623 1586 2646 ν,
1604 2616 1646 2647 19,
1665 2614 1715 2642 illi
1743 2623 1790 2642 sex
1809 2617 1856 2642 tri-

1066 2648 1248 2709 lliulatipnibus
1266 2649 1390 2676 liberabit
1409 2654 1444 2683 te,
1460 2656 1487 2677 et
1503 2650 1530 2677 in
1549 2651 1663 2685 septima
1688 2659 1741 2678 non
1767 2656 1856 2686 tanget

1080 2690 1094 2709 e
1108 2692 1149 2709 Ilia
1163 2692 1217 2709 um.
1230 2694 1238 2709 ι

1069 2688 1094 2710 te
1108 2688 1217 2710 malum.
1230 2694 1238 2709 ι

1105 2718 1142 2754 (6)
1163 2718 1299 2755 Γὰργκαί.
1313 2719 1358 2746 Sic
1382 2724 1499 2754 quatuor
1518 2719 1603 2755 Regg.
1618 2724 1645 2747 et
1660 2727 1757 2748 novem
1777 2720 1854 2748 Colb.

1069 2752 1150 2779 Der-sl.
1167 2754 1212 2779 καί
1228 2754 1253 2779 in
1266 2755 1308 2780 eri.

1103 2789 1140 2823 (7)
1161 2788 1273 2815 Αὐτῶν.
1296 2789 1375 2816 Deest
1394 2790 1420 2816 in
1443 2789 1564 2823 pluribus
1590 2789 1672 2825 chg.
1695 2789 1796 2817 Alludit
1821 2790 1856 2815 ad

1069 2825 1126 2860 hate
1141 2825 1206 2858 psal.
1218 2832 1329 2854 Lxxvm.
1342 2825 1375 2850 12
1389 2834 1395 2851 :
1410 2835 1419 2850 t
1430 2825 1522 2853 Redde
1538 2825 1634 2853 vicinis
1651 2826 1750 2852 nostris
1763 2830 1855 2860 septu-

1068 2859 1139 2893 plum
1153 2860 1178 2886 iu
1195 2859 1254 2886 siuti
1270 2867 1372 2886 eorum.
1386 2870 1395 2885 ι

1256 2984 1297 3013 δ)

1874 1658 1878 1713 1
