2013 3134
159 163 213 191 437

681 169 811 198 ORATIO
830 171 898 198 XLI.
918 186 951 192 —-
972 172 1006 200 IN
1025 171 1281 200 PENTECOSTEN.

1736 177 1792 206 458

160 222 297 257 παρέσται
311 224 488 260 δεσποτικῶς,
506 227 564 254 ἀλλ’
577 227 608 254 οὐ
622 228 763 260 δουλικῶς,
780 228 843 255 οὐδὲ·
852 228 955 264 ἀναμέ-

1008 229 1070 258 Iium
1088 230 1173 264 ipsius
1183 230 1358 266 judiciorum,
1375 231 1472 266 quibus
1485 239 1527 260 res
1535 238 1640 261 nostras
1651 235 1788 269 sapienter

162 276 207 294 vov
226 269 377 305 ἐπίταγμα,
391 271 429 304 ὥς
439 281 511 305 τινες
525 273 637 302 οἴονται.
651 274 716 300 Πνεῖ
730 275 785 310 γὰρ
793 271 950 307 ὃπου’θέλει,

165 315 212 341 καὶ
227 316 269 350 ἐφ’
282 316 329 348 οὓς
343 317 399 353 (55)
414 318 548 353 βούλεται,
561 320 608 347 καὶ
627 320 720 355 ἡνίκα,
745 321 793 348 καὶ
808 321 879 348 ὅσον.
904 320 953 347 Οὕ-

161 367 216 392 τως
226 361 307 396 ἡμεῖς
321 363 367 389 καὶ
381 365 450 391 νοεῖν
464 365 511 392 καὶ
527 365 616 401 λέγειν
629 366 803 402 ἐμπνεόμεθα
819 367 884 402 περὶ
897 367 952 403 (56)

163 405 209 431 τοῦ
228 406 394 442 Πνεύματος.

164 452 336 487 explicanda,
352 454 470 490 Spiritus
484 457 543 492 ipse
559 458 624 485 mihi
656 458 736 490 adsit,
754 462 909 493 tantamque
936 458 1042 485 dicendi
1064 457 1217 485 facultatem
1245 459 1355 490 tribuat,
1390 465 1519 493 quantam
1549 462 1627 496 cupio

1001 276 1167 309 moderatur,
1196 281 1238 303 est
1276 277 1354 305 ratio.
1387 277 1476 311 Atque
1503 278 1653 312 huiusmodi
1680 281 1787 315 quidem

1001 326 1075 355 sunt,
1093 329 1153 356 quat
1181 322 1215 349 ad
1244 321 1381 350 Christum
1411 323 1565 358 pertinent;
1583 330 1611 352 et
1623 333 1682 360 quae
1696 331 1790 361 postea

1002 370 1158 401 sequentur,
1186 367 1368 401 splendidiora
1396 369 1602 402 conspiciemus,
1631 371 1790 406 utinamque

1002 415 1030 439 et
1053 412 1103 446 ipsi
1126 410 1334 447 conspiciamur.
1359 413 1398 440 Ad
1416 414 1534 449 Spiritus
1553 421 1642 444 autem
1658 417 1787 452 mysteria

1651 469 1658 487 :
1684 467 1731 490 aut
1763 463 1795 490 si‘

164 504 217 547 non
235 503 348 534 tantam,
364 505 392 528 at
402 506 477 530 certe
499 510 559 538 quat
575 503 639 531 huic
656 503 719 531 festi
736 503 885 532 celebritati
908 512 955 539 par
978 504 1022 531 sit.
1039 504 1079 531 Ac
1103 503 1222 539 profecto
1245 504 1331 531 aderit
1344 505 1474 537 heriliter,
1497 514 1550 533 non
1571 507 1714 540 serviliter,
1737 516 1789 536 nec

161 550 265 577 iussum
279 549 360 581 atque
373 547 526 583 imperium,
540 553 569 576 ut
583 550 744 584 quibusdam
761 550 883 583 videtur,
902 556 1074 586 exspectans.
1093 549 1184 585 Spirat
1199 549 1271 577 enim
1303 549 1349 576 ubi
1377 551 1441 583 vult,
1466 555 1493 578 et
1512 559 1592 586 super
1621 560 1689 587 quos
1721 553 1789 586 vult,

164 593 191 616 et
205 590 324 624 quando,
338 595 364 619 et
378 598 519 626 quantum.
537 593 576 621 Ex
588 595 680 623 divino
695 595 774 623 nobis
795 599 836 623 est
850 595 950 629 alliam,
971 601 1001 623 ut
1015 596 1055 624 sic
1068 597 1102 623 de
1117 595 1219 631 Spiritu
1234 595 1382 624 sentiamus
1399 601 1426 624 et
1444 597 1598 632 loquamur.

201 648 246 681 εἷ’.
264 647 301 674 Τὸ
317 648 431 685 Πνεῦμα
443 650 473 677 τὺ
488 651 565 686 ἅγιον
576 652 601 679 οἱ
620 652 669 688 μὲν
688 653 728 685 εἰς
759 653 863 689 κτίσμα
883 661 951 679 κατ-

164 693 275 726 άγοντες
292 693 358 729 (37),
373 696 509 731 ὑϐρισταὶ,
526 698 572 724 καὶ
584 698 670 724 δοῦλοι
685 695 775 732 κακοὶ,
801 700 847 725 καὶ
860 699 952 725 κακῶν

164 739 299 766 κάκιστοι.
315 741 421 768 Δοὺλων
437 742 491 778 γὰρ
519 743 622 776 κακῶν,
652 744 758 771 ἀθετεῖν
783 744 952 775 δεσποτείαν.

163 785 211 811 καὶ
235 785 434 814 ἐπανίστασθαι
461 790 612 824 κυριότητι,
632 791 679 817 καὶ
705 790 848 826 ὁμόδουλον
869 792 955 817 ποιεῖν

163 832 270 864 ἑαυτοῖς
287 833 318 859 τὸ
333 834 484 870 ἐλεύθερον.
498 836 528 862 Οἱ
545 836 573 862 δὲ
599 836 665 863 θεὸν
682 837 849 872 νομίζοντες,
868 837 953 864 ἔνθεοι

164 879 211 905 καὶ
224 879 346 916 λαμπροὶ
361 880 410 916 τὴν
428 881 556 909 διάνοιαν.
575 884 606 910 Οἱ
619 883 648 910 δὲ
660 884 707 910 καὶ
721 883 909 920 ὀνομάζοντες,
928 884 952 910 εἰ

165 925 214 960 μὲν
229 926 408 961 εὐγνώμοσιν,
423 927 520 963 ὑψηλοί
529 938 535 944 ·
552 930 576 955 εί
589 930 617 956 δὲ
631 932 779 963 ταπεινοῖς,
791 931 841 957 οὐκ
850 931 952 957 οἰκονο-

164 969 240 1005 μικοί
251 978 258 985 ·
273 970 351 1006 πηλῷ
367 972 538 1008 μαργαρίτην
555 973 736 1005 πιστεύοντες,
755 974 803 1000 καὶ
817 974 885 1008 ἀκοῇ
896 978 950 1000 ’σα-

164 1016 216 1051 θρᾷ
224 1015 341 1052 βροντῆς
350 1015 426 1052 ἦχον,
438 1018 485 1045 καὶ
498 1018 646 1054 ὀφθαλμοῖς
653 1019 856 1056 ἀσθενεστέροις
866 1019 950 1055 ἥλιον,

164 1061 210 1087 καὶ
223 1061 327 1097 τροφὴν
344 1062 458 1097 στερεὰν
474 1064 531 1094 τοῖς
541 1063 580 1090 ἔτι
595 1065 665 1098 γάλα
682 1065 869 1100 ποτιζομένοις
885 1064 950 1099 (58)·

163 1106 221 1133 δὲον
238 1108 310 1135 κατά
325 1108 422 1144 μικρὸν
433 1109 563 1144 προάγειν
575 1110 630 1145 (59)
644 1110 742 1141 αὐτοὺς
754 1111 794 1142 εἰς
810 1111 840 1136 τὸ
852 1110 955 1145 ἔμπρο-

165 1152 238 1185 σθεν,
256 1153 304 1180 καὶ
320 1153 498 1189 προϐιῆάζειν
517 1156 573 1186 τοῖς
590 1155 766 1191 ὑψηλοτέροις
780 1174 787 1186 ,
813 1156 883 1190 φωτὶ
896 1153 954 1188 φῶς

164 1198 370 1234 χαριζομένους,
398 1200 445 1226 καὶ
471 1200 583 1236 ἀληθείᾳ
599 1200 795 1236 προξενοῦντας
808 1201 951 1236 ἀλήθειαν·

164 1243 205 1272 διὸ
219 1245 266 1271 καὶ
281 1245 362 1280 ἡμεῖς
374 1245 420 1272 τὸν
432 1245 595 1281 τελεώτερον
603 1246 672 1278 τέως
688 1246 743 1281 (40)
753 1246 868 1280 ἀφέντες
878 1245 954 1280 λόγον

166 1289 257 1323 (οὗπω
273 1290 329 1327 γὰρ
347 1291 470 1328 καιρὸς),
486 1291 571 1324 οὕτως
584 1293 676 1324 αὐτοῖς
690 1292 876 1328 διαλεξόμεθα.

1038 652 1119 688 736
1131 652 1175 680 Vl.
1196 652 1246 685 Qui
1262 652 1391 688 Spiritum
1403 658 1527 681 sanctum
1543 655 1567 681 in
1581 661 1670 681 rerum
1686 660 1791 683 creata-

1001 707 1060 726 rum
1083 699 1204 727 ordinent
1227 699 1365 733 dejiciunt,
1382 699 1569 728 contumeliosi
1593 705 1697 728 suntet
1719 701 1783 729 mali

1001 744 1083 776 servi,
1100 747 1181 778 atque
1198 743 1265 771 adeo
1279 743 1411 771 malorum
1429 745 1550 779 pessimi.
1570 745 1703 773 Malorum
1717 747 1789 774 enim

1003 797 1142 816 servorutn
1173 794 1224 823 est,
1246 790 1388 825 imperium
1413 790 1536 826 rejicere,
1550 796 1577 819 et
1597 792 1728 819 adversus
1744 792 1792 820 do-

1005 835 1180 863 minationem
1209 836 1359 870 insurgere,
1370 841 1451 870 atque
1464 837 1502 870 id,
1515 838 1585 872 quod
1611 837 1724 866 liberum
1737 842 1788 870 est,

1004 881 1031 907 in
1064 882 1185 909 eamdem
1226 888 1317 910 secum
1343 882 1481 910 servitutis
1512 883 1627 910 classem
1655 884 1789 918 redigere.

1005 927 1057 960 Qui
1070 931 1160 955 autem
1183 927 1266 955 Deum
1281 935 1342 956 eum
1357 932 1480 962 censent,
1495 928 1579 956 divini
1603 929 1724 964 profecto
1740 930 1790 957 viri

1005 978 1076 1006 sunt,
1091 981 1122 1000 ac
1134 973 1274 1008 splettdido
1293 974 1384 1002 animo
1407 975 1522 1008 praediti.
1545 974 1597 1008 Qtti
1617 982 1680 1002 vero
1708 975 1789 1003 etiam

1005 1019 1151 1054 appellant,
1174 1019 1198 1047 si
1225 1019 1333 1054 quidem
1360 1021 1430 1055 apud
1448 1021 1519 1048 viros
1533 1021 1642 1056 probos,
1659 1022 1791 1050 sublimes

1006 1069 1032 1091 et
1054 1064 1153 1092 excelsi
1168 1069 1247 1092 sunt:
1262 1065 1303 1092 sin
1320 1070 1409 1093 autem
1433 1066 1506 1100 apud
1533 1067 1651 1102 abjectos
1671 1071 1698 1094 et
1716 1067 1792 1095 humi

1003 1110 1169 1144 provolutos,
1185 1111 1256 1138 haud
1278 1111 1344 1138 satis
1360 1112 1505 1145 prudenter
1521 1117 1619 1147 agunt;
1639 1117 1730 1147 utpote
1744 1113 1791 1148 qui

1004 1155 1060 1183 luto
1073 1156 1259 1191 margaritam,
1274 1161 1301 1184 et
1319 1157 1458 1184 imbecillte
1473 1157 1532 1184 auri
1548 1157 1658 1184 tonitrui
1683 1165 1791 1190 sonum,

1003 1206 1030 1229 et
1055 1201 1140 1229 solem
1167 1201 1282 1229 infirmis
1305 1202 1441 1234 oculis,et
1463 1201 1532 1229 lacte
1551 1202 1640 1229 adhuc
1651 1201 1791 1229 utentibus

1003 1247 1117 1274 solidum
1141 1247 1229 1274 cibum
1249 1247 1441 1280 committant;
1462 1254 1523 1274 cum
1539 1255 1585 1274 eos
1609 1247 1738 1282 paulatim
1758 1246 1792 1273 ad

1004 1293 1131 1320 ulteriora
1147 1300 1317 1327 promovere,
1330 1298 1413 1328 atque
1425 1293 1458 1320 ad
1474 1292 1630 1320 sublimiora
1643 1293 1797 1327 provehere-

165 1338 318 1369 couveniat,
332 1338 428 1366 lumini
447 1339 537 1366 lumen
554 1339 700 1374 largiendo,
716 1347 747 1366 ac
764 1340 869 1366 veritati
882 1339 1022 1366 veritatem
1036 1338 1214 1366 conciliando.
1244 1339 1377 1372 Quocirca
1408 1346 1456 1366 nos
1488 1346 1606 1374 quoque,
1637 1339 1791 1373 perfectiori

167 1383 275 1411 interim
289 1391 417 1412 sermone
434 1385 516 1413 misso
531 1385 600 1413 facto
615 1386 743 1422 (nondum
761 1387 833 1414 enim
848 1392 953 1420 tempus
973 1386 998 1412 id
1027 1385 1168 1420 postulat),
1202 1386 1235 1413 ad
1265 1386 1336 1413 hunc
1363 1385 1470 1412 modum
1489 1392 1562 1417 scum
1582 1385 1646 1420 ipsis
1679 1386 1794 1413 dissere-

166 1438 237 1458 mus.

200 1486 237 1515 Z'.
252 1487 285 1514 Ει
301 1487 349 1522 μὲν
365 1487 425 1515 οὐδὲ
439 1488 565 1515 ἄκτιστον
576 1508 583 1520 ,
607 1486 630 1515 ὦ
659 1497 740 1519 ουτοι,
753 1489 908 1524 ὁμολογεῖτε
923 1489 953 1515 τδ

167 1532 281 1568 Πνεῦμα
294 1532 324 1559 τὺ
349 1533 435 1568 ἄτιον,
447 1534 507 1560 οὐδὲ
524 1535 648 1569 ἄχρονον,
664 1534 711 1561 τοῦ
728 1535 849 1562 ἐναντίου
870 1535 953 1562 πνεύ-

1044 1485 1098 1512 Vll.
1117 1484 1145 1512 Si
1160 1485 1277 1519 quidem,
1293 1493 1309 1512 ο
1328 1485 1389 1518 viri,
1410 1492 1462 1512 nec
1485 1485 1645 1515 increatum.
1658 1491 1708 1511 nec
1725 1489 1793 1512 tem~

1009 1531 1080 1565 poris
1095 1536 1232 1566 expertth
1261 1530 1390 1565 Spiritum
1418 1534 1540 1557 sanctum
1556 1529 1678 1560 creditis,
1694 1529 1791 1564 spiritu

168 1586 252 1613 ματος
266 1579 360 1613 σαφῶς
383 1579 399 1614 ὴ
423 1579 548 1614 ἐνέργεια
558 1588 564 1595 ·
578 1579 636 1606 δότε
656 1580 710 1616 γὰρ
724 1580 763 1615 τῷ
778 1580 850 1617 ζήλῳ
868 1589 894 1607 τι
909 1581 955 1607 καὶ

1009 1577 1166 1604 adversario
1188 1576 1258 1603 haud
1273 1576 1355 1604 dubie
1374 1575 1501 1604 alliamini
1515 1584 1522 1602 :
1544 1575 1642 1603 dabitis
1656 1574 1729 1602 enim
1746 1582 1794 1602 γε-

168 1624 378 1660 παρατολμῆσαι
391 1624 498 1660 μικρόν.
508 1625 539 1651 El
552 1624 580 1651 δὲ
591 1625 716 1652 τοσοῦτον
727 1625 791 1659 γοῦν
808 1625 952 1659 ὑγιαίνετε,

167 1669 237 1697 ὥστε
251 1671 301 1706 τὴν
322 1671 454 1707 πρόδηλον
479 1671 590 1706 φεύγειν
606 1671 733 1698 ἀσὲῧεισν
746 1691 753 1704 ,
771 1672 818 1698 καὶ
833 1672 882 1707 τῆς
895 1671 955 1702 δου-

167 1717 241 1748 λείας
255 1716 309 1749 ἔξω
323 1716 428 1743 τιθέναι
443 1717 474 1743 τὸ
488 1717 536 1743 καὶ
551 1718 625 1752 ἡμᾶς
652 1717 705 1753 (41)
731 1717 823 1744 ποιοῦν
850 1717 955 1744 ἐλευθέ-

169 1763 282 1798 magno
296 1762 361 1797 ἑξῆς
374 1762 452 1789 αὐτοὶ
469 1763 616 1797 σκέψασθε,
635 1763 702 1798 μετὰ
716 1763 762 1790 τοῦ
778 1763 855 1798 ἁγίου
869 1764 954 1790 Ilvati-

170 1817 265 1844 ματος.
283 1807 331 1834 καὶ
346 1807 436 1843 ἡμῶν.
447 1808 581 1844 Πείθομαι
596 1809 649 1844 γὰρ
673 1809 765 1840 ποσῶς
781 1809 876 1836 τούτου
892 1819 956 1844 μετ-

169 1855 239 1889 έχειν
251 1855 334 1889 ὑμᾶς,
351 1854 397 1880 καὶ
408 1854 445 1886 ὡς
460 1855 569 1886 οἰκείοις
584 1855 633 1890 ἤδη
652 1855 955 1891 συνδιασκέψομαιμὶ).

169 1902 204 1928 Ἦ
216 1901 275 1927 δότε
292 1909 336 1936 μοι
347 1900 377 1927 τὺ
393 1900 475 1935 μέσον
489 1901 538 1935 τῆς
552 1901 673 1932 δουλείας
690 1901 755 1937 (45),
774 1902 820 1928 καὶ
841 1902 890 1937 τῆς
916 1903 958 1929 δε-

170 1948 308 1980 σποτείας,
327 1947 360 1974 ἵν’
379 1948 437 1973 ἐκεῖ
457 1947 496 1973 θῶ
519 1947 567 1983 τὴν
581 1947 658 1979 ἀξίαν
673 1948 720 1974 τοῦ
745 1948 919 1984 Πνεύματος·
941 1950 956 1984 ἢ

170 1995 218 2030 τὴν
232 1994 356 2021 δουλείαν
371 1993 527 2028 φεύγοντες,
543 1994 592 2020 οὐκ
607 1994 714 2029 ἄδηλον,
734 1995 794 2021 ὅποι
817 1995 912 2028 τάξετε
928 1995 959 2022 τὸ

172 2041 337 2077 ζητούμενον
347 2040 412 2075 (Ην).
431 2040 512 2067 Ἀλλὰ
525 2041 586 2072 ταῖς
602 2040 746 2072 συλλαϐαῖς
758 2041 957 2077 δυσχεραίνετε,

172 2088 217 2114 καὶ
237 2086 421 2122 προσπταίετε
437 2087 469 2121 τῇ
484 2087 570 2121 φωνῇ,
592 2086 639 2112 καὶ
658 2086 732 2117 λίθος
747 2087 959 2123 προσκόμματος

172 2134 237 2169 ὑμῖν
252 2132 332 2159 τοῦτο
353 2132 465 2166 γίνεται,
486 2132 533 2158 καὶ
552 2132 639 2167 πέτρα
654 2132 801 2159 σκανδάλου
812 2154 819 2165 ,
839 2133 900 2160 ἐπεὶ
914 2134 960 2160 καὶ

173 2178 290 2213 Χριστὸς
315 2177 396 2204 τισίν.
422 2176 603 2212 Ἀνθρώπινον
627 2177 659 2204 τὺ
687 2177 782 2209 πάθος.
811 2178 960 2214 Συμϐὦμεν

174 2223 298 2258 ἀλλήλοις
327 2222 528 2258 πνευματικῶς.
547 2221 694 2258 Γενὼμεθα
724 2223 878 2258 φιλάδελφοι
896 2225 962 2260 μᾶλ-

175 2269 229 2300 λον,
246 2269 263 2304 ἢ
278 2268 411 2303 φίλαυτοι.
429 2268 493 2295 Δότε
504 2269 559 2304 ,τὴν
573 2268 686 2304 δύναμιν
699 2270 749 2305 τῆς
766 2270 901 2307 θεότητος,
915 2271 962 2298 καὶ

175 2313 296 2349 δώσομεν
309 2313 375 2349 ὑμῖν
394 2313 449 2348 (45)
462 2314 511 2349 τῆς
524 2315 614 2350 φωνῆς
627 2315 676 2350 τὴν
691 2315 878 2352 συγχώρησον
898 2318 962 2352 ὁμο-

205 2383 227 2400 ⁶⁸
246 2384 297 2411 lsa.
312 2391 370 2416 vttt,
387 2382 419 2410 M-
437 2383 536 2417 ;Rom.
558 2391 595 2416 ιχ,
617 2384 661 2411 35.

213 2467 269 2502 (55)
296 2467 358 2500 Ἐφ’
375 2466 438 2498 οὒς.
452 2466 517 2500 Reg.
532 2465 559 2492 d.
572 2465 604 2492 ad
617 2473 714 2502 ntarg.,
729 2465 771 2499 ἐφ’
783 2464 870 2496 ὅσους.

214 2467 257 2502 (55
296 2467 358 2500 Ἐφ’
375 2467 438 2498 οῦς.
452 2467 517 2500 Reg.
532 2467 559 2492 d.
572 2467 604 2492 ad
617 2473 714 2498 marg.,
729 2467 771 2499 ἐφ’
783 2467 870 2496 ὅσους.

214 2467 270 2537 (36;
290 2501 372 2536 Περί.
399 2502 444 2528 Sic
461 2501 581 2535 plerique
599 2500 809 2537 ineliorisruotte
829 2500 916 2537 codd.
935 2500 962 2526 lit

180 2534 240 2564 Par.
253 2534 309 2565 ἑά..
325 2534 410 2572 rupi.
435 2545 443 2561 ι
463 2537 509 2563 Sic
523 2544 581 2567 nos,
597 2535 696 2569 Spiritu
715 2534 809 2567 alliati,
821 2540 847 2562 et
862 2536 964 2570 cogita-

182 2580 239 2599 mus
254 2577 281 2599 et
293 2573 438 2605 loquimur.
460 2581 469 2597 ›

215 2608 270 2642 (57)
291 2607 487 2641 Κατάγοντες.
500 2605 541 2642 _ln
568 2605 723 2642 nonnullis,
742 2605 964 2642 καταϐάλλοντες.

182 2640 293 2670 Ιιςιόιῖιιι
308 2643 445 2677 legebatur
462 2642 487 2668 in
500 2640 583 2676 Regg.
596 2641 639 2667 bin
652 2645 679 2667 et
699 2641 744 2674 pb.
762 2641 815 2667 Sed
833 2649 913 2672 nunc,
925 2641 966 2666 al-

182 2684 238 2704 ‘era
250 2686 341 2709 manu,
354 2683 383 2703 ut
398 2677 424 2703 in
438 2677 527 2703 editis.

182 2745 198 2778 ζ
216 2712 273 2772 (ῖέδ)
288 2711 373 2739 Γάλα
391 2710 601 2746 ποτιζομὲνοις.
615 2709 642 2737 ln
655 2709 826 2744 quibusdam,
841 2709 970 2744 γαλακτι-

198 2755 234 2778 ομ
250 2755 314 2778 νοις.

198 2747 314 2778 ομένοις.

215 2756 443 2842 ἴξόῗιῖίῗάγειν.
463 2780 508 2808 Sic
529 2788 626 2816 magno
643 2787 776 2808 consensu
799 2780 915 2808 codices.
941 2780 969 2806 In

220 2836 240 2842 ..
252 2824 323 2842 προσ
342 2825 409 2842 γειν.

184 2817 240 2845 ed.,
252 2817 409 2845 προσάγειν.

220 2824 472 2886 (ὶῶρὲῗλξῗθζερον
488 2850 569 2884 τέως.
584 2850 630 2878 Sic
656 2850 776 2886 quinque
797 2849 893 2886 Regg.,
923 2857 971 2880 sex

184 2885 328 2921 Colb.,0r.
346 2887 357 2914 l
374 2892 402 2914 et
414 2887 488 2915 Pass.
505 2886 584 2914 Deest
598 2885 665 2918 τέως
682 2885 710 2914 in
724 2885 788 2914 edit.

1008 1623 1092 1654 niam,
1108 1622 1130 1650 si
1147 1621 1205 1650 zelo
1220 1626 1384 1655 commotus,
1399 1622 1521 1656 asperius
1544 1621 1652 1655 aliquod
1678 1621 1791 1648 verbum

1008 1676 1138 1704 extulero.
1153 1677 1228 1709 Quod
1244 1677 1266 1704 si
1282 1677 1413 1704 hactenus
1430 1676 1526 1704 saltem
1542 1681 1614 1703 recte
1629 1675 1746 1709 sentitis,
1763 1683 1795 1702 ac

1010 1722 1081 1751 belle
1107 1723 1214 1755 valetis,
1233 1727 1262 1750 ut
1288 1722 1459 1750 manifestam
1484 1722 1649 1756 impietatem
1674 1720 1793 1756 fugiatis,

1010 1773 1090 1803 atque
1105 1776 1178 1801 eum,
1199 1768 1244 1803 qui
1263 1775 1312 1795 nos
1324 1775 1432 1802 quoque
1452 1767 1552 1795 liberos
1563 1766 1653 1800 efﬁcit,
1669 1774 1683 1793 a
1701 1766 1792 1793 servili

1009 1816 1104 1843 ordine
1131 1814 1269 1848 eximatis,
1286 1815 1360 1850 quod
1383 1814 1515 1849 sequitur,
1531 1821 1584 1840 una
1600 1821 1660 1840 cum
1689 1811 1794 1847 Spiritu

1009 1866 1104 1889 sancto
1120 1869 1153 1889 ac
1179 1861 1267 1893 nobis,
1281 1860 1434 1896 expendite.
1461 1858 1514 1887 Vos
1528 1859 1627 1893 quippe
1641 1859 1796 1892 quadamte-

1012 1915 1061 1935 nus
1090 1907 1175 1942 ipsius
1199 1907 1345 1942 participes
1369 1913 1428 1934 esse
1455 1905 1573 1937 confido,
1597 1912 1629 1931 ac
1652 1903 1708 1938 jam
1724 1903 1796 1930 velut

1012 1962 1072 1981 eum
1089 1955 1189 1982 nostris
1206 1953 1285 1981 simul
1311 1960 1368 1980 rem
1383 1951 1571 1979 considerabo.
1591 1950 1645 1977 Aut
1668 1949 1732 1976 mihi
1747 1948 1793 1975 ali.

1012 1999 1087 2034 quid,
1103 1999 1173 2033 quod
1202 1999 1272 2026 inter
1301 1998 1457 2026 servitutem
1472 2001 1500 2024 et
1524 1995 1734 2023 dominationem
1759 1994 1796 2021 in-

1013 2045 1153 2079 teriectum
1170 2044 1215 2078 sit,
1233 2044 1304 2076 date,
1319 2049 1347 2071 ut
1362 2043 1417 2070 illic
1434 2042 1553 2078 Spiritus
1566 2041 1729 2076 dignitatem
1744 2040 1796 2067 col-

1014 2092 1098 2118 locem
1125 2100 1132 2118 :
1160 2095 1216 2123 aut,
1232 2098 1292 2118 cum
1319 2089 1458 2117 servitutis
1482 2095 1579 2115 nomen
1604 2087 1725 2122 fugiatis,
1743 2094 1799 2114 nou

1013 2137 1159 2163 obscurum
1182 2135 1244 2166 erit,
1262 2142 1315 2170 quo
1331 2134 1389 2161 loco
1401 2139 1482 2168 atque
1505 2133 1600 2160 ordine
1617 2131 1654 2164 id,
1670 2131 1740 2167 quod
1755 2138 1797 2158 ex-

1015 2182 1142 2216 quiritur,
1158 2182 1274 2217 ponetis.
1290 2183 1325 2208 At
1339 2180 1455 2216 syllabas
1469 2179 1581 2207 moleste
1605 2177 1694 2210 fertis,
1717 2182 1797 2213 atque

1015 2230 1048 2256 ad
1062 2237 1154 2256 vocem
1171 2227 1329 2262 itnpingitis,
1342 2227 1464 2261 lapisque
1485 2225 1641 2252 oilensionis
1668 2229 1696 2251 et
1723 2229 1799 2258 petra

1015 2274 1134 2300 scaudali
1159 2273 1209 2300 hoc
1234 2272 1309 2299 vobis
1335 2271 1453 2298 efficitur
1469 2270 1502 2302 ",
1521 2277 1570 2296 nec
1596 2269 1705 2299 mirum,
1736 2275 1797 2294 cum

1015 2319 1139 2347 Christus
1154 2326 1261 2354 quoque
1271 2317 1407 2345 nonnullis
1419 2315 1545 2345 seandalo
1555 2314 1645 2342 fuerit.
1660 2313 1798 2340 llumanus

1013 2499 1023 2526 Ι
1049 2464 1106 2526 (id!)
1126 2464 1227 2526 .Hgdc.
1244 2465 1289 2492 Sic
1309 2465 1425 2492 Nicetas.
1449 2464 1495 2492 Sic
1521 2465 1602 2491 etiam
1623 2463 1799 2498 legitBillius.

1026 2508 1041 2526 n
1054 2508 1068 2526 e
1090 2520 1108 2526 ..
1122 2510 1159 2526 uu.
1180 2509 1203 2526 ς.

1026 2508 1041 2526 n
1054 2501 1108 2531 ed.,
1122 2501 1203 2532 ὑμᾶς.

1122 2510 1397 2569 ἒζῗδιασκέψομαι.
1427 2534 1473 2562 Sic
1488 2533 1571 2569 Regg.
1596 2533 1651 2565 bin,
1675 2533 1719 2568 ph,
1751 2534 1801 2560 Sa-

1014 2570 1071 2600 \'i|..
1093 2576 1144 2597 etc.
1168 2570 1275 2602 Coutb.,
1295 2569 1556 2605 συνδιασκεψόμεθα.
1569 2569 1597 2596 In
1616 2570 1671 2601 ed.,
1694 2569 1800 2595 συνδια-

1016 2605 1169 2640 σκὲψωμαι.

1052 2641 1107 2674 (45)
1121 2640 1176 2672 Τῆς
1189 2639 1338 2671 δουλείας.
1353 2640 1432 2666 Deest
1449 2639 1509 2674 τῆς,
1535 2639 1605 2666 sicut
1619 2643 1646 2666 et
1662 2646 1722 2667 mox
1739 2643 1803 2666 ante

1016 2675 1184 2706 δεσποτείας,
1198 2676 1224 2701 in
1249 2675 1369 2708 pluribus
1391 2674 1472 2708 ἣξεις.

1053 2709 1108 2745 (44)
1133 2710 1216 2745 "Ungi.
1242 2708 1344 2745 τάξετε
1361 2710 1402 2745 ini
1427 2709 1613 2743 ζητούμενον.
1639 2708 1713 2740 Satn,
1736 2708 1801 2743 ὅπη.

1020 2744 1098 2772 Deest
1110 2745 1140 2771 τό
1152 2745 1177 2771 iu
1191 2744 1275 2771 Coisl.
1288 2746 1313 2771 l.
1329 2753 1338 2769 ‹
1354 2744 1428 2777 Quod
1444 2745 1580 2778 quaeritur,
1592 2753 1603 2770 ι
1616 2751 1711 2778 nempe
1721 2753 1730 2769 ι
1741 2745 1804 2777 Spi-

1018 2780 1096 2807 ritus.
1115 2789 1123 2804 I
1139 2781 1171 2806 de
1186 2786 1238 2813 quo
1252 2779 1364 2812 qutestio
1379 2784 1430 2805 est.

1053 2813 1108 2849 (45)
1135 2812 1273 2848 Δώάομεν
1292 2813 1373 2849 ὑμῖν,
1389 2819 1440 2841 etc.
1456 2823 1465 2838 ι
1487 2812 1614 2849 Dabimus
1634 2813 1708 2841 vobis
1729 2813 1803 2839 vocis

1018 2847 1142 2880 veniam;
1160 2847 1339 2883 nequaquam,
1354 2859 1363 2876 ι
1380 2855 1409 2876 ut
1432 2849 1468 2876 ait
1487 2847 1606 2882 Nicetas,
1625 2857 1634 2875 ι
1653 2856 1711 2877 eam
1725 2856 1738 2875 a
1755 2855 1802 2875 vo-

1020 2884 1062 2914 bis
1074 2884 1222 2920 exigentes.
1247 2893 1256 2910 ι
