2013 3134
271 161 325 189 “5

873 166 902 194 S.
921 165 1087 195 GREGORH
1107 165 1277 195 THEOLOGl

1845 167 1898 195 ΗΑ

272 225 373 253 metue,
390 224 482 255 utpote
510 228 570 255 quae
599 228 662 248 cum
693 222 754 257 igne
782 229 941 258 appareant.
975 225 1058 252 Hodie

1113 224 1180 259 μετὰ
1206 223 1291 260 πυρὸς
1315 224 1458 259 ὁρωμένας
1483 223 1550 259 (64).
1575 223 1698 260 Σήμερον
1727 223 1898 259 δογματίσω-

272 266 511 296 doccamus;eras
527 271 622 300 argute
650 271 677 293 et
706 263 855 296 artiﬁciose
881 270 1057 297 disseremus.

273 311 358 339 Hodie
374 311 472 339 festum
491 319 619 347 agamus;
636 320 699 340 cras
719 313 862 341 inhoneste
876 320 903 342 et
930 315 1058 343 indecore

272 365 322 384 nos
336 365 469 392 geremus.
483 357 543 384 Haec
561 358 685 392 mystice,
714 357 758 386 illa
773 359 919 392 theatrice;
943 360 1000 387 haec
1012 368 1058 387 ee-

271 401 375 432 elestis,
392 401 434 427 illa
449 402 524 434 foro;
547 402 602 428 ltzec
620 402 728 434 sobriis,
743 403 786 429 illa
804 405 976 438 temulentis;
1001 405 1058 432 hare

271 450 343 476 Srrio
357 451 493 482 agentium
506 456 578 481 sunt,
598 450 643 477 illa
663 451 792 478 adversus
807 451 938 486 Spiritum
961 453 1057 479 luden-

271 496 349 522 tium.
368 495 546 530 Posteaquam
562 501 651 524 autent
669 497 756 524 aliena
776 498 974 532 submovimus,
995 506 1053 534 age,

272 546 362 566 III'ISll'ﬂ
381 549 582 575 COIIIPDIHIIIIHS.

310 585 352 613 ΧΙ.
370 585 488 612 Primum
507 587 588 620 igitur
602 586 719 621 Spiritus
733 593 845 615 sanctus
862 589 888 615 in
912 589 1054 624 angelicis,

271 636 298 657 et
314 630 472 658 caelestibus
494 631 648 663 virtutibus,
674 633 771 667 iisque,
799 640 860 667 qua:
886 638 945 667 post
971 633 1055 661 Deum

271 676 366 710 prima;
379 682 453 709 sunt,
467 685 582 712 eumque
596 678 786 710 circumstant,
806 679 859 705 vim
872 687 948 706 suam
978 688 1055 706 exer-

271 723 359 750 cebat.
377 722 469 757 Neque
483 725 555 750 enim
568 723 679 751 aliunde
696 724 890 758 perfectionem
909 730 936 752 et
964 726 1056 760 splen-

271 772 363 798 dorem
381 771 490 804 habent,
505 772 585 807 idque
601 777 746 806 prmterea.
764 777 793 799 ut
809 773 843 800 ad
862 774 961 799 malum
971 782 1056 808 aegre,

270 817 312 843 vel
330 816 401 843 nullo
413 824 525 850 prorsus
543 818 623 844 modo
657 819 760 844 moveri
787 823 900 851 queant,
935 826 1016 853 quam
1042 827 1057 846 a

270 863 372 896 Spiritu
386 869 490 889 sancto.
511 864 610 890 Deinde
635 864 661 890 in
696 863 820 891 Patribus
852 869 878 891 et
906 866 1056 899 prophetis,

269 917 383 943 quorum
397 909 441 935 alii
458 909 540 936 Deum
554 917 602 943 per
615 909 761 944 imaginem
778 910 913 942 viderunt,
931 915 978 937 aut
1011 918 1057 937 c0-

269 959 431 988 gnoveruut,
450 955 494 981 alii
511 959 603 981 autem
624 955 706 981 etiam
720 963 764 982 res
778 954 883 982 futuras
910 956 1055 990 prazscive-

270 1006 342 1033 runt,
368 1001 528 1035 impressam
549 1001 677 1027 nimirum
702 1008 751 1035 per
775 1000 907 1036 Spiritum
930 1006 1055 1028 sanctum

269 1047 417 1082 principem
433 1047 516 1074 animi
530 1037 633 1082 partem
650 1048 792 1079 habentes,
812 1052 839 1074 et
868 1055 929 1075 cum
957 1048 1055 1075 futuris

269 1098 398 1127 tauquam
416 1101 476 1120 cum
501 1094 680 1128 przrseutilius
712 1099 864 1122 versantes.
897 1093 1053 1127 llujusmodi

268 1139 368 1173 quippe
379 1138 498 1172 Spiritus
520 1138 560 1165 vis
577 1146 609 1165 ac
626 1139 745 1173 potentia
762 1144 813 1166 est.
831 1139 898 1166 Tum
914 1140 939 1166 in
953 1139 1054 1167 Christi

270 1183 412 1218 discipulis
425 1183 573 1220 (Christum
591 1184 664 1211 enim
683 1185 873 1218 praetermitto,
888 1185 933 1211 cui
948 1186 1054 1218 aderat,

270 1236 323 1255 non
341 1233 370 1255 ut
385 1236 511 1263 operans,
527 1230 575 1256 sed
588 1230 757 1264 uttequalem
770 1231 935 1266 comitans);
967 1231 1054 1266 iisque

270 1273 416 1307 trifariam,
437 1280 517 1308 prout
535 1276 655 1309 ipsorum
668 1281 764 1310 captus
777 1276 892 1309 ferebat,
914 1277 1057 1311 tribusque

270 1319 440 1354 temporibus
454 1327 462 1346 :
478 1328 585 1354 nempe,
604 1325 750 1356 antequam
775 1321 900 1348 Christus
923 1329 972 1355 per
989 1321 1055 1348 Pas-

269 1365 375 1392 sionem
392 1365 557 1400 gloriﬁcatus
582 1369 654 1393 esset
670 1375 676 1392 :
700 1372 842 1401 postquam
864 1374 911 1401 per
928 1366 1058 1394 Resurre-

270 1415 387 1438 rtvonem
409 1411 577 1446 gloriﬁcatus
596 1411 666 1438 fuit:
686 1419 718 1439 ac
731 1413 847 1446 denique
862 1418 923 1447 post
941 1413 998 1446 ejus
1023 1414 1057 1440 ad

270 1457 354 1484 cados
370 1457 575 1489 Ascensionem,
595 1458 652 1485 sive
678 1459 889 1492 restitutionem,
916 1459 974 1486 sive
988 1467 1058 1494 quo—

272 1511 381 1538 cunque
401 1503 454 1530 alio
471 1504 582 1531 nomine
616 1511 660 1532 res
680 1512 711 1531 ea
740 1505 776 1531 sit
806 1505 974 1540 appellanda.
1000 1505 1057 1533 Hoc

271 1555 361 1575 autem
376 1549 662 1583 perspicue‘ostendit,
678 1555 734 1577 ttnn
758 1550 845 1585 prima
868 1551 912 1578 illa
945 1551 1053 1578 morbo-

270 1601 331 1620 rum
346 1594 545 1628 spirituumque
564 1595 696 1629 depulsio,
714 1603 773 1630 qua:
785 1596 947 1623 seilicetnon
957 1596 1058 1630 absque

271 1640 391 1673 Spiritus
406 1641 516 1668 numine
528 1640 611 1667 ﬁebat
626 1649 634 1673 ;
648 1646 703 1668 tum
718 1641 761 1667 illa
775 1646 836 1676 post
848 1642 999 1668 confectum
1016 1648 1060 1668 sa-

271 1686 525 1722 lutisnostrte740
533 1688 667 1722 negotium
681 1686 833 1720 insumatio,
849 1687 1055 1721 qnzedivinioris

272 1732 448 1765 proculdubio
464 1733 651 1767 inspirationis
666 1734 805 1768 specimen
836 1733 970 1765 habebat;
1004 1737 1058 1759 tum

270 1781 409 1810 postremo
425 1784 545 1811 praisens
562 1778 618 1805 haec
648 1777 788 1813 ignearum
813 1778 964 1813 linguarum
991 1776 1060 1803 divi-

270 1822 323 1854 sio,
340 1830 421 1857 quam
434 1823 516 1850 etiam
530 1823 646 1850 solemni
664 1824 733 1851 l‘esto
745 1823 928 1851 celebramus.
959 1821 1060 1849 Verum

271 1868 359 1902 primo
373 1870 494 1904 quidem,
512 1869 644 1910 obscure;
662 1870 768 1901 deinde,
783 1869 957 1904 expressius;
985 1876 1060 1896 nunc

272 1921 348 1946 vero,
373 1914 533 1949 perfectius,
551 1920 644 1950 utpote
667 1915 715 1950 qui
747 1923 800 1942 non
825 1915 881 1949 jam
901 1915 1059 1949 operatione

271 1959 328 1986 soia
341 1967 460 1994 praesens
481 1961 526 1993 sit,
542 1966 570 1988 ut
583 1961 668 1996 prius,
683 1961 729 1988 sed
749 1960 900 1992 essentiali,
917 1964 946 1986 ut
966 1959 1005 1986 sic
1018 1959 1057 1985 lo-

1111 278 1159 305 μεν
1172 270 1239 304 (65).
1252 269 1346 305 αὔριον
1355 270 1594 306 τεχνολογήσωμεν
1606 279 1613 285 ·
1630 271 1747 305 σήμερον
1762 271 1899 305 ἑορτάσω-

1110 322 1170 349 μεν,
1185 314 1278 349 αὔριον
1291 315 1534 350 ἀσχημονήσωμεν.
1545 314 1637 341 Ταῦτα
1649 314 1796 350 μυστικῶς,
1806 315 1897 341 ἐκεῖνα

1108 358 1274 394 θεατρικῶς·
1288 359 1374 386 ταῦτα
1389 361 1449 392 ταῖς
1480 360 1649 395 ἐκκλησίαις,
1662 361 1754 387 ἐκεῖνα
1765 362 1825 392 ταῖς
1837 361 1888 393 ὰγο

1109 406 1185 440 ραῖς·
1200 405 1286 432 ταῦτα
1312 407 1368 437 τοῖς
1389 406 1529 441 νήφουσιν,
1556 407 1647 433 ἐκεῖνα
1660 407 1717 437 τοῖς
1733 405 1894 441 μεθύουσινι·

1106 451 1192 477 ταῦτα
1214 451 1434 483 σπουδαζόντων.
1462 452 1554 478 ἐκεῖνα
1582 451 1733 484 παιζόντων
1757 451 1829 478 κατὰ
1849 451 1895 478 τοῦ

1106 497 1276 532 Πνεύματος.
1300 497 1377 523 Ἐπεὶ
1392 497 1420 524 δὲ
1435 497 1684 532 ἁπεσκευασάμεθα
1699 497 1730 524 τὸ
1744 497 1895 534 ἀλλότριον,

1106 543 1184 577 φέρε.
1199 542 1407 579 καταρτίσωμεν
1424 542 1478 578 (66)
1495 543 1526 569 τὸ
1539 543 1684 579 ἡμέτερον.

1143 588 1193 614 ΙΛ’.
1205 587 1289 614 Τοῦτο
1300 588 1552 624 ὲνήργει,πρὸτερον
1565 589 1614 624 μὲν
1626 590 1655 615 ἐν
1667 589 1728 620 ταῖς
1735 589 1894 623 ἀγγελικαῖς

1106 633 1153 659 καὶ
1165 633 1300 668 οὐρανίοις
1317 633 1371 667 (67)
1395 633 1542 668 δυνάμεσι,
1567 635 1613 661 καὶ
1627 635 1688 661 ὅσαι
1703 635 1810 671 πρῶται
1828 636 1894 670 μετὰ

1106 678 1171 703 Θεὺν
1184 698 1191 709 ,
1209 679 1256 705 καὶ
1278 678 1340 713 περὶ
1362 678 1439 705 Θεόν,
1463 679 1498 705 οὐ
1520 679 1574 714 γὰρ
1589 679 1698 706 ἂλλοθεν
1714 681 1810 712 αὑταῖς
1825 681 1895 716 ήτε-

1107 723 1213 755 λείωσις
1228 725 1275 750 καὶ
1290 725 1305 759 ἡ
1323 723 1465 759 ἕλλαμψις,
1494 725 1542 751 καὶ
1557 725 1587 751 τὸ
1601 725 1670 761 πρὸς
1687 726 1785 753 κακῑαν
1801 727 1894 753 δυσκέ-

1107 778 1197 804 νητον,
1228 769 1244 804 ἣ
1271 770 1410 804 ἀκίνητον,
1426 770 1442 805 ἢ
1461 770 1536 806 παρὰ
1552 770 1599 797 τοῦ
1622 771 1701 805 ἁγίου
1726 773 1893 807 Πνεῦματκ.

1110 817 1224 842 ’Ἔπειτα
1237 816 1331 848 ἐντοῖς
1346 817 1480 852 Πατράσι,
1497 817 1544 843 καὶ
1560 817 1657 850 ἐντοῖς
1670 819 1834 853 προφήταις,
1858 816 1894 845 ὧν

1109 862 1134 888 οι
1150 862 1200 897 μὲν
1213 862 1422 897 ὲφαντὰσθησαν
1434 863 1512 894 Θεὸν,
1526 863 1541 898 ἧ
1555 863 1686 897 ἔγνωσαν,
1709 865 1733 890 οἱ
1756 865 1784 890 δὲ
1807 865 1853 891 καὶ
1865 865 1894 890 τὸ

1075 907 1095 933 Β
1112 907 1207 942 μέλλον
1223 907 1398 942 προέγνωσαν
1407 908 1573 943 τυπούμενοι
1587 909 1625 944 τῷ
1641 909 1780 944 Πνεύματι
1790 910 1821 936 τὸ
1832 911 1895 945 ἠγε-

1109 953 1227 988 μονικὸν,
1236 954 1281 980 καὶ
1294 953 1331 985 ὡς
1345 953 1461 990 παροῦσι
1473 955 1597 987 συνόντες
1607 957 1663 986 τοῖς
1676 956 1826 990 ἐσομένοις.
1834 956 1894 982 Tot-

1104 1000 1173 1034 αὐτη
1186 999 1239 1034 γὰρ
1252 1000 1268 1035 ή
1285 999 1331 1026 τοῦ
1348 1000 1507 1035 Πνεύματος
1521 1001 1643 1036 δύναμις.
1657 1002 1773 1028 Ἔπειτα
1790 1003 1819 1028 ὲν
1838 1003 1892 1033 τοῖς

1105 1046 1224 1081 Χριστοῦ
1242 1046 1377 1081 μαθηταῖς
1387 1046 1434 1080 (ἐῶ
1446 1047 1501 1082 γὰρ
1512 1047 1630 1082 Χριστὸν
1640 1047 1738 1079 εἰπεῖν,
1752 1043 1776 1080 ᾧ
1795 1047 1893 1082 παρῆν,

1105 1091 1197 1126 οὺχώς
1213 1091 1350 1126 ἐνεργοῦν,
1367 1091 1423 1118 ἀλλ’
1434 1092 1471 1123 ὡς
1487 1092 1610 1127 ὁμοτίμῳ
1620 1091 1893 1127 συμπαρομαρτῶνγ

1106 1137 1153 1163 mi.
1159 1137 1261 1169 τούτοις
1270 1137 1396 1173 τρισσῶς,
1408 1138 1469 1164 καθ’
1482 1138 1542 1164 ὅσον
1553 1135 1603 1164 οἷοί
1617 1135 1722 1173 τεῆσαν
1734 1138 1894 1173 χωρεῖν,χαὶ

1106 1183 1176 1209 κατὰ
1186 1183 1384 1218 καιροὺςτρεῖς·
1394 1183 1458 1218 πρὶν
1470 1182 1531 1214 δοξα
1536 1182 1625 1218 σθῆναι
1636 1183 1751 1218 Χριστὸν
1757 1183 1796 1217 τῷ
1803 1183 1892 1209 [15.05:-

1106 1229 1175 1264 μετὰ
1184 1229 1213 1256 τὺ
1221 1229 1380 1264 δοξασϐἧναι
1390 1231 1422 1265 τῇ
1431 1230 1587 1257 Ἀναστάσει
1597 1229 1650 1265 (68)
1660 1229 1740 1261 ’μετὰ
1749 1229 1798 1264 τὴν
1807 1231 1845 1261 εἰς
1853 1230 1895 1256 οὐ·

1106 1275 1363 1310 ρανοὺςἊνάϐασιν,
1377 1274 1394 1308 ἢ
1404 1275 1658 1310 ἀποκατάστασιν,ἣ
1669 1275 1683 1301 ὅ
1697 1283 1722 1301 τι
1731 1275 1784 1310 χρὴ
1799 1275 1893 1309 λέγειν.

1106 1321 1186 1355 Δηλοῖ
1200 1320 1258 1358 Sed}
1277 1320 1373 1356 πρώτη
1385 1320 1438 1346 τῶν
1449 1321 1544 1352 νόσων,
1564 1320 1611 1347 καὶ
1624 1322 1640 1356 ἡ
1657 1320 1711 1347 τῶν
1732 1322 1895 1356 πνευμάτων

1107 1366 1255 1402 κάθαρσις,
1273 1366 1323 1392 οὐκ
1350 1365 1413 1392 ἄνευ
1439 1365 1600 1400 Πνεύματος
1628 1366 1728 1402 δηλαδὴ
1744 1366 1897 1401 γενομένη’

1107 1412 1154 1438 καὶ
1166 1412 1196 1438 τὸ
1209 1412 1278 1447 μετὰ
1291 1411 1340 1447 τὴν
1356 1412 1512 1447 οἰκονομίαν
1524 1411 1685 1447 ἐμφύσημα,
1699 1412 1793 1446 σαφῶς
1807 1411 1835 1438 ὃν
1849 1411 1895 1445 ἑμο

1107 1467 1220 1489 πνευσις
1233 1457 1358 1493 θειοτέρα
1369 1467 1374 1473 ·
1387 1458 1435 1484 καὶ
1452 1459 1465 1484 ὁ
1476 1458 1523 1484 νῦν
1543 1458 1676 1494 μερισμὸς
1697 1458 1752 1484 τῶν
1776 1458 1895 1494 πυρίνων

1106 1503 1249 1538 γλωσσῶν,
1272 1503 1286 1530 ὂ
1307 1504 1354 1530 καὶ
1372 1501 1673 1538 πανηγυρίζομεν(69).
1697 1502 1779 1529 Ἀλλὰ
1799 1502 1829 1528 τὸ
1849 1502 1895 1536 μὲν

1109 1549 1227 1585 πρῶτον,
1241 1548 1369 1584 ἀμυδρῶς
1379 1557 1386 1564 ·
1401 1549 1431 1575 τὸ
1443 1549 1471 1575 δὲ
1487 1549 1624 1584 δεύτερον,
1643 1548 1834 1584 ὲκτυπώτερον
1847 1557 1852 1562 ·
1867 1548 1896 1574 τὸ

1109 1595 1136 1622 δὲ
1153 1595 1210 1626 νῦν,
1229 1595 1400 1631 τελεώτερον,
1416 1595 1466 1621 οὑκ
1482 1594 1522 1621 ἔτι
1537 1594 1661 1630 ἐνεργείᾳ
1673 1595 1777 1630 nam,
1793 1594 1830 1625 ὡς
1842 1593 1894 1630 (70)

1108 1640 1251 1677 πρότερον,
1266 1641 1404 1672 οὖσιωδῶς
1418 1641 1455 1672 δὲ,
1471 1641 1508 1672 ὡς
1527 1641 1559 1667 ἂν
1574 1641 1645 1667 εἴποι
1668 1649 1720 1672 τις,
1739 1640 1896 1674 συγγινόμε-

1108 1686 1152 1712 νόν
1168 1694 1198 1711 τε
1215 1686 1260 1712 καὶ
1286 1685 1560 1721 συμπολιτευόμενον.
1593 1685 1716 1720 Ἔπρεπε
1740 1684 1806 1718 γὰρ,
1833 1683 1898 1710 Υἱοῦ

1109 1731 1270 1766 σωματικῶς
1287 1731 1352 1766 ἡμῖν
1372 1731 1563 1765 ὁμιλήσαντος,
1580 1732 1626 1757 καὶ
1638 1730 1704 1756 αὐτὸ
1715 1730 1834 1764 φανῆναι
1849 1737 1898 1755 σω-

1110 1776 1247 1811 ματικῶς·
1267 1777 1313 1803 καὶ
1334 1776 1452 1812 Χριστοῦ
1476 1777 1544 1812 πρὸς
1567 1776 1663 1802 ἑαυτὸν
1689 1775 1896 1806 ἐπανελθόντος,

1110 1822 1197 1847 ἐκεῖνο
1212 1821 1280 1856 πρὸς
1294 1821 1368 1856 ἡμᾶς
1382 1821 1523 1848 κατελθεῖν
1533 1829 1540 1837 ·
1554 1820 1700 1856 ἐρχόμενον
1723 1820 1772 1854 μὲν
1791 1820 1828 1851 ὼς
1841 1819 1896 1845 Κύ-

1110 1876 1178 1902 ριον,
1193 1867 1370 1902 πεμπόμενον
1383 1867 1412 1893 δὲ
1429 1867 1466 1899 ὡς
1484 1867 1533 1894 οὐκ
1552 1866 1684 1893 ἀντίθεον.
1696 1867 1729 1892 Αἱ
1742 1866 1796 1902 γὰρ
1811 1865 1900 1892 τοιαῦ-

1108 1921 1152 1938 ται
1175 1912 1263 1946 φωναὶ
1291 1912 1340 1948 οὐχ
1355 1910 1436 1948 ἧττον
1455 1913 1504 1948 τὴν
1518 1912 1642 1948 ὁμόνοιαν
1655 1911 1797 1947 δηλοῦσιν,
1814 1912 1830 1947 ἦ
1847 1912 1896 1946 φύε

1109 1966 1166 1990 σεις
1183 1959 1239 1994 (71)
1252 1959 1424 1994 χωρίζουσιν.

270 2013 350 2040 quar,
366 2007 444 2033 modo
460 2007 539 2039 adsit,
568 2006 702 2041 simulque
731 2012 866 2034 versetur.
894 2005 960 2032 Nam
982 2013 1044 2032 cum
1066 2004 1152 2032 Filius
1185 2013 1348 2040 corpoream
1368 2005 1510 2033 nobiscum
1538 2004 1762 2033 consuetudinem
1778 2004 1888 2032 habuis-

272 2056 331 2082 set,
364 2051 494 2086 Spiritum
525 2059 634 2086 quoque
666 2060 798 2088 corporeo
829 2053 910 2080 modo
927 2052 1002 2079 cerni
1031 2051 1231 2086 conveniebat;
1249 2057 1345 2080 etcum
1368 2052 1492 2079 Christus
1515 2052 1548 2079 ad
1573 2058 1634 2079 sese
1661 2059 1786 2078 reversus
1813 2056 1894 2081 esset,

272 2104 334 2123 eum
350 2097 383 2123 ad
403 2104 451 2123 nos
464 2097 630 2124 descendere
645 2098 793 2132 etquidem
823 2097 869 2131 ita,
887 2101 916 2124 ut
931 2101 969 2129 et,
999 2101 1127 2132 tanquam
1160 2096 1300 2130 Dominus,
1329 2097 1454 2130 veniret,
1485 2101 1522 2130 et,
1556 2101 1683 2131 tanquam
1713 2096 1768 2123 Deo
1797 2103 1895 2131 nequa-

271 2151 352 2179 quam
369 2143 520 2177 oppositus,
534 2144 696 2172 ntitteretur.
711 2144 819 2172 Etenim
851 2144 1004 2178 huiusmodi
1035 2152 1116 2173 voces
1149 2153 1203 2173 non
1238 2145 1328 2172 minus
1355 2145 1526 2172 concordiam
1546 2137 1696 2177 declarant,
1714 2151 1796 2179 quam
1824 2149 1898 2171 natu-

270 2194 328 2215 ram
346 2186 510 2214 distrahunt.

310 2232 367 2260 Xll.
383 2233 496 2265 Idcirco,
516 2238 576 2267 post
588 2233 726 2261 Christum
742 2232 850 2267 quidem
875 2234 991 2266 accedit,
1023 2241 1056 2261 ne
1071 2236 1094 2265 ι)

271 2278 427 2306 Paracletus
437 2278 516 2305 nobis
525 2278 595 2306 desit
611 2289 618 2306 :
636 2279 710 2305 Alius
725 2285 828 2310 autent,
847 2283 877 2305 ut
893 2284 919 2305 tu
946 2279 1056 2306 honoris

271 2324 454 2359 aequalitatem
471 2325 582 2359 cogites.
597 2324 674 2357 Quod
694 2324 766 2352 enim
785 2324 834 2357 ait,
860 2325 940 2357 alius,
963 2324 1055 2357 alium,

1146 2232 1197 2261 IB’.
1214 2231 1264 2258 Διὰ
1275 2232 1365 2262 τοῦτο,
1383 2231 1452 2267 μετὰ
1464 2231 1581 2267 Χριστὸν
1600 2232 1648 2267 μὲν
1659 2252 1666 2264 ,
1689 2231 1732 2258 ἵνα
1754 2231 1897 2268 Παράκλη-

1109 2287 1156 2310 τος
1167 2280 1235 2314 ἡμῖν
1261 2278 1297 2314 μὴ
1321 2277 1401 2314 λείπῃ
1415 2287 1421 2293 '
1439 2278 1547 2310 Ἄλλος
1561 2277 1600 2308 δὲ,
1631 2277 1674 2303 ἵνα
1695 2278 1728 2303 σὺ
1744 2278 1794 2312 τὴν
1810 2279 1901 2313 ὁμοτι-

1109 2325 1171 2361 μίαν
1187 2325 1243 2360 (ἸΞ)
1262 2324 1426 2360 ὲνθυμηοῇς.
1443 2324 1480 2350 Τὸ
1491 2323 1556 2359 γὰρ,
1573 2323 1678 2356 ἄλλος,
1691 2323 1771 2356 ἄλλος
1781 2322 1836 2355 οἷος
1845 2324 1900 2360 (75)

1147 2382 1203 2418 (66)
1218 2381 1455 2418 Καταρτίςῖωμεν.
1472 2390 1481 2406 ι
1495 2380 1726 2418 Componamus.»
1747 2381 1794 2408 Sic
1804 2389 1900 2415 utagtio

1111 2416 1243 2445 consensu
1254 2417 1331 2444 codd.
1346 2417 1374 2443 ln
1383 2417 1438 2448 ed.,
1449 2416 1675 2452 καταρτύσωμεν,
1685 2425 1695 2441 ι
1708 2417 1897 2443 instruamus.)

1149 2453 1204 2487 (67)
1228 2452 1394 2486 Οὑρανίοις.
1409 2452 1492 2486 Regg.
1511 2451 1566 2484 bm,
1581 2451 1626 2486 ph,
1642 2451 1688 2479 Or.
1708 2452 1730 2483 l,
1748 2452 1841 2482 Savil.,
1855 2452 1900 2477 οὺ-

1131 2488 1228 2514 avictu.

1114 2496 1253 2558 ξαῖἑὲῇῇ
1260 2521 1448 2548 Ἀναστάσει.
1456 2521 1501 2558 Sic
1511 2521 1599 2558 plures
1605 2521 1700 2557 Regg.,
1710 2529 1806 2548 novem
1813 2520 1900 2552 Collx,

1113 2557 1198 2585 Coisl.
1210 2558 1234 2589 Ι,
1250 2562 1301 2584 etc.
1316 2558 1394 2583 Deest
1409 2558 1442 2591 τῇ
1457 2557 1483 2582 in
1503 2557 1545 2584 ed.

1151 2593 1206 2627 (69)
1239 2593 1274 2619 Ὃ
1287 2592 1337 2618 καὶ
1351 2588 1596 2626 παν-η’ἧνιψίζομεν.
1612 2591 1658 2618 οι·.
1675 2591 1702 2621 1,
1715 2588 1737 2625 ᾧ
1751 2591 1798 2618 καὶ
1813 2600 1900 2625 πανη-

1114 2627 1272 2663 γυρίζομεν.
1291 2636 1300 2652 ι
1318 2627 1366 2663 Cui
1377 2628 1456 2663 etiam
1469 2629 1564 2663 festum
1579 2627 1648 2654 dietn
1667 2634 1871 2653 consecramus.
1888 2635 1897 2650 ι

1151 2661 1219 2696 (7ογ
1239 2663 1298 2695 Ὡς.
1315 2662 1389 2689 Pass.
1406 2662 1489 2693 addit,
1501 2661 1541 2688 τό.
1692 2693 1695 2696 _

1149 2699 1205 2733 (7|)
1222 2699 1343 2730 Φύσεις.
1363 2697 1407 2733 Sic
1419 2697 1510 2731 plures
1520 2696 1615 2732 ltegg..
1629 2695 1695 2724 octo
1707 2695 1797 2728 Colb.,
1818 2696 1900 2724 Coisl.

1111 2733 1140 2765 ‘2,
1154 2731 1210 2759 'ele.
1230 2733 1259 2759 ln
1271 2733 1324 2762 ed.,
1348 2731 1438 2766 φύσιν.

1150 2768 1205 2803 (72)
1226 2765 1406 2802 ’ομοτιμῖαν.
1434 2767 1558 2801 Quinque
1575 2765 1671 2802 Regg.,
1695 2766 1790 2794 decem
1814 2766 1900 2796 Colb..

1114 2809 1178 2831 etc..
1193 2803 1336 2837 ἰσοτιμίαν.
1363 2835 1376 2838 _
1492 2837 1505 2838 η
1524 2833 1529 2838 _

1151 2838 1208 2879 (Ὶρ)
1223 2835 1424 2879 ξἈξζιοςλοῖᾳς-ΣῚ
1442 2845 1452 2862 ι
1466 2835 1566 2879 ᾼΙὶιίιιι,
1579 2837 1727 2879 qualisego
1741 2844 1812 2879 sum.
1829 2845 1838 2862 ι
1858 2835 1902 2863 Sic

1114 2869 1204 2902 Coisl.’
1221 2873 1246 2905 l,
1262 2869 1349 2901 Nicet.
1366 2869 1500 2900 et'Comb.
1518 2869 1597 2900 Deest
1606 2869 1662 2903 οἷος
1675 2869 1701 2899 in
1718 2872 1762 2899 ed.

307 2382 364 2418 (64)
398 2382 572 2417 ’ορωμένας.
598 2381 672 2409 Unus
686 2381 775 2414 Colh.,
790 2382 963 2418 ὁρμωμένας.
981 2391 990 2407 ι
1009 2382 1057 2410 Ut-

271 2417 334 2453 pote
353 2425 413 2445 cum
434 2419 495 2452 igne
519 2418 668 2453 prolapsas.
689 2427 698 2443 ι
717 2417 777 2444 Bill.
798 2427 806 2443 ι
828 2417 861 2445 Ut
879 2426 938 2452 qute
951 2418 1058 2452 conspi-

270 2455 386 2481 ciantur.
408 2461 417 2478 ›

308 2488 364 2523 (65)
380 2488 617 2522 Δογματίσωμεν.
632 2487 725 2515 Billius
741 2487 766 2523 in
786 2495 871 2522 prima
887 2488 930 2515 ed.
946 2497 955 2513 ι
976 2487 1059 2515 Hodie

271 2523 333 2550 ﬁdei
348 2523 475 2558 dogmata
495 2531 686 2556 proponamus.
702 2532 711 2548 ι
730 2522 757 2549 Id
773 2527 825 2552 est,
838 2526 867 2548 ut
881 2523 992 2557 exponit
1016 2522 1060 2549 Ni-

271 2563 355 2589 eelas,
373 2567 382 2583 ι
404 2558 518 2585 ﬁdeliter
541 2558 662 2585 doctrina
677 2558 710 2584 de
733 2559 835 2592 Spiritu
848 2563 952 2589 sancto,
979 2565 1059 2592 quant

274 2593 412 2626 Scriptura
443 2593 520 2620 nobis
546 2592 634 2624 offert,
659 2598 782 2625 utamur;
798 2600 859 2619 cras
872 2598 960 2619 atttem
974 2593 1061 2619 artili-

273 2629 346 2654 riose
362 2628 536 2659 disseremus,
554 2634 581 2655 et
595 2629 628 2655 ab
645 2628 760 2655 honesto
785 2633 812 2655 et
834 2629 933 2655 decoro
953 2629 1062 2654 recede-

274 2670 352 2693 mus:
373 2663 398 2689 id
416 2668 466 2693 est.
494 2668 588 2697 argute
608 2668 635 2690 et
647 2663 801 2697 sophistice,
825 2667 851 2690 et
866 2671 897 2690 ex
914 2663 1062 2689 dialecticae

274 2699 341 2724 artis
356 2698 492 2733 legibuset
503 2698 628 2725 metltodo
643 2699 851 2733 disputationem
865 2698 1060 2733 instituemus.»

275 2733 354 2759 Addit
369 2732 476 2759 Nicetas
493 2741 500 2760 :
520 2742 529 2758 I
546 2733 606 2760 llaec
622 2734 713 2764 verba,
734 2742 743 2758 ι
759 2734 904 2760 doceamus
926 2737 952 2759 ct
966 2732 1063 2760 festum

274 2774 397 2803 agamus,
411 2776 420 2793 ι
436 2768 593 2795 consulendi
606 2769 695 2795 animo
708 2769 852 2799 dicuntur;
867 2768 923 2794 hzec
938 2772 1039 2800 autem,
1051 2777 1060 2794 ι

275 2803 423 2829 artiﬁciose
434 2803 600 2830 disseremus
611 2807 639 2830 et
658 2804 692 2830 ah
710 2804 822 2830 honesto
835 2808 861 2830 et
876 2803 974 2829 decoro
987 2810 1063 2829 reee--

277 2838 380 2868 (lt-mus.
408 2846 417 2862 ι
432 2842 496 2864 sttnt
521 2838 623 2869 ironice
648 2839 792 2872 loquentis,
810 2842 891 2870 atque
911 2837 1064 2872 hujusmodi

279 2880 321 2899 res
334 2873 492 2899 aversantis.
510 2872 585 2900 Unde
598 2878 625 2900 et
638 2873 830 2907 turpitudinem
844 2877 870 2899 et
880 2873 1063 2900 temulentiam

275 2915 324 2935 cu
337 2911 424 2942 vocat,
446 2911 525 2942 atque
540 2909 571 2935 ad
586 2908 671 2936 forum
686 2913 713 2935 ct
726 2908 832 2936 theatra
851 2908 947 2944 reiicit.
965 2917 974 2934 ι
