2013 3134
149 171 204 200 “5

666 173 796 203 ORATIO
815 174 884 203 XLI.
905 190 937 196 —
959 175 990 202 IN
1011 174 1271 204 PENTEGOSTEN.

1726 178 1779 205 “6

148 229 216 264 ἐγὼ,
231 227 403 257 καθίσταται.
432 229 517 257 Τοῦτο
530 230 558 257 δὲ
574 231 792 263 συνδεσποτείας,
811 231 869 258 ἀλλ’
894 232 934 259 οὐ)

995 233 1083 267 qualis
1097 241 1148 268 ego
1163 241 1233 266 sum,
1251 231 1403 260 constituit.
1421 231 1476 259 Hoc
1504 239 1584 267 porro
1607 240 1702 260 nomen
1732 242 1780 268 pa-

148 274 263 308 ἀτιμίας
278 275 374 310 δνομα.
389 275 427 302 Τὸ
442 275 508 311 γὰρ,
523 276 636 310 ἄλλος,
660 277 711 304 οὐκ
734 278 780 304 ἐπὶ
796 278 850 304 τῶν
865 279 941 305 ἀλλο-

149 321 245 356 τρίων,
262 321 320 347 ἀλλ’
335 321 382 347 ἐπὶ
395 321 450 348 τῶν
471 322 622 357 ὁμοουσίων
637 320 696 350 οἶδα
711 323 867 359 λεγόμενον.
897 324 942 351 Ἐν

148 367 288 400 γλώσσαις
301 366 341 399 δὲ,
353 367 398 394 διὰ
413 367 464 403 τὴν
482 368 550 403 πρὸς
566 368 611 394 τὸν
622 369 708 403 Λόγον
721 370 868 398 οἰκειωσιν.
887 370 942 396 Πν-

149 412 238 448 ρίναις
251 413 290 445 δὲ,
305 413 380 448 ξητῶ
394 414 507 450 πότερον
524 414 568 441 διὰ
584 414 633 450 τὴν
657 415 789 452 κάθαρσιν
802 414 871 452 (οἶδε
887 416 940 452 γὰρ

147 461 161 485 ὁ
177 458 256 493 λόγος
279 460 358 495 ὴμῶν
381 460 427 486 καὶ
450 460 506 496 πῦρ
522 460 720 497 καθαρτήριον,
749 462 786 494 ὡς
807 463 942 498 πανταχό-

148 505 194 530 θεν
207 505 264 541 [7-1]
296 506 469 542 βουλομένοις
493 507 610 542 ὑπάρχει
640 507 772 543 μαθεῖν)ο
791 509 807 544 ἢ
831 509 875 535 διὰ
891 509 940 545 τὴν

147 551 254 578 οὐσίαν.
268 551 328 588 Πῦρ
339 552 392 588 γὰρ
405 554 419 580 ὁ
430 553 494 584 Θεὸς
506 553 594 588 ἡμῶν,
608 554 655 580 καὶ
672 554 727 590 πῦρ
742 554 939 581 καταναλίσκον

147 597 196 632 τὴν
216 597 376 633 μοχθηρίαν,
390 598 440 625 κᾶν
459 598 540 626 πάλιν
563 599 720 634 ἀγανακτῇς
740 599 779 635 τῷ
809 600 940 635 ἥμοουσίῳ

147 642 408 678 στενοχωρούμενος.
425 644 627 679 Μεριζομέναις
645 644 683 674 δὲ,
700 645 745 672 διὰ
771 645 801 671 τὸ
821 645 875 672 τῶν
889 655 938 681 χα-

148 689 289 724 ρισμάτων
301 689 429 726 διάφορον
439 697 446 705 ·
458 690 654 726 καθεζομὲναις
666 691 705 723 δὲ,
722 691 766 718 διὰ
787 692 817 718 τὸ
836 692 940 727 βασιλι-

147 735 206 766 κὺν,
223 735 270 761 καὶ
284 735 334 770 τὴν
349 736 378 762 ὲν
392 737 448 768 τοῖς
464 736 520 771 (75)
531 737 619 770 ἁγίοις
632 737 800 764 ἀνάπαυσιν·
817 739 878 765 ἐπεὶ
891 740 938 766 καὶ

147 780 216 807 Θεοῦ
229 781 324 816 θρόνος
339 782 373 809 τὰ
392 783 534 818 χερουϐἱμ.
561 784 604 810 Ἑν
620 783 736 820 ὑπερῴῳ
757 784 784 811 δὲ
795 785 830 820 (εἰ
847 786 883 821 μὴ
899 794 938 820 τῳ

147 827 357 863 περιεργότερος
369 826 438 855 εἶναι
460 829 529 856 δοκῶ
541 829 588 856 τοῦ
605 829 733 865 δέοντος),
748 830 792 857 διὰ
807 831 856 866 τὴν
871 831 937 858 ἀνά-

146 873 226 899 ϐασιν
242 873 297 900 τῶν
311 874 470 909 δεξομένων,
485 876 531 902 καὶ
543 875 592 911 τὴν
606 876 724 912 χαμόθεν
737 877 862 913 ἔπαρσιν·
876 878 937 904 ἐπεὶ

996 286 1052 306 rem
1065 279 1169 313 tmperii
1184 278 1296 313 gradum
1316 279 1427 311 iudicat,
1445 286 1497 305 non
1511 278 1697 314 ignominiam.
1720 279 1779 308 Vox

996 325 1079 357 enim,
1094 325 1175 357 alius,
1192 331 1245 351 non
1264 324 1296 351 de
1311 324 1418 355 alienis,
1448 324 1495 350 sed
1520 325 1555 351 de
1583 324 1627 357 iis,
1659 332 1774 359 quorum

991 371 1084 398 eadem
1104 371 1254 398 substantia
1270 376 1322 402 est,
1340 375 1496 404 usurpatur.
1513 370 1573 397 Jam
1587 378 1651 398 vero
1666 371 1693 398 in
1721 371 1775 398 lin.

991 417 1051 451 guis
1082 420 1203 450 apparet,
1232 420 1340 450 propter
1379 417 1567 450 cognationem
1595 423 1672 450 eam,
1694 424 1776 451 quam

991 469 1052 488 cum
1070 461 1157 488 Verbo
1170 461 1261 488 habet.
1277 461 1332 488 Cur
1346 466 1437 488 autem
1466 461 1491 488 in
1516 461 1615 494 linguis
1639 461 1776 496 igneis”?

993 507 1088 534 Utrum
1108 512 1219 542 propter
1233 507 1418 542 purgationem
1437 506 1519 542 (ignis
1538 513 1629 534 autem
1657 515 1775 542 purgan-

991 553 1026 579 tis
1039 553 1181 587 Scriptura
1208 552 1342 586 meminit,
1375 553 1603 586 quemadmodum
1627 551 1714 578 cuivis
1735 553 1776 578 di-

990 606 1067 626 scere
1082 603 1237 633 promptum
1253 599 1326 632 est);
1343 606 1378 625 an
1395 605 1460 624 vero
1476 601 1585 632 propter
1603 597 1749 624 essentiam
1764 597 1776 624 ?

991 643 1061 670 Deus
1076 644 1149 671 enim
1161 648 1254 670 noster
1267 643 1336 678 ignis
1352 647 1393 670 est
1407 643 1440 675 7°,
1457 646 1484 669 et
1499 643 1606 677 quidem
1628 643 1698 676 ignis
1723 642 1776 672 im.-

990 689 1152 724 probitatem
1174 689 1332 722 absumens,
1360 688 1537 716 discrucieris
1566 695 1676 715 rursum
1714 687 1777 715 licet

989 740 1101 771 propter
1127 735 1389 764 consubstantialem
1416 735 1442 762 in
1466 735 1606 770 angustias
1639 733 1774 761 redactus.

987 781 1076 815 Atque
1095 780 1122 807 in
1143 779 1292 814 dispertitis
1302 780 1411 814 quidem
1428 779 1527 814 linguis
1541 783 1654 814 apparet
1671 778 1706 810 7',
1736 779 1772 805 ob

988 827 1136 862 gratiarum
1177 825 1379 859 diversitatem;
1420 826 1577 853 sedentibus
1606 831 1695 852 autem
1729 825 1775 856 7‘,

988 876 1097 908 propter
1110 879 1189 906 regue
1205 871 1346 906 dignitatis
1369 871 1576 902 excellentiam,
1597 871 1710 906 ejusque
1727 878 1774 897 su-

146 919 194 946 καὶ
211 919 288 946 ὕδασι.
316 919 397 952 θείοις
427 921 538 957 ὑπερῷά
563 930 623 948 τινα
650 922 820 957 στεγάζεται,
847 923 880 949 δι’
898 920 934 950 ὦν

989 926 1037 953 per
1053 923 1160 946 sanctos
1172 919 1310 953 requiem;
1325 917 1546 952 quandoquidem
1573 918 1643 945 Deus
1666 925 1774 952 quoque

146 965 272 999 ὑμνεῖται
289 965 366 997 Θεός.
391 967 446 993 Καὶ
480 967 584 1002 Ἰησοῦς
599 967 680 999 αὐτὸς
705 968 734 994 ἐν
758 968 873 1004 ὑπερῴῳ
887 968 934 995 τοῦ

147 1011 297 1047 μυστηρίου
310 1014 433 1039 κοινωνεῖ
447 1014 502 1045 τοῖς
521 1013 555 1040 τὰ
577 1013 730 1049 ὑψηλότερα
749 1013 932 1050 τελουμένοις,

145 1058 190 1084 ἴνα
209 1058 298 1085 έκεῖνο
311 1059 490 1095 παραδειχοῇ,
506 1060 547 1086 ὅτι
564 1060 594 1086 τὸ
608 1060 657 1095 μέν
681 1069 706 1087 τι
733 1060 882 1096 καταϐῆναι
898 1061 938 1088 δεῖ

144 1103 212 1130 Θεὸν
226 1105 294 1140 πρὸς
310 1106 394 1140 ἡμᾶς,
410 1105 424 1132 ὃ
443 1106 489 1132 καὶ
504 1106 635 1142 πρότερον
653 1106 698 1132 ἐπὶ
716 1106 857 1138 Μωῦσέως
879 1105 938 1134 οἶδα

145 1149 308 1186 γενόμενον,
334 1151 364 1178 τὸ
387 1151 415 1177 δὲ
443 1152 516 1186 ἡμᾶς
535 1152 688 1186 ἀναϐῆναι,
712 1152 759 1178 καὶ
778 1152 849 1178 οὕτω
863 1152 937 1186 γενέ-

145 1196 209 1223 σθαι
222 1197 278 1232 (76)
294 1197 435 1224 κοινωνίαν
451 1198 518 1224 Θεοῦ
534 1198 602 1234 πρὸς
621 1197 790 1234 ἀνθρώπους,
801 1198 852 1234 τῆς
860 1198 939 1231 ἀξίας

146 1241 367 1277 συγκιρναμένης
396 1241 468 1274 Ἕως
493 1242 516 1269 δ’
537 1242 570 1269 ἂν
588 1243 718 1279 ἑκάτερον
735 1243 782 1270 ὲπὶ
804 1244 853 1279 τῆς
872 1244 938 1276 ἰδίας

146 1285 226 1322 μένῃ,
255 1286 285 1313 τὺ
315 1287 365 1322 μὲν
383 1288 525 1323 περιωπῆς
540 1288 614 1324 (77),
639 1288 670 1315 τὸ
687 1288 715 1315 δὲ
737 1289 936 1322 ταπεινώσεως,

145 1333 260 1366 ἄμικτος
275 1334 291 1368 ἡ
309 1333 455 1369 ἀγαθότης,
473 1335 519 1361 καὶ
532 1335 562 1361 τὸ
578 1334 768 1372 φιλάνθρωπον
787 1335 936 1372 ἀκοινώνη-

145 1387 190 1405 τον
203 1387 209 1393 ·
226 1380 273 1406 καὶ
286 1380 390 1416 ’χάσμα
407 1381 462 1416 (78)
474 1381 593 1417 ἐνμέσῳ
610 1381 681 1417 μέγα
709 1383 756 1409 καὶ
781 1383 935 1411 ἀδιάῦατον.

143 1425 173 1451 οὗ
188 1425 233 1452 τὸν
244 1426 369 1453 πλούσιον
383 1427 429 1453 τοῦ
440 1428 566 1463 Λαζάρου
586 1428 675 1462 μόνον,
690 1429 736 1455 καὶ
747 1428 802 1455 τῶν
815 1428 936 1463 ὁρεκτῶν

150 1470 276 1507 Ἀϐραὰμ
288 1472 395 1499 κόλπων
410 1473 537 1509 διεῖργον,
562 1473 611 1509 τὴν
622 1474 650 1500 δὲ
663 1473 778 1510 γενητὴν
792 1473 873 1509 φύσιν
887 1475 935 1501 καὶ

144 1516 270 1551 ῥέουσαν,
285 1518 335 1553 τῆς
353 1519 484 1555 ἀγενήτου
506 1519 560 1555 (79)
575 1521 621 1546 καὶ
633 1521 788 1556 ἑστηκυίας.

989 972 1037 998 pro
1052 965 1148 991 throno
1163 963 1328 991 cherubinos
1340 964 1420 991 habet
1433 963 1466 990 ⁷³.
1478 963 1506 990 1η
1515 962 1655 990 ctenaculo
1679 970 1742 989 vero
1750 961 1774 977 ⁷⁸

988 1010 1051 1046 (nisi
1065 1010 1135 1037 forte
1152 1010 1285 1038 curiosius
1315 1017 1395 1044 quam
1416 1017 1465 1044 par
1487 1009 1533 1041 sit,
1564 1009 1614 1036 ista
1645 1008 1773 1043 persequi

986 1057 1100 1091 videor),
1116 1062 1227 1092 propter
1249 1064 1342 1084 eorum
1363 1057 1408 1092 qui
1430 1055 1566 1091 accepturi
1584 1059 1655 1088 sunt,
1677 1062 1773 1082 ascen-

986 1104 1106 1136 sionem,
1133 1109 1215 1139 atque
1239 1111 1254 1131 a
1291 1109 1362 1131 terra
1392 1103 1595 1131 subvectionem
1624 1111 1631 1129 :
1658 1109 1721 1128 nam
1745 1106 1773 1128 et

986 1151 1126 1178 cenacula
1143 1151 1266 1186 quaedam
1282 1150 1382 1177 divinis
1398 1150 1486 1185 aquis,
1502 1157 1517 1176 a
1533 1149 1630 1183 quibus
1648 1148 1692 1175 Dei
1705 1155 1769 1182 quos

986 1204 1040 1231 que
1053 1196 1148 1224 laudes
1163 1196 1346 1229 celebrantur,
1364 1196 1416 1229 tegi
1437 1195 1591 1222 audivimus
1622 1194 1656 1220 ⁷⁵.
1682 1193 1770 1226 Atque

987 1243 1045 1277 ipse
1058 1241 1147 1274 Jesus,
1164 1249 1227 1269 cum
1242 1241 1447 1268 sublimioribus
1459 1240 1540 1267 rebus
1555 1238 1702 1273 discipulos
1718 1239 1771 1265 ini-

986 1289 1078 1321 tiaret,
1096 1289 1254 1322 mysterium
1291 1287 1356 1322 ipsis
1385 1288 1412 1314 in
1430 1286 1571 1313 ctenaculo
1596 1284 1717 1319 impertit
1736 1283 1770 1315 ⁷⁸.

985 1339 1014 1361 ut
1029 1334 1093 1361 illud
1109 1333 1252 1364 indicetur,
1264 1337 1291 1360 et
1308 1333 1392 1360 Deum
1406 1333 1438 1358 ad
1452 1339 1500 1358 nos
1512 1331 1676 1358 descendere
1691 1337 1772 1364 opor-

985 1385 1053 1412 tere,
1071 1379 1299 1414 quemadmodum
1325 1378 1389 1405 olim
1403 1378 1428 1404 in
1443 1377 1536 1412 Moyse
1552 1377 1700 1410 contigisse
1716 1376 1771 1402 sci-

985 1433 1045 1453 mus
1058 1426 1092 1459 ⁷⁷,
1112 1431 1140 1453 et
1154 1433 1203 1452 nos
1225 1426 1258 1452 ad
1288 1431 1349 1451 eum
1375 1423 1532 1455 ascendere,
1563 1423 1656 1456 sicque
1686 1421 1768 1448 Deum

984 1478 1044 1500 cum
1056 1471 1211 1500 hominibus
1218 1471 1384 1498 consortium
1394 1468 1770 1504 ἱιιίιεπήιόίειιίιιιιθεοιιι-

984 1519 1074 1548 mista.
1089 1519 1212 1553 Quandiu
1227 1523 1317 1545 autem
1351 1523 1463 1551 uterque
1482 1516 1509 1543 in
1525 1515 1640 1551 propriis
1661 1521 1769 1541 manse-

145 1563 188 1594 rit,
204 1562 275 1591 Deus
292 1565 395 1592 scilicet
408 1567 434 1592 in
455 1573 503 1593 sua
528 1566 645 1601 specula,
674 1571 702 1594 et
725 1567 806 1594 homo
820 1568 847 1595 in
876 1566 1031 1594 humilitate
1064 1573 1125 1598 sua,
1159 1572 1209 1593 nec
1225 1564 1332 1592 bonitas
1363 1563 1533 1594 miscebitur,
1569 1568 1619 1588 nec
1644 1561 1766 1596 benigni-

144 1614 186 1636 tas
219 1611 480 1645 communicabitur;
518 1613 564 1640 sed
600 1613 653 1640 erit
671 1621 798 1649 magnum
822 1620 850 1641 et
873 1613 1060 1642 inextricabile
1090 1614 1174 1641 chaos
1194 1611 1363 1646 interiectum
1391 1611 1425 1644 ⁷⁸,
1451 1618 1503 1638 ιιοιι
1540 1610 1619 1637 modo
1651 1609 1764 1637 divitem

144 1664 157 1681 a
173 1655 288 1690 Lazaro,
304 1662 331 1685 et
341 1660 490 1694 expetendo
513 1659 558 1688 illo
570 1659 757 1695 Abrahzesmu
781 1660 922 1693 dirimens,
943 1667 1035 1688 verum
1050 1660 1132 1688 etiam
1156 1663 1326 1695 procreatam
1357 1663 1385 1685 et
1418 1657 1517 1684 ﬂuxam
1533 1661 1614 1691 atque
1638 1656 1768 1683 caducum

144 1708 281 1734 naturam.
299 1705 332 1731 ab
349 1704 471 1733 increata
483 1710 510 1733 et
521 1705 621 1733 stabili.

179 1751 227 1777 ll".
243 1751 328 1778 Τουτο
339 1752 478 1788 ἐκηρύχθη
495 1753 544 1789 μὲν
558 1753 611 1780 ὑπὸ
622 1753 676 1780 τῶν
688 1754 844 1790 προφητῶν,
859 1754 896 1786 ὡς
905 1755 934 1781 ἐν

1022 1751 1091 1780 Xlll.
1111 1751 1162 1778 [lic
1191 1758 1205 1777 ιι
1234 1749 1374 1785 prophetis
1398 1747 1507 1782 quidem
1531 1745 1692 1781 prmdicatus
1716 1747 1768 1776 est,

143 1794 181 1829 τῷ
196 1795 262 1830 (80),
278 1796 399 1832 Πνεῦμα
410 1797 519 1832 Kvplov
533 1798 580 1824 ἐπ’
593 1799 646 1833 ἐμέ
661 1799 736 1834 (81)”
760 1800 807 1827 καὶ
817 1821 824 1833 ,
852 1800 931 1827 Ἀνα-

142 1842 290 1868 πιιύσεται
301 1842 347 1869 ἐπ’
361 1843 454 1870 αὑτὸν
467 1843 543 1871 ἑπτὰ
558 1845 717 1880 Πνεύματα
726 1853 732 1860 ’
749 1845 806 1878 καὶ,
817 1845 931 1880 Κατέϐη

142 1887 265 1922 Πνεῦμα
277 1889 386 1922 Κυρίου
402 1888 468 1924 (82).
486 1889 535 1916 καὶ
551 1889 708 1925 ὡδήγησεν
720 1891 831 1924 αὐτούς
843 1899 850 1906 ·
874 1891 930 1924 καὶ,

143 1932 255 1968 Πνεῦμα
269 1934 425 1969 ἐπιστήμης
450 1935 593 1971 ἐμπλῆσαν
617 1936 748 1971 Βεσελεὴλ
762 1936 807 1963 τὸν
824 1937 932 1972 ἀρχιτέ-

143 1987 224 2004 κτονα
251 1979 300 2014 τῆς
328 1980 430 2014 σκηνῆς
442 1988 448 1994 “
467 1981 512 2008 καὶ
525 2001 532 2013 ,
559 1980 671 2016 Πνεῦμα
693 1980 910 2017 παροξυνόμενον
922 1991 929 1998 ·

143 2024 201 2055 καὶ,
220 2024 332 2059 Πνεῦμα
344 2025 444 2061 ὲξᾶραν
460 2025 554 2053 ΊῙλίαν
582 2027 611 2054 ὲν
626 2026 738 2062 ἅρματι,
755 2028 802 2054 καὶ
815 2027 932 2063 mnes;

146 2067 224 2104 παρὰ
243 2069 393 2096 Ἐλισσαίου
421 2069 579 2098 διπλάσιον·
595 2070 653 2102 καὶ,
681 2071 814 2107 πνεύματι
838 2071 932 2107 ἀγαθῷ

142 2115 190 2140 καὶ
205 2115 361 2150 ἡγεμονικῷ
377 2116 459 2142 Δαῦὶδ
471 2116 650 2152 ὁδηγούμενός
664 2126 694 2144 τε
709 2118 756 2144 καὶ
771 2118 932 2154 στηριζόμε-

143 2168 197 2190 νος.
220 2159 392 2195 Ἐπηγγέλθη
409 2160 448 2193 δὲ,
463 2161 514 2187 ὑπὸ
537 2162 586 2196 μὲν
607 2162 682 2197 Ἰωὴλ
705 2162 854 2198 πρότερον·
878 2163 931 2190 Καὶ

142 2205 228 2232 ἔσται
242 2205 277 2232 ἐν
290 2205 356 2239 ταῖς
367 2206 511 2240 ἐσχάταις
530 2207 664 2242 ἡμέραις,
681 2208 840 2244 λέγοντοςθ
864 2210 930 2237 Ἐκ-

984 1798 1212 1834 quemadmodum
1255 1803 1288 1824 ex
1329 1795 1372 1822 his
1403 1794 1555 1828 Scriptura:
1577 1791 1643 1818 locis
1674 1793 1766 1824 patet:

984 1845 1100 1880 Spiritus
1114 1843 1220 1870 Domini
1237 1850 1314 1876 super
1325 1849 1366 1868 me
1377 1841 1419 1867 ἠε
1436 1843 1474 1868 et.
1501 1837 1668 1873 Requiescth
1693 1844 1768 1870 super

983 1900 1042 1919 cum
1057 1890 1171 1925 Spiritus
1197 1894 1292 1923 septem
1308 1888 1349 1915 ⁸ος
1379 1887 1455 1919 item,
1488 1885 1627 1912 Descendit
1651 1883 1768 1919 Spiritus

982 1937 1101 1970 Domini,
1120 1941 1144 1963 et
1157 1935 1265 1962 deduxit
1277 1943 1320 1961 eos
1339 1934 1360 1949 ⁸¹
1377 1941 1385 1960 :
1403 1932 1435 1959 ad
1456 1932 1523 1964 lucc,
1537 1930 1656 1966 Spiritus
1674 1930 1766 1957 scien-

983 1983 1027 2010 tiae
1042 1991 1055 2009 a
1067 1990 1120 2016 quo
1133 1981 1261 2012 Beseleel,
1275 1977 1443 2007 tabernaculi
1465 1977 1642 2007 architectus,
1677 1975 1768 2010 imple-

983 2032 1028 2055 tus
1043 2032 1084 2054 est
1098 2027 1121 2042 θ’
1138 2034 1188 2053 :ac
1219 2030 1361 2060 praeterea,
1394 2022 1513 2057 Spiritus
1539 2021 1571 2048 ad
1598 2021 1766 2048 iracundiam

981 2077 1149 2109 provocatus
1161 2072 1184 2088 ⁸⁸
1200 2081 1207 2099 :
1227 2072 1345 2105 insuper,
1361 2068 1479 2103 Spiritus
1490 2067 1535 2102 qui
1551 2067 1766 2094 Eliamincurru

980 2118 1088 2150 extulit,
1103 2125 1134 2144 ac
1152 2116 1248 2151 duplex
1261 2117 1294 2142 ab
1312 2115 1403 2142 Eliseo
1420 2114 1570 2148 postulatus
1583 2117 1625 2140 est
1640 2111 1682 2139 ⁸δε
1698 2112 1766 2139 adde

982 2165 1107 2198 spiritum
1123 2164 1221 2191 bonum
1243 2167 1271 2190 et
1291 2160 1466 2196 principalem
1486 2159 1520 2191 ⁸⁵,
1536 2166 1590 2194 quo
1606 2158 1688 2185 David
1720 2158 1766 2184 dc-

984 2211 1091 2238 ducilur
1105 2215 1131 2238 et
1147 2210 1332 2236 conﬁrmatur.
1348 2207 1499 2234 l’romissus
1510 2210 1600 2232 autem
1617 2209 1673 2237 est;
1686 2201 1762 2238 prius

143 2251 200 2285 χεῶ
221 2251 281 2279 ἀπὸ
300 2252 354 2280 τοῦ
376 2254 548 2289 Ιινεύματός
572 2263 632 2289 μου
647 2254 696 2281 ἐπὶ
714 2255 817 2283 πᾶσαν
829 2256 929 2290 σάρκα

987 2257 1095 2292 quidem
1111 2263 1125 2283 a
1142 2255 1217 2283 .Ioele
1231 2254 1273 2282 his
1286 2253 1377 2281 verbis
1391 2256 1485 2279 ntente
1501 2261 1508 2279 :
1525 2251 1561 2278 Et
1586 2251 1635 2277 erit
1661 2251 1690 2277 iu
1719 2258 1766 2276 no-

176 2332 200 2348 "
214 2332 274 2359 Art.
291 2332 345 2364 ",5
357 2341 415 2368 sqq.
452 2333 475 2349 ⁷⁸
491 2333 568 2361 Deut.
590 2343 627 2366 IV,
646 2335 691 2362 24.
731 2336 753 2351 ⁷¹
770 2335 827 2363 Act.
841 2345 870 2367 ιι,
886 2337 913 2363 5.

986 2337 1050 2364 ibid.
1087 2336 1110 2352 "
1126 2336 1176 2364 lsa.
1190 2343 1294 2365 xxxv".
1311 2335 1355 2362 i6.
1393 2333 1416 2349 7‘
1431 2332 1490 2368 Act.
1505 2339 1524 2363 ι,
1543 2330 1586 2357 15,

142 2376 219 2405 “tu:
234 2368 288 2405 35_;
304 2369 364 2405 {\ct.
378 2376 416 2398 lx.
445 2368 494 2405 37.7
528 2369 553 2405 "7
570 2369 633 2397 Luc.
661 2378 727 2401 χχιι,
746 2371 781 2397 ⁸22
797 2379 856 2405 sqq.

143 2402 227 2465 ἰιῇ.
264 2402 286 2418 ⁸¹
304 2403 356 2431 lsa.
373 2411 451 2437 unt,
465 2403 507 2432 M.
545 2404 568 2420 "
585 2405 669 2432 Exod.
692 2413 772 2438 xxxv,
793 2402 911 2442 50'sqq.

179 2507 451 2543 (7ι1)Πανι-ᾳχόοεν.
470 2507 553 2543 Regg.
575 2507 630 2540 bm,
656 2508 702 2543 ph,
723 2508 815 2536 decem
839 2509 929 2542 Colb.,

142 2549 192 2569 etc.
199 2562 205 2570 .
221 2542 394 2578 πολλαχόθεν.

176 2578 234 2613 (75)
249 2579 316 2604 ιἚν
325 2577 397 2610 τοῖς.
420 2577 485 2613 Regi.
511 2578 546 2611 ph
564 2582 590 2605 et
609 2585 657 2605 sex
678 2577 765 2609 Colb.,
782 2578 829 2604 ἐπὶ
858 2580 928 2611 τοῖς.

175 2613 233 2647 (76)
248 2613 303 2648 Καὶ
321 2612 562 2648 οὖτωηγενέσθαι.
585 2618 636 2640 etc.
663 2613 749 2641 Nicet.
776 2613 929 2648 Συγκιρνω-

179 2657 224 2674 νου
234 2647 281 2674 τοῦ
296 2648 367 2674 Θείου
379 2647 532 2684 ἀξιώματος
539 2649 572 2683 τῇ
588 2648 719 2684 εὐτελείᾳ·
737 2657 746 2673 ι
765 2647 930 2676 ῡὸνίιιειιιιιι-

139 2683 238 2716 ja-stale
253 2691 283 2710 se
308 2689 407 2710 nostra:
423 2683 518 2709 vilitati
536 2683 736 2710 commiscente.
756 2692 765 2708 ι
782 2683 838 2711 Non
862 2684 930 2712 bene

141 2718 234 2746 Dillius
252 2725 260 2744 :
284 2727 293 2743 ‹
312 2719 405 2751 sicque
419 2718 488 2743 inter
501 2718 583 2744 Deum
594 2719 749 2745 ethomines
762 2719 927 2746 consortium

142 2753 217 2784 iniri,
247 2753 389 2786 utriusque
408 2752 541 2788 rvidelicet
566 2753 696 2788 dignitate
717 2754 786 2780 inter
805 2761 834 2780 se
851 2761 927 2780 com-

142 2789 238 2820 niista;
260 2797 269 2813 ι
291 2787 370 2822 quasi
389 2787 478 2822 aliqua
498 2792 569 2815 esset
582 2788 699 2816 hominis
721 2788 838 2823 dignitas
865 2796 925 2816 cum

143 2824 197 2850 Deo
213 2823 323 2854 collata.’

177 2858 233 2894 (77)
249 2856 414 2894 Περιωῐζῆς.
431 2856 476 2886 Sic
501 2857 562 2886 Bas.
577 2859 619 2887 ed.
640 2863 668 2887 et
687 2857 780 2887 Comb.
799 2859 862 2894 Alii,
877 2868 925 2886 7:2-

143 2893 250 2928 ριοπῆς,
264 2892 344 2921 male.
359 2893 435 2919 Ευιτ.

1625 2330 1647 2346 ’⁸
1663 2328 1684 2356 11
1698 2329 1764 2364 Reg.

894 2371 1005 2399 "Exod.
1024 2380 1063 2405 ιιι,
1088 2371 1115 2398 2.
1155 2371 1178 2387 ⁷⁸
1192 2371 1256 2398 Luc.
1274 2378 1327 2400 xw,
1352 2369 1396 2395 26.
1437 2367 1457 2382 "
1473 2367 1595 2405 Ιδςιζωίι,
1610 2365 1634 2392 1.
1653 2365 1763 2405 __“°“lsa.

961 2407 984 2423 ⁸³
1002 2400 1062 2434 Ιειιί
1083 2414 1159 2440 LXIII,
1193 2407 1235 2434 10.
1274 2406 1296 2421 ⁵³⁸
1312 2405 1344 2433 ιν
1367 2405 1431 2440 Reg.
1458 2410 1488 2434 ll,
1519 2402 1535 2428 9
1550 2409 1610 2435 sqq.
1653 2400 1675 2416 ⁵⁵
1694 2401 1764 2427 Psal.

1016 2509 1072 2545 (78)
1086 2509 1202 2545 Χάσμα,
1211 2515 1262 2536 etc.
1286 2519 1297 2536 ι
1311 2510 1425 2544 Vorago.
1446 2509 1656 2545 hiatusinagnus
1671 2512 1697 2534 et
1712 2507 1764 2545 im_-

981 2542 1162 2578 periiieabilis.
1173 2555 1181 2570 ι
1196 2545 1287 2573 Plures
1300 2542 1405 2572 codicés
1421 2545 1471 2572 hoc
1488 2544 1582 2572 ordine
1599 2544 1705 2577 legunt:
1717 2542 1765 2577 χά-

981 2588 1037 2616 σμα
1048 2580 1119 2615 μέγα
1129 2581 1156 2607 ἑν
1169 2580 1253 2616 μέσῳ.

1017 2611 1072 2651 (71))
1089 2611 1262 2648 Tam-tim...
1280 2614 1436 2649 ὰγενήτου.
1464 2613 1509 2651 Sic
1524 2613 1643 2649 plerique
1656 2611 1764 2646 optima:

981 2649 1050 2678 nolim
1065 2651 1140 2686 enim.
1159 2651 1187 2686 lu
1201 2651 1256 2686 ed.,
1266 2650 1441 2686 γγεννητὴν...
1463 2649 1620 2686 ᾴγεννήτου.

1021 2685 1076 2719 (80)
1091 2685 1139 2717 Ὧς
1152 2685 1187 2711 ἐν
1200 2684 1249 2716 τῷ.
1263 2685 1307 2712 Sic
1322 2684 1405 2719 ltrgg.
1420 2690 1446 2712 ct
1461 2685 1536 2712 Colb.
1550 2685 1648 2718 plures.
1659 2684 1688 2710 ln
1701 2690 1764 2710 n‘on-

981 2721 1071 2751 nullis,
1085 2719 1122 2750 ὡς
1137 2719 1166 2745 ἓν
1177 2719 1389 2755 16.7lnred.,éui;
1403 2719 1433 2746 ἓν
1449 2719 1497 2755 τῷ.

1018 2755 1073 2789 (8|)
1096 2754 1229 2789 Ἐτίὲμέ.
1249 2753 1372 2781 Nonnulli
1380 2750 1599 2786 'coddfaddunt,
1612 2750 1642 2781 οὗ
1659 2754 1763 2780 εἵνεκεν

976 2789 1070 2851 [Ei-(ﬁgam
1085 2798 1128 2825 με.
1147 2798 1156 2815 ι
1171 2789 1316 2824 Propterea
1331 2791 1407 2816 unxit
1421 2798 1472 2817 me.
1489 2799 1498 2815 ι
1510 2789 1556 2817 Sic
1567 2791 1648 2817 etiam
1661 2790 1763 2825 legerat

1002 2834 1006 2851 l
1030 2832 1079 2851 ms.

1002 2832 1079 2851 1111115.

997 2860 1070 2903 ,(82)
1091 2859 1213 2894 Πνεῦμα
1225 2859 1346 2894 Κιφίου.
1371 2858 1400 2887 In
1431 2860 1598 2895 quibusdam,
1620 2859 1695 2896 παρὰ
1706 2860 1762 2888 Κυ-

977 2903 1044 2931 ριου.
