2013 3134
132 166 178 194 [53
630 165 758 195 ORATIO
776 165 856 194 XL“.
876 182 910 187 -—-
930 166 1119 195 SUPREMUM
1139 168 1240 195 VALE.
1695 167 1750 195 158

406 300 485 337 ⁷⁸⁵
511 309 797 355 MONITUM
838 309 899 353 IN
937 307 1296 354 ORATIONEM
1333 308 1489 352 XLII.

921 405 954 413 -——

169 473 195 503 1.
221 472 289 502 1am
305 470 410 500 medio
425 470 549 501 circiter
564 471 648 502 Maio
666 472 741 502 anni
757 472 815 503 381
832 470 975 509 plerique
996 471 1175 502 Orientales
1191 471 1395 510 episcopi,ad
1419 471 1588 503 concilium
1605 481 1620 503 a
1646 473 1751 503 Theo-

130 512 222 544 dosio
236 512 423 550 imperatore
439 511 554 546 vocali,
570 511 883 550 Constantinopolim
898 511 1105 540 advenerant.
1130 511 1281 541 Damnata
1303 512 1440 549 primum
1457 512 1489 541 in
1508 513 1631 548 synodo
1648 513 1752 542 Maxi-

134 552 179 582 mi'
193 549 308 590 Cynici
322 548 538 590 ordinatione,
555 550 741 587 Gregorius,
762 548 834 581 licet
859 549 998 590 clamans
1017 554 1046 590 et
1065 550 1245 585 reluctans,
1271 548 1413 581 unanimi
1443 552 1567 581 Patrum
1597 551 1750 589 suﬂragio

131 588 496 625 Constantinopolitanm
514 589 662 620 Ecclesiae
679 590 857 627 przeticitur.
883 589 952 618 Non
980 589 1080 619 multo
1109 592 1179 626 post
1206 590 1340 620 moritur
1359 591 1520 625 Meletius,
1540 588 1751 621 Antiochcnaa

133 630 220 661 sedis
242 629 386 668 antistes,
409 628 636 668 vir-sanctitate
652 629 841 659 etdoctrina
867 628 1082 665 conspicuns‘,
1105 627 1160 668 qui
1187 629 1282 667 paulo
1308 633 1400 664 ante,
1430 630 1606 660 concordiae
1636 630 1749 668 magis,

133 677 230 708 quam
247 667 383 706 propria:
398 667 527 708 utilitati
548 668 732 702 consulens,
748 668 916 708 Paulinum
941 676 1003 697 una
1023 676 1129 697 secum
1158 668 1190 697 in
1211 668 1387 708 episcopali
1410 669 1484 700 sede
1509 669 1655 699 collocari
1681 667 1751 707 per-

133 706 275 743 miserat,
292 715 334 747 ea
344 711 448 736 tamen
466 706 547 745 lege,
563 710 607 743 ut,
623 707 789 747 exstincto
806 707 927 747 altero._
940 707 1017 736 alter
1039 707 1349 747 solusAntiochenaa
1365 709 1451 739 sedis
1467 708 1636 746 cpiscopus
1652 706 1750 745 agno-

132 752 285 778 sceretur.
308 745 427 786 Verum
452 750 523 784 post
547 745 668 776 Meletii
689 751 837 782 mortem,
859 745 1002 784 iuniores
1025 746 1176 786 praesules
1202 745 1288 776 litem
1308 747 1364 777 hac
1384 748 1422 778 de
1441 757 1473 778 re
1488 745 1624 778 movere
1649 756 1751 786 cmpe-

132 790 220 821 runt,
246 790 277 816 et
300 785 338 815 de
360 785 507 825 eligendo
532 794 730 822 successore,
754 794 867 825 magno
886 793 958 815 cum
988 785 1138 825 tumultu,
1159 785 1191 814 in
1207 786 1330 825 synodo
1356 790 1488 816 tractare
1503 786 1644 825 aggressi
1660 791 1749 817 sunt.

132 825 312 864 Gregorius
329 832 416 860 vero,
435 824 521 863 pacis
538 829 567 854 et
586 825 743 864 mquitatis
757 824 1028 859 studiosissimus,
1056 824 1177 863 quique
1191 847 1199 860 ,
1229 824 1379 855 defuncto
1409 824 1555 862 Meletio,’
1580 826 1697 864 primas
1716 826 1749 856 in

131 865 270 896 concilio
289 864 434 900 tenebat,
458 864 495 893 ad
522 864 679 894 saniorem
708 869 846 894 mentem
876 864 998 894 blandis
1028 864 1232 894 sermonibus
1260 866 1422 895 turbarum
1447 866 1580 896 artiﬁces
1606 874 1751 895 revocare

131 907 275 935 conatur.
297 903 345 933 Ob
363 903 506 943 omnium
529 903 639 943 oculos
666 904 767 940 ponit,
791 903 1074 943 quantarEcclesiae
1097 903 1176 943 mala
1202 904 1361 941 pepererit
1383 905 1563 942 prmeedens
1581 904 1752 935 Antioche-

133 952 210 974 nnm
229 942 380 975 schisma.
400 942 492 980 cujus
507 951 599 974 causa
616 942 733 973 Oriens
749 942 844 973 simul
862 946 893 972 et
909 942 1064 972 Occidens
1086 943 1117 972 in
1145 942 1223 972 duas
1249 943 1310 981 jam
1332 943 1481 974 adversus
1501 948 1603 981 partes
1618 943 1748 974 misera-

131 983 242 1013 biliter
260 982 351 1012 scissi
368 982 516 1017 fuerant,
537 986 568 1013 et
588 991 681 1021 quam
707 982 849 1020 graviora
874 981 976 1012 adhuc
995 982 1212 1018 imminerent,
1238 982 1264 1011 si
1289 983 1400 1020 prmsul
1425 983 1504 1013 alter
1532 982 1651 1013 Meletii
1680 983 1750 1013 loco

132 1022 373 1060 subrogaretur.
400 1021 463 1052 Eos
493 1021 590 1060 igitur
611 1025 755 1051 amanter
787 1021 940 1057 hortatur,
975 1024 1007 1050 ut
1033 1021 1200 1050 Paulinum
1229 1021 1293 1059 jam
1321 1022 1411 1050 senio
1442 1026 1615 1060 gravatum,
1644 1023 1749 1052 solum

133 1062 258 1100 absque
275 1060 394 1100 collega
412 1060 524 1091 sedere
539 1060 659 1094 sinant.
674 1069 708 1100 ac
720 1060 848 1096 deinde,
865 1069 935 1090 cum
952 1060 1012 1100 iste
1031 1069 1047 1090 e
1065 1060 1125 1100 vita
1143 1061 1326 1100 excesserit,
1339 1060 1471 1091 alterum
1490 1070 1577 1091 more
1595 1062 1749 1100 majorum

132 1099 263 1139 eligant.
290 1100 329 1130 At
347 1099 436 1130 irrita
453 1100 544 1138 plane
568 1100 656 1130 fuere
673 1099 760 1129 illius
775 1104 863 1134 vota;
890 1099 954 1129 imo
971 1099 1160 1139 Gregorium
1180 1099 1297 1130 obnixe
1324 1104 1433 1137 rogant
1452 1101 1556 1135 amici,
1576 1103 1610 1130 ut
1628 1102 1749 1131 cmteris

131 1138 347 1175 assentimur;
367 1139 450 1178 quod
475 1139 718 1178 perhorrescens
736 1139 930 1177 Thcologus,
959 1147 1067 1169 serum
1085 1138 1208 1169 tandem
1234 1139 1399 1169 abdicandi
1417 1140 1586 1170 consilium
1603 1139 1685 1176 iniit,
1714 1148 1750 1170 ac

131 1180 170 1209 de
187 1178 315 1217 synodo
347 1177 487 1209 recessit.
502 1178 625 1209 Interea
643 1178 949 1217 Constantinopolim
976 1178 1149 1217 adveniunt
1173 1177 1312 1217 ngyptii
1332 1186 1368 1208 ac
1388 1179 1575 1209 Macedones
1592 1179 1748 1216 episcopi,

132 1219 187 1256 qui
205 1216 314 1248 ininus
330 1217 484 1255 Gregorio
500 1226 595 1257 quam
613 1217 833 1257 Orientalibus
854 1216 1050 1256 praesulibus
1071 1216 1213 1257 infensi,
1245 1216 1345 1255 ipsius
1369 1217 1559 1248 electoribus
1588 1218 1748 1256 negotium

131 1255 310 1290 facessunt,
332 1257 430 1296 quod,
447 1255 553 1287 contra
573 1256 720 1287 Ecclesiae
740 1257 823 1296 leges
843 1260 872 1286 et
887 1264 1025 1296 canones
1040 1277 1047 1291 ,
1070 1255 1257 1296 Gregorium
1273 1257 1335 1295 jam
1353 1257 1547 1288 Sasimorum
1565 1255 1749 1295 episcopum

132 1295 502 1335 Constantinopolitanae
526 1295 676 1327 Ecclesiae
691 1295 921 1335 praefecissem,
938 1295 1063 1333 aliaque
1085 1295 1238 1333 permulta
1256 1300 1433 1331 moventes,
1457 1297 1558 1334 majus
1573 1296 1749 1326 discardia-

134 1345 204 1367 rum
222 1334 409 1366 incendium
427 1335 616 1366 excitarunt.
638 1335 674 1365 In
695 1339 779 1365 tanta
805 1343 908 1365 rerum
937 1334 1139 1368 confusione.
1164 1335 1349 1372 Gregorius.
1372 1335 1556 1366 solitudinis
1573 1343 1678 1366 amore
1695 1336 1750 1366 ﬂa-

135 1383 242 1414 grans,
257 1383 292 1405 ac
315 1386 329 1402 α
346 1374 444 1405 veluti
461 1383 636 1412 generosus
652 1374 780 1413 qui-lam
814 1383 942 1414 equus,
967 1378 1001 1404 ut
1028 1374 1097 1412 ipse
1129 1373 1271 1414 loquitur
1300 1373 1374 1412 (15),
1397 1375 1608 1411 vinculorum,
1632 1375 1751 1412 quibus

134 1413 238 1445 adhuc
257 1414 435 1448 tenebatur,
454 1415 664 1452 impatiens,»
691 1419 812 1452 arrepta
832 1413 1039 1443 dissidiorum
1063 1413 1242 1447 occasione,
1259 1413 1290 1443 in
1309 1413 1443 1444 mediam
1463 1413 1633 1450 prosiliens
1650 1422 1746 1452 syno-

134 1455 225 1491 dum,
257 1453 357 1489 plura,
383 1461 454 1492 qua;
481 1453 620 1483 carmine
649 1454 688 1483 de
717 1454 779 1482 vita
806 1461 861 1483 sua
886 1452 1114 1492 (ltitintexuit,
1140 1452 1300 1489 praefatus,
1328 1461 1416 1488 sese,
1439 1457 1473 1482 ut
1491 1453 1569 1483 alter
1584 1453 1691 1487 Jonas,
1709 1453 1748 1482 ad

135 1493 310 1523 sedandam
331 1491 547 1530 tempestatem
568 1492 673 1528 oti‘ert,
690 1500 726 1522 ac
742 1491 925 1522 discedendi
949 1491 1131 1522 facultatem
1156 1492 1308 1529 exposcit.
1329 1492 1478 1522 Turbatis
1497 1492 1534 1522 ad
1553 1493 1610 1522 tale
1628 1500 1749 1531 propo-

135 1533 233 1563 situm
256 1531 426 1570 episcopis,
443 1531 561 1570 quidve
576 1535 705 1569 agerent
719 1531 862 1566 incertis,
880 1531 952 1561 licet
969 1531 1108 1560 nondum
1137 1531 1427 1570 consentientibus,
1449 1531 1548 1561 evasit
1563 1532 1748 1569 Gregorius,

135 1569 284 1602 eamdem
304 1569 490 1601 discedendi
508 1570 668 1602 licentiam
685 1570 723 1600 ab
739 1570 929 1608 imperatore
946 1570 1114 1608 petiturus.
1143 1569 1244 1606 Quam
1269 1570 1321 1599 ubi
1343 1570 1494 1605 obtinuit,
1518 1571 1597 1601 hanc
1612 1570 1750 1600 subinde

135 1609 411 1648 praeclarissimam
430 1619 465 1640 ac
483 1609 720 1640 celeberrimam
742 1609 917 1639 orationem
938 1617 1042 1640 coram
1068 1613 1194 1640 centum
1219 1609 1447 1648 quinquaginta
1474 1609 1644 1648 episcopis,
1673 1609 1753 1640 uni-

135 1658 228 1680 verso
248 1650 333 1680 clero
348 1657 384 1679 ac
400 1652 464 1679 toto
482 1648 621 1679 ﬁdelium
641 1657 735 1687 grege
753 1648 874 1680 habuit.

172 1689 213 1719 ll.
245 1690 278 1719 In
308 1688 364 1718 hac
387 1692 493 1719 autem
520 1688 675 1721 oratione,
701 1696 808 1727 «quae,
823 1699 837 1715 »
866 1692 900 1719 ut
916 1687 1058 1726 loquitur
1081 1688 1248 1722 ilaronius,
1275 1698 1289 1715 κ
1305 1687 1397 1719 siccis
1412 1687 1514 1718 oculis
1535 1688 1592 1727 legi
1614 1696 1678 1718 non
1695 1697 1752 1727 po-

134 1732 206 1763 test,
222 1740 238 1756 »
267 1726 626 1765 Constantinopolitanm
649 1728 797 1757 Ecclesiaa
822 1735 1005 1765 supremum
1040 1727 1108 1756 vale
1133 1727 1275 1757 dicturus
1301 1727 1422 1758 accedit
1454 1726 1577 1757 orator.
1604 1728 1742 1758 Primum

134 1767 265 1799 concilii
283 1768 389 1797 Patres
409 1767 550 1797 modeste
566 1766 745 1803 compellat,
762 1774 797 1796 ac
818 1767 930 1796 leviter
945 1765 1031 1801 746
1046 1766 1201 1801 indicans,
1220 1775 1273 1796 eos
1289 1775 1377 1801 sane,
1396 1775 1459 1797 non
1476 1769 1633 1797 errantem
1653 1775 1746 1797 Ovem

133 1807 165 1836 in
189 1808 276 1838 viam
297 1807 495 1840 rcducturos.
513 1806 567 1835 sed
583 1810 739 1844 pastorem
756 1814 887 1845 peregre
902 1812 1045 1843 agentem
1064 1805 1240 1845 invisuros,
1258 1806 1448 1839 accessisse,
1461 1805 1747 1836 administrationis

134 1854 200 1876 suae
215 1855 254 1877 ac
272 1846 425 1876 doctrina)
443 1845 596 1876 rationem
611 1845 754 1880 reddere,
768 1845 992 1884 judiciurnque
1007 1844 1132 1884 publice
1144 1845 1226 1882 apud
1244 1853 1356 1875 omnes
1373 1845 1482 1874 subire
1497 1853 1559 1874 non
1576 1845 1748 1876 erubescit.

135 1885 352 1921 Quamobrem
369 1893 495 1924 gregem
516 1884 577 1914 sibi
595 1885 749 1915 creditum
766 1889 973 1921 contestatur,
998 1887 1042 1919 ut,
1068 1885 1093 1924 si
1113 1883 1188 1924 falsa
1205 1883 1364 1922 loquatur,
1382 1887 1554 1921 coarguat:
1573 1883 1624 1924 sin
1640 1889 1748 1915 autem

136 1933 220 1961 vera,
243 1923 428 1954 testimonio
444 1932 504 1954 suo
519 1924 697 1954 conﬁrmet.
717 1924 835 1954 Deinde
862 1924 973 1962 tragica
999 1923 1141 1953 oratione
1156 1923 1319 1957 deScribit,
1338 1931 1402 1961 quo
1420 1924 1448 1952 in
1469 1927 1552 1953 statu
1568 1923 1749 1954 Constanti-

136 1964 360 2002 nopolitanum
378 1971 503 2001 gregem
523 1963 686 2001 repererit,
714 1971 785 1993 cum
805 1962 890 2002 illius
910 1963 1049 2000 regimen
1073 1962 1135 1991 sibi
1164 1962 1223 2002 fuit
1250 1962 1517 2002 commendatum.
1548 1973 1562 1989 α
1576 1963 1644 2002 Hic
1661 1971 1750 2000 grex,

137 2000 245 2041 inquit
262 2004 314 2041 (η.
327 2004 376 2041 2},
411 2000 546 2040 exiguus
559 2000 638 2032 'erat
666 2007 696 2032 et
719 2001 933 2040 imperfectus,
947 2010 982 2031 ac
997 2011 1037 2032 ne
1052 2009 1126 2039 grex
1143 2000 1360 2041 quidem,sed
1378 2009 1508 2038 parvum
1539 2001 1698 2040 quoddam
1715 2010 1751 2032 ac

137 2040 235 2073 tenue
256 2042 360 2080 gregis
377 2041 559 2080 vestigium,
575 2041 817 2079 incompositus,
843 2045 967 2079 pastore
985 2049 1107 2074 carens,
1127 2040 1223 2080 nullis
1241 2040 1383 2070 inclusus
1411 2041 1568 2080 terminis,
1586 2050 1644 2071 nec
1659 2041 1748 2071 cauta

138 2079 276 2118 cinctus,
296 2082 446 2111 oberrans
464 2079 496 2110 in
520 2081 681 2111 montibus
698 2084 725 2110 et
743 2080 916 2118 speluncis.
943 2079 1003 2110 huc
1017 2079 1095 2110 illuc
1117 2079 1280 2117 dispersus
1295 2084 1389 2117 atque
1415 2079 1605 2118 disjectas.»
1630 2080 1749 2110 Harum

137 2121 356 2151 calamitatum
383 2128 511 2154 causas,
540 2121 576 2150 ad
605 2117 1002 2157 Christianorumﬂagitia,
1028 2119 1066 2149 ad
1091 2117 1229 2148 crudelia
1258 2117 1502 2157 praecedentium
1519 2118 1747 2157 imperatorum

140 2161 257 2197 edicta,
275 2160 313 2190 ad
333 2159 551 2190 hmreticorum
570 2160 720 2189 invidiam
737 2163 767 2189 et
788 2159 1025 2197 persecutiones
1042 2157 1152 2194 refert;
1175 2158 1359 2197 quiiomnes
1376 2157 1416 2187 ita
1442 2158 1498 2187 Dei
1522 2158 1749 2195 benignitatem

137 2199 173 2228 ad
193 2199 394 2229 iracundiam
413 2202 673 2235 pravocaverant,
692 2202 725 2228 ut
742 2196 850 2234 parum
866 2196 1014 2233 abfuerit,
1028 2198 1105 2236 quin
1124 2200 1209 2227 totus
1227 2196 1531 2236 Christianusorbis
1548 2197 1579 2227 in
1600 2197 1750 2236 pristinas

138 2239 303 2274 tenebras,
320 2238 421 2268 multo
446 2246 522 2268 sane
543 2246 626 2267 nona
640 2237 822 2276 Egyptiaca
840 2237 928 2275 plaga
947 2235 1118 2274 graviores,
1147 2239 1352 2276 mergeretur.
1381 2235 1441 2265 Sed
1461 2236 1532 2266 talia
1549 2235 1658 2273 fando,
1676 2236 1751 2266 hor-

137 2278 233 2307 rescit
253 2277 398 2316 Gregorii
417 2285 517 2313 mens,
542 2285 579 2306 ac
604 2274 764 2306 itleo‘tam
791 2274 903 2316 ﬂebile
920 2276 1136 2316 spectaculum
1158 2277 1197 2304 ab
1223 2274 1403 2316 auditorum
1430 2275 1535 2316 oculis
1553 2276 1698 2316 retrahit,
1718 2283 1751 2305 ut

135 2319 222 2346 totus
242 2317 273 2346 in
297 2313 485 2347 calebranda
505 2317 558 2346 Dei
577 2316 716 2346 bonitate
732 2319 762 2345 et
786 2313 999 2345 misericordia
1018 2315 1214 2344 immoretur.
1230 2314 1313 2344 Hinc
1330 2313 1494 2344 haereticos
1509 2314 1666 2353 objurgat,
1681 2317 1750 2353 qui,

135 2363 309 2386 numerosa
326 2356 414 2394 prole
430 2355 543 2392 inﬂati,
560 2355 710 2394 pusillum
729 2354 873 2394 Gregorii
890 2353 1173 2394 gregemrsuperbe
1192 2352 1452 2394 aspernabantur.
1470 2352 1638 2394 Ostendit,
1654 2352 1748 2392 quam

148 2392 332 2434 ierexiguis'
346 2392 565 2425 incrementis
582 2393 940 2434 constantinopolitanae
960 2393 1108 2434 Ecclesiae
1128 2401 1227 2434 grex,
1247 2393 1346 2422 instar
1372 2392 1483 2434 populi
1506 2393 1748 2434 lsraelitici,_ad

148 2403 325 2434 ierexiguls
346 2403 552 2425 mcremenns
582 2403 940 2432 consrannnopoutanw
960 2403 1108 2423 ncciesne
1129 2403 1218 2431 grex,
1248 2403 1346 2422 inswr
1373 2403 1482 2431 μυριιιι
1506 2403 1685 2427 ιεηριιιιει,
1711 2403 1748 2423 au

134 2403 217 2464 Lanc
233 2433 474 2473 perfectionem,
499 2441 569 2473 qum
595 2433 920 2473 obtrectatorumrora
940 2432 1066 2473 premit,
1093 2432 1280 2473 mirabiliter
1303 2435 1431 2473 evectus
1458 2432 1519 2473 sit;_
1545 2440 1602 2473 nec
1627 2431 1751 2473 dubitat

136 2470 311 2510 quin,'Dei
332 2473 465 2507 auxilio.
481 2470 577 2503 altius
596 2473 690 2502 etiam
708 2470 948 2510 progrediatur;
962 2482 976 2498 «ς
991 2471 1092 2501 Multo
1116 2471 1201 2501 enim
1226 2470 1402 2500 mirabilius
1426 2474 1484 2506 est,
1513 2471 1616 2510 inquit
1632 2472 1683 2509 (η.
1700 2473 1751 2509 6).

134 2513 220 2548 quod
242 2521 285 2543 ex
303 2512 426 2542 tantillo
441 2512 479 2542 ad
496 2515 612 2542 tantam
629 2512 880 2550 magnitudinem
905 2511 1097 2550 pervenerit,
1112 2518 1206 2548 quam
1225 2513 1269 2544 ut,
1287 2517 1381 2550 exeo
1392 2513 1488 2550 statu,
1506 2518 1571 2547 quo
1587 2518 1673 2541 nunc
1688 2517 1748 2545 est,

134 2551 172 2581 ad
191 2559 356 2581 summum
383 2550 563 2589 Splendoris
578 2548 750 2588 gloriaeque
765 2550 895 2587 gradum
914 2549 1138 2589 provehatur,»
1167 2550 1251 2587 quod
1279 2548 1614 2589 scilicetiDeuspnon
1638 2550 1750 2589 cepio-

134 2598 201 2620 sam
220 2588 420 2628 impietatem
434 2593 487 2620 aut
500 2590 660 2620 inﬁnitum
678 2589 852 2628 pulverem,
864 2589 919 2619 sed
936 2588 1100 2618 electionis
1117 2597 1187 2618 vasa
1204 2590 1376 2624 computet.
1391 2588 1597 2628 Hunciigitur
1611 2589 1748 2619 electum

134 2626 283 2667 gregem,
307 2629 448 2659 veritatis
464 2629 579 2667 pabulo
592 2626 778 2664 enutritum,
793 2628 879 2658 curis
899 2628 1049 2657 omnibus
1065 2632 1298 2667 conservatum,
1327 2626 1461 2667 concilii
1481 2627 1639 2663 Patribus,
1665 2628 1751 2658 velut

133 2665 438 2706 praestantissimum
454 2665 586 2704 donum,
603 2667 695 2698 offert
710 2667 899 2705 Gregorius;
917 2675 1036 2706 eosque
1055 2669 1152 2704 rogat,
1172 2669 1205 2695 ut
1222 2665 1415 2706 oculosper
1436 2666 1606 2706 circuitum
1627 2667 1750 2703 tollant,

133 2704 164 2737 et
182 2708 315 2737 videant
331 2707 545 2738 venerabilem
565 2704 820 2746 presbyterorum
836 2709 963 2746 emtum,
981 2704 1187 2746 diaconorum
1202 2704 1414 2746 modestiam,
1433 2704 1592 2746 lectorum
1620 2706 1750 2737 concin-

132 2747 288 2787 nitatem.
302 2746 465 2787 totiusque
482 2743 583 2787 plebis
598 2743 741 2787 discendi
758 2745 913 2782 studium,
935 2745 1064 2784 quibus,
1084 2744 1183 2774 veluti
1198 2743 1344 2780 ﬂoribus,
1359 2744 1468 2782 gloria:
1482 2752 1645 2782 coronam,
1665 2746 1751 2785 ipso-

133 2793 205 2815 rum
221 2786 409 2815 oriiaturam
425 2789 532 2824 caput,
552 2785 701 2816 intexuit.

170 2892 228 2927 115)
238 2890 334 2918 Carm.
346 2890 383 2918 De
393 2893 442 2918 vita
455 2899 514 2922 sua,
531 2898 598 2918 vers.
623 2890 687 2918 tStS
705 2897 763 2925 sqq.
1013 2891 1068 2926 (16)
1084 2889 1163 2923 11)1(Ι.,
1179 2890 1330 2918 vers.1858
1350 2897 1409 2924 sqq.
