2013 3134
125 173 172 200 ᾸΒἹ

344 331 525 376 ΛΟΓΟΣ
556 331 633 375 ΜΒ
644 361 655 372 .

122 425 346 461 Συντακτήριος
370 425 445 461 (21),
464 426 508 457 εις
523 422 659 461 τὴν-τῷν

385 459 554 495 παρουσίαν
578 459 645 495 (22).

153 530 192 556 A'.
208 528 270 560 Ιῐῶς
286 528 350 564 ὑμῖν
366 527 400 555 τὰ
420 527 560 563 ἡμέτερα,
578 524 600 553 ὧ
622 525 693 560 φίλοι
713 524 841 560 ποιμένες
862 523 910 551 καὶ

120 574 316 610 ωμποιμένες“
330 571 370 601 ὧν
386 573 481 609 ὡραῖοι
505 572 555 608 μὲν
575 572 600 599 οἱ
623 571 713 603 πόδες,
736 570 910 605 εὐαγγελιζο-

121 621 209 656 μένων
225 621 336 656 είρήνην
351 620 398 647 καὶ
413 618 514 654 ἀγαθὰ,
529 618 587 654 μεθ’
599 614 636 646 ὧν
646 617 802 653 ἐληλύθατε·
813 617 908 653 ὡραῖοι

117 668 145 694 δὲ
159 667 195 694 τὰ
210 667 279 703 πρὸς
294 667 377 702 ἡμᾶς,
398 663 439 698 οἷς
459 666 499 697 είς
515 665 609 701 καιρὸν
624 663 787 701 ἐληλύθατε,
801 664 850 699 οὐχ
863 664 906 690 ἵνα

119 713 255 750 πρόϐατον
269 712 445 748 πλανώμενον
459 711 652 748 ὲπιστρέψητε,
665 710 722 738 ἀλλ’
735 710 778 737 ἵνα
791 709 909 745 ποιμένα

117 759 236 794 ἔκδημον
253 759 310 794 (23)
333 757 535 793 ἑπισκέψησθε;
560 757 623 789 Πῶς
647 756 683 783 τὰ
705 757 754 792 τῆς
776 755 909 791 ἐκδημίας

118 806 183 840 ὑμῖν
200 805 257 840 ἔχει
271 805 322 839 τῆς
338 804 490 840 ήμετέραςς
507 804 555 831 καὶ
570 803 612 836 τίς
636 804 650 830 ὀ
666 802 768 838 ταύτης
790 802 906 838 καρπὸς,

118 852 219 887 μᾶλλον
233 852 274 885 δὲ,
298 851 345 878 τοῦ
367 853 395 878 ὲν
415 851 481 886 ἡμῖν
496 850 666 885 Πνεύματος,
680 846 701 883 ᾦ
715 849 863 884 κινούμεθά
878 857 907 875 τε

117 897 175 929 ἀεὶ,
197 897 247 924 καὶ
267 897 315 923 νῦν
331 896 517 932 κεκινὴμεθα,
535 896 618 932 μηδὲν
636 896 701 922 [διον
723 895 796 930 ἔχειν
812 895 907 922 ἐπιθυ-

117 943 249 978 μοῦντες,
275 943 338 979 μήτ’
354 942 419 974 ἴσως
441 942 565 978 ἔχοντες
586 939 660 978 Ἀρά
672 950 704 977 γε
722 942 825 968 συνίετε
843 943 907 977 παρ’

117 988 194 1024 ὑμῶν
217 988 318 1020 αὐτῶν,
333 989 380 1016 καὶ
400 988 633 1024 καταμανθάνετε,
653 987 699 1014 καὶ
714 987 838 1021 λογισταὶ
854 987 907 1014 τῶν

115 1034 260 1070 ἡμετέρων
285 1034 347 1061 tare
368 1034 562 1070 χρηστότεροι;
580 1034 597 1069 ἢ
621 1033 676 1066 δεῖ,
698 1033 822 1069 καθάπερ
845 1033 908 1064 τοὺς

117 1081 294 1116 στρατηγίας,
310 1081 327 1116 ἡ
340 1080 518 1116 δημαγωγίας
528 1099 535 1112 ,
551 1080 567 1116 ἢ
583 1080 743 1115 διοικήσεως
758 1080 906 1115 χρημάτων

116 1127 196 1161 λόγον
210 1126 428 1162 ἀπαιτουμένους
445 1126 514 1161 (24).
527 1126 645 1162 δημοσίᾳ
659 1126 705 1152 καὶ
723 1125 822 1157 αὐτοὺς
839 1125 906 1152 ὑπο-

117 1175 193 1208 σχεῖν
208 1173 273 1208 ὑμῖν
287 1173 338 1204 τὰς
352 1172 478 1204 εὐθύνας,
494 1169 531 1199 ὧν
545 1172 735 1208 διῳκήκαμεν;
748 1172 785 1198 Οὑ
800 1171 854 1207 γὰρ
866 1173 907 1198 αἰ-

118 1218 271 1254 σχυνόμεθα
285 1218 448 1254 κρινόμενοι,
459 1219 500 1244 ὅτι
516 1217 563 1244 καὶ
576 1217 706 1254 κρίνομεν
720 1217 749 1244 ἐν
761 1217 800 1253 τῷ
817 1217 905 1253 μέρει,

116 1264 165 1291 καὶ
188 1263 258 1299 μετὰ
273 1264 322 1299 τῆς
338 1263 424 1298 αὐτῆς
444 1263 554 1298 ἀγάπης
575 1262 728 1298 ἀμφότερα.
745 1262 863 1293 Παλαιὸς
878 1262 906 1288 δὲ

117 1310 132 1336 ὸ
145 1310 237 1344 νόμος·
255 1304 316 1335 ἐπεὶ
334 1309 381 1335 καὶ
396 1308 500 1340 Παῦλος
518 1309 574 1340 τοῖς
588 1307 747 1340 ἀποστόλοις
771 1300 908 1334 ἐκοινοῦτο

117 1357 149 1384 τὺ
170 1356 346 1391 Εὑαγγέλιον·
373 1356 422 1391 οὐχ
447 1356 491 1382 ἴνα
507 1355 716 1391 φιλοτιμήοηται
736 1354 841 1390 (πόρρω
852 1353 907 1390 γὰρ

116 1402 149 1428 τὸ
163 1401 277 1438 Πνεῦμα
296 1401 386 1437 πάσης
406 1400 583 1436 φιλοτιμίας),
599 1400 657 1426 ἀλλ’
676 1400 720 1432 ἶν’,
737 1400 754 1436 ἢ
770 1399 905 1435 βεϐαιωθῇ

116 1448 149 1475 τὸ
159 1447 376 1483 κατορθούμενον
389 1468 396 1479 ,
416 1447 433 1482 ἢ
452 1446 584 1482 διορθωθῇ
601 1447 632 1473 τὸ
652 1445 863 1481 ὑστερούμενον,
882 1445 906 1471 ει

117 1495 172 1530 ἄρα
195 1503 221 1520 τι
239 1493 285 1520 καὶ
300 1493 420 1520 τοιοῦτον
436 1491 470 1528 ἦν
484 1494 513 1520 ὲν
531 1494 587 1524 τοῖς
610 1492 656 1519 ὑπ’
673 1491 778 1526 ξκείνου
794 1491 907 1527 λεγομέ-

117 1549 184 1572 νοις,
202 1540 218 1576 ἦ
234 1539 440 1576 πραττομένοις,
456 1540 494 1571 ὡς
505 1538 585 1570 αὐτὸς
596 1538 748 1574 παραδηλοῖ
761 1538 825 1573 περὶ
841 1538 906 1564 ἑαυ-

117 1588 164 1614 τοῦ
190 1587 319 1622 γράφων·
349 1585 468 1620 Ἐπειδὴ
491 1585 540 1613 καὶ
566 1585 721 1619 πνεύματα
746 1584 908 1619 προφητῶν

117 1632 286 1668 προφήταις
307 1631 522 1663 ὑποτάσσεται,
545 1630 616 1658 κατὰ
636 1630 685 1666 τὴν
706 1630 831 1663 εὐταξίαν
850 1630 906 1665 (25)

117 1678 164 1706 τοῦ
193 1678 282 1705 πάντα
308 1677 398 1709 καλῶς
428 1677 631 1712 οἰκονομοῦντος
665 1677 711 1703 καὶ
740 1675 908 1712 διαιροῦντος

118 1724 285 1759 Πνεύματος.
302 1724 333 1750 Ei
351 1723 379 1750 δὲ
391 1723 493 1755 ἐκεῖνος
509 1723 558 1759 μὲν
572 1723 624 1759 ἰδίᾳ
645 1723 691 1749 καί
704 1731 784 1755 τισιν,
802 1722 858 1757 ἐγὼ
879 1723 908 1750 δὲ

117 1769 235 1805 δημοσίᾳ
251 1770 298 1796 καὶ
319 1770 400 1796 πᾶσιν
414 1769 508 1804 ὑπέχω
528 1768 617 1803 λόγον,
637 1769 719 1804 μηδὲν
735 1769 904 1805 θαυμάσητε.

119 1816 174 1843 Καὶ
189 1816 244 1851 γὰρ
257 1815 351 1851 χρῄζω
371 1815 469 1851 μᾶλλον
484 1815 656 1850 ὠφεληθῆναι
670 1816 702 1851 τῇ
718 1815 771 1842 τῶν
787 1815 905 1851 ἐλέγχων

119 1862 270 1898 ἐλευθερίᾳ,
293 1862 366 1897 ἥπερ
387 1862 500 1894 ἐκεῖνος,
523 1862 590 1888 εἴτι
614 1861 761 1897 φαινοίμην
777 1861 906 1888 ἐλλείπων

118 1908 166 1935 τοῦ
189 1908 309 1940 δέοντος,
336 1909 373 1944 μὴ
395 1917 453 1939 πως
474 1909 514 1939 είς
534 1907 612 1934 κενὸν
625 1907 724 1943 τρέχω,
745 1906 762 1942 ἦ
779 1906 905 1943 ἔδραμον.

119 1954 174 1981 Καὶ
189 1954 240 1981 οὐκ
252 1953 326 1980 ἔστιν
339 1953 428 1986 ἄλλως
440 1953 661 1989 ἀπολογήσασθαι
677 1953 744 1989 (26),
756 1952 772 1988 ἢ
785 1953 814 1979 ὲν
825 1952 907 1980 εἰδόσι

118 2001 181 2033 τοὺς
194 2001 291 2035 λόγους
304 2000 474 2036 ποιούμενον.

614 169 744 199 ORATIO
762 169 841 198 XLII.
861 185 896 190 —
914 169 1105 199 SUPREMUM
1125 169 1226 198 VALE.

671 425 718 458 pr'
738 422 911 450 ἐπισκόπων
925 424 948 453 Α

1686 171 1740 199 453

1179 330 1370 370 ORATIO
1407 329 1543 370 XLII'.

1015 423 1174 457 Supremum
1194 423 1267 456 vale,
1284 431 1373 464 coram
1388 425 1490 463 rentum
1504 421 1693 457 quinquaginta

1281 465 1419 493 eptuopts.

994 536 1016 563 ι.
1037 535 1096 569 Quo
1117 541 1196 570 pacto
1217 543 1261 564 res
1275 541 1375 565 nostra!
1390 536 1467 565 vobis
1481 543 1510 565 se
1526 536 1629 564 habere
1649 534 1746 562 viden-

960 585 1013 614 tur,
1027 588 1043 608 ο
1054 581 1129 609 chari
1144 586 1269 617 pastores
1280 586 1308 610 et
1319 582 1429 618 collegae
1441 591 1449 616 ;
1464 590 1579 618 quorum
1591 586 1618 609 et
1629 579 1744 616 speciosi

960 627 1041 662 pedes
1052 632 1124 662 sunt,
1140 628 1355 656 annuntiantium
1371 636 1466 664 pacem
1478 633 1505 656 et
1515 629 1584 656 bona
1597 629 1619 660 ’.
1632 627 1745 662 quibus-

959 682 1020 702 cum
1039 674 1092 702 huc
1104 675 1218 702 venistis
1231 683 1239 708 ;
1254 679 1292 709 et,
1309 679 1440 710 quantum
1453 675 1486 702 ad
1501 682 1551 703 nos
1563 673 1670 706 attinet,
1684 679 1747 709 spe-

959 721 1026 749 ciosi
1037 741 1045 753 .
1061 726 1152 756 utpote
1163 741 1170 754 ,
1194 720 1228 749 ad
1250 729 1318 757 quos
1334 726 1486 758 opportune
1504 729 1554 749 vos
1568 721 1722 750 contulistis
1735 744 1743 755 ,

959 774 1013 793 non
1028 770 1056 793 ut
1075 772 1210 794 errantem
1224 775 1300 795 ovem
1316 768 1424 795 inviam
1438 767 1576 795 reducatis
1586 787 1594 800 ,
1607 775 1699 795 verum
1717 773 1747 796 ut

958 816 1093 847 pastorem
1109 814 1281 848 peregrinum
1302 814 1446 841 invisatis?
1459 812 1516 846 Quo
1533 817 1613 848 pacto
1626 814 1747 849 peregri-

959 857 1032 884 natio
1045 862 1135 885 nostra
1152 858 1257 893 judicio
1280 863 1372 886 vestro
1385 867 1414 887 se
1435 859 1536 887 habet?
1552 859 1584 886 Et
1596 859 1657 893 quis
1667 859 1746 894 hujus

959 901 1062 929 fructus
1081 902 1114 935 ",
1130 902 1182 935 vel,
1198 908 1228 930 ut
1252 904 1354 931 rectius
1369 904 1474 939 loquar,
1491 904 1609 939 Spiritus
1624 905 1650 932 in
1664 905 1745 932 nobis

957 947 1104 976 habitantis
1117 949 1151 982 “,
1172 957 1226 984 quo
1247 955 1275 977 et
1297 957 1405 986 semper
1421 952 1605 984 mavemur",
1624 957 1651 979 et
1672 959 1746 979 nunc

958 994 1022 1021 moti
1036 1001 1139 1028 sumus,
1154 996 1222 1023 nihil
1246 996 1384 1031 proprium
1403 997 1502 1025 habere
1523 998 1679 1033 cupientes,
1695 1005 1745 1025 nec

957 1038 1073 1068 fortasse
1093 1041 1241 1070 habentes?
1254 1041 1350 1070 Utrum
1373 1044 1482 1071 tandem
1499 1051 1547 1078 per
1565 1044 1745 1078 vosmetipsos

958 1086 1106 1122 intelligitis
1117 1107 1126 1120 .
1140 1094 1168 1116 et
1183 1089 1335 1124 percipitis,
1351 1097 1383 1118 ac
1396 1090 1572 1132 benigniores
1592 1098 1683 1118 rerum
1697 1097 1746 1118 ιιο⁴

958 1137 1075 1161 strarutn
1090 1142 1218 1162 censores
1232 1136 1316 1163 estis?
1329 1137 1369 1163 An
1386 1141 1478 1164 contra
1499 1137 1578 1165 nobis
1591 1137 1743 1165 faciendum

958 1183 1010 1212 est,
1028 1184 1073 1213 ut,
1096 1181 1323 1215 quemadmodum
1339 1183 1384 1218 qui
1409 1183 1538 1211 militaris
1557 1183 1684 1219 imperii,
1699 1189 1746 1211 aut

958 1225 1163 1260 gubernationis
1178 1228 1315 1263 popularis
1327 1249 1335 1262 ,
1354 1233 1400 1256 aut
1421 1229 1599 1263 pecuniarum
1622 1228 1740 1257 admini-

958 1271 1097 1300 strationis
1119 1274 1251 1301 rationem
1281 1280 1476 1310 exposcuntur,
1501 1275 1541 1303 sic
1571 1283 1620 1303 nos
1636 1283 1745 1312 quoque

957 1324 1061 1350 eorum,
1086 1326 1145 1353 qua:
1166 1326 1181 1346 a
1208 1320 1284 1348 nobis
1298 1321 1488 1349 administrata
1516 1325 1578 1349 sunt
1593 1342 1601 1354 ,
1623 1323 1744 1351 rationes

958 1363 1063 1397 publice
1077 1365 1153 1392 vobis
1169 1365 1333 1394 reddamus?
1352 1367 1407 1395 Nec
1423 1367 1495 1394 enim
1511 1367 1743 1402 subirejudicium

958 1409 1159 1444 erubescimus;
1187 1412 1407 1447 quandoquidem
1429 1413 1511 1441 etiam
1531 1413 1650 1442 vicissim
1672 1414 1745 1449 judi-

957 1462 1051 1482 camus
1062 1475 1069 1487 ,
1083 1461 1164 1491 atque
1184 1462 1330 1493 utrumque
1347 1466 1408 1486 cum
1427 1459 1486 1494 pari
1503 1459 1646 1487 cbaritate.
1663 1459 1746 1488 Vetus

958 1504 1048 1528 autem
1065 1501 1123 1528 haec
1138 1501 1181 1530 lex
1192 1508 1244 1531 est.
1263 1503 1330 1531 Nam
1347 1505 1429 1531 etiam
1452 1505 1551 1533 Paulus
1567 1505 1742 1541 Evangelium

958 1553 1019 1574 cum
1038 1549 1168 1583 apostolis
1194 1551 1412 1579 communicabat
1429 1551 1466 1585 ¹³;
1485 1559 1538 1579 non
1554 1556 1583 1579 ut
1604 1552 1746 1580 ambitiose

958 1599 988 1620 se
1001 1598 1167 1627 ostentaret;
1184 1596 1277 1630 procul
1294 1596 1365 1624 enim
1386 1598 1419 1624 ab
1435 1597 1508 1625 omni
1529 1598 1622 1633 gloria:
1639 1598 1744 1632 cupidi-

958 1643 1012 1668 tate
1033 1645 1151 1669 remotus
1167 1646 1209 1670 est
1224 1642 1358 1678 Spiritus;
1377 1644 1426 1671 sed
1443 1649 1471 1670 ut
1485 1664 1492 1676 ,
1513 1644 1554 1672 vel
1570 1644 1746 1672 conﬁrmare-

957 1688 1002 1712 tur
1016 1687 1087 1721 quod
1105 1691 1177 1714 recte
1197 1693 1224 1714 et
1240 1695 1300 1715 cum
1325 1688 1404 1716 laude
1418 1689 1544 1723 gerebat,
1568 1689 1609 1716 vel
1625 1689 1745 1723 corrige-

958 1736 1033 1758 retur
1047 1732 1118 1766 quod
1133 1731 1220 1760 oilicio
1243 1733 1350 1768 deerat;
1369 1734 1391 1761 si
1408 1733 1471 1768 quid
1485 1737 1575 1761 tamen
1590 1733 1745 1768 hujusmodi

958 1779 1017 1802 erat
1034 1776 1059 1802 in
1078 1776 1128 1809 iis,
1145 1784 1203 1811 qute
1226 1777 1260 1804 ab
1279 1785 1311 1805 eo
1336 1778 1513 1810 dicebantur,
1527 1778 1569 1806 vel
1584 1778 1744 1813 agebantur,

956 1821 1180 1855 quemadmodum
1194 1823 1251 1858 ipse
1264 1824 1393 1857 ostendit,
1407 1831 1471 1851 cum
1484 1825 1517 1851 de
1527 1824 1618 1859 seipso
1626 1824 1660 1852 ad
1672 1824 1744 1852 hunc

956 1865 1065 1892 modum
1086 1867 1181 1894 scribit
1209 1877 1216 1895 :
1243 1868 1373 1900 Quoniam
1395 1874 1419 1896 et
1437 1869 1544 1903 spiritus
1559 1869 1744 1904 prop/telarum

955 1912 1088 1946 prophetis
1101 1913 1278 1948 subjiciuntur
1292 1915 1324 1949 “,
1338 1916 1419 1950 juxta
1434 1915 1610 1944 constitutum
1625 1915 1745 1951 Spiritus

957 1957 1091 1990 ordinem,
1110 1958 1193 1994 749
1209 1959 1254 1994 qui
1269 1961 1360 1987 omnia
1384 1964 1458 1988 recte
1473 1960 1612 1996 dispensat
1637 1964 1665 1988 et
1678 1960 1746 1988 divi-

957 2001 1007 2029 dit.
1021 2002 1096 2036 Quod
1111 2004 1134 2030 si
1147 2004 1192 2031 ille
1203 2004 1311 2039 quidem
1323 2005 1449 2040 privatim
1465 2010 1493 2034 et
1509 2006 1580 2041 apud
1595 2005 1740 2041 quosdam,

118 2055 168 2083 ego
185 2053 275 2076 autem
297 2048 404 2083 publice
419 2052 446 2075 et
467 2047 536 2082 apud
550 2053 644 2074 omnes
660 2045 792 2081 judicium
807 2046 902 2080 subeo,
923 2055 956 2075 ne
969 2048 994 2076 id
1007 2049 1081 2077 vobis
1094 2050 1247 2078 mirandum
1261 2052 1378 2080 accidat.
1393 2052 1460 2079 Nam
1491 2060 1541 2088 ego
1559 2060 1601 2086 ea,
1619 2060 1678 2088 quae
1710 2060 1745 2080 ex

119 2095 203 2125 iibera
218 2095 428 2131 reprehensione
440 2093 599 2129 percipitur;
611 2094 727 2120 utilitate
740 2093 824 2128 magis
837 2100 905 2128 opus
925 2094 1021 2127 habeo,
1038 2104 1117 2130 quam
1137 2097 1196 2131 ille.
1216 2098 1239 2126 si
1259 2107 1313 2134 qua
1329 2100 1355 2127 in
1383 2107 1411 2126 re
1425 2098 1504 2127 oilicii
1543 2104 1634 2135 partes
1662 2098 1742 2127 dese—

119 2143 207 2170 ruisse
222 2142 325 2173 videar,
342 2149 376 2169 ne
396 2141 498 2176 alioqui
524 2140 625 2167 frustra
657 2147 784 2172 curram,
804 2144 850 2167 aut
869 2142 1035 2169 cucurrerim
1057 2143 1088 2170 ".
1109 2143 1164 2171 Nec
1185 2151 1249 2172 vero
1272 2145 1350 2174 aliter
1367 2146 1531 2174 delensionis
1550 2153 1647 2173 munus
1672 2149 1746 2172 recte

118 2190 218 2224 suscipi
239 2194 338 2225 potest,
354 2197 434 2224 quam
456 2189 478 2216 si
502 2189 572 2223 apud
586 2196 643 2221 eos,
666 2188 764 2223 quibus
790 2188 1032 2218 administrationis
1046 2199 1112 2219 mea:
1132 2193 1200 2220 ratio
1214 2195 1320 2229 cognita
1333 2200 1384 2228 est,
1401 2202 1491 2222 sermo
1510 2194 1651 2222 habeatur.

153 2237 192 2263 ις’.
209 2236 258 2267 Τίς
272 2233 318 2262 οὖν
334 2236 351 2270 ὴ
365 2234 517 2268 ἀπολογίας
533 2234 588 2261 Καὶ
604 2235 628 2260 εἰ
643 2234 691 2270 μὲν
703 2233 812 2269 ψευδὴς,
828 2233 907 2268 ἐλέγ-

118 2282 192 2315 ξατε·
212 2282 236 2308 εἰ
253 2281 282 2308 δὲ
301 2281 421 2316 ἀληθὴς,
443 2281 635 2316 μαρτυρήσατε
657 2281 751 2315 ὑμεῖς,
766 2279 836 2315 ὑπὲρ
857 2276 906 2313 ὧν,

995 2235 1028 2264 ΙΙ.
1050 2236 1115 2270 Quae
1142 2239 1223 2273 igitur
1245 2243 1287 2267 est
1311 2245 1403 2267 nostra
1427 2239 1569 2267 defensio?
1588 2239 1626 2265 Ac
1648 2238 1670 2266 si
1685 2238 1745 2274 qui-

960 2279 1020 2308 dem
1037 2281 1115 2314 l’alsa.
1141 2285 1294 2318 coargttile;
1322 2285 1344 2313 si
1372 2289 1462 2312 autem
1489 2292 1564 2316 vera,
1589 2283 1746 2312 testimonio

117 2329 166 2355 καὶ
179 2329 208 2355 ἐν
219 2325 260 2359 οἷς
271 2329 286 2354 ό
297 2327 386 2361 λόγος.
405 2327 498 2362 Ὑμεῖς
514 2326 567 2362 γάρ
586 2335 629 2362 μοι
641 2326 688 2352 καὶ
705 2325 848 2360 ἀπολογία,
860 2326 905 2352 καὶ

959 2331 1050 2354 vestro
1073 2329 1243 2363 contirmate,
1264 2338 1322 2364 vos,
1339 2331 1459 2367 inquam,
1478 2338 1592 2365 quorum
1607 2337 1700 2363 causa,
1717 2334 1746 2358 et

170 2408 251 2446 '_lsa.
275 2416 321 2440 ιιι,
336 2407 380 2446 1;
406 2407 533 2446 lioqu,
565 2406 609 2446 15ἐ
647 2407 668 2422 ’³
687 2406 774 2434 Galat.
795 2413 822 2438 ν,
845 2406 890 2433 22.

970 2408 994 2434 Π
1018 2408 1088 2436 Tim.
1110 2417 1135 2442 ι,
1155 2411 1199 2438 Η.
1239 2412 1260 2427 ¹¹
1279 2411 1340 2439 Act.
1355 2420 1422 2446 xvn,
1443 2413 1488 2440 28.
1527 2412 1549 2429 ”
1568 2412 1654 2441 Galat.
1670 2420 1700 2446 tt,
1714 2413 1741 2440 2.

118 2444 143 2460 ιδ
161 2444 171 2470 l
189 2443 253 2471 Cor.
267 2451 322 2475 xiv,
336 2443 380 2471 32.
414 2443 436 2458 “’
449 2442 535 2470 Galat.
549 2449 578 2474 ιι,
594 2442 620 2468 '2.

166 2518 179 2533 ι
201 2513 273 2540 Alias
286 2521 373 2542 xxx“.
391 2520 449 2547 quze
463 2517 551 2539 autent
563 2512 599 2539 42
611 2517 679 2544 erat,
692 2520 762 2540 nunc
777 2513 822 2540 45.

155 2547 210 2583 (‘2!)
229 2548 458 2582 Συντακτήριος.
482 2548 542 2574 llaec
559 2548 901 2582 vox,utexpothicetas,

118 2584 189 2610 idem
203 2588 290 2615 sonat,
314 2591 346 2610 ac
361 2583 581 2618 ἀποχαιρετικός.
597 2584 622 2610 id
639 2588 690 2615 est,
716 2583 738 2610 si
762 2583 834 2618 loqui
862 2583 904 2611 ius

115 2623 169 2650 est,
201 2627 211 2643 ι
229 2618 400 2646 valedictoria
428 2619 525 2645 oratio.
548 2627 557 2643 ι
578 2618 604 2644 In
628 2619 678 2644 hac
696 2618 767 2644 enim
782 2618 905 2646 oratione

114 2654 420 2688 Constantinopolitanze
434 2653 502 2687 plebi
515 2660 668 2688 supremum
681 2653 739 2679 vale
751 2653 817 2680 dicit
833 2652 903 2680 Gre-

115 2689 220 2720 gnrius,
243 2693 270 2715 et
294 2689 328 2714 ah
358 2688 491 2723 episcopis
519 2693 627 2715 centum
651 2688 846 2723 quinquaginta
861 2689 901 2723 riu.

116 2724 234 2750 Concilio
269 2723 426 2750 coadnnatis
459 2722 614 2750 discedendi
644 2722 797 2750 facultatem
827 2722 901 2750 eilia-

115 2759 194 2791 gitat.
222 2757 297 2791 Quod
320 2758 370 2792 ipsi
388 2765 543 2785 concessum
553 2763 604 2785 cst.
619 2758 685 2792 Reg.
702 2758 807 2785 Henrici
817 2759 900 2785 codex

117 2794 199 2820 habet
209 2793 397 2828 συνακτήριος,
417 2801 466 2827 pro
488 2793 692 2829 συντακτήριος.
710 2793 828 2828 Utraque
848 2800 900 2820 vox

117 2829 193 2855 deest
203 2830 228 2854 in
244 2829 366 2862 pluribus
379 2829 458 2855 codd.

153 2863 213 2903 (222
221 2863 401 2903 Παρορσίαγ.
414 2862 470 2890 Duo
484 2863 565 2903 C_olb._
574 2863 684 2903 addit-nt,
699 2863 728 2889 ἐν
739 2862 778 2903 τῷ
799 2871 900 2903 μαρτυ-

119 2898 170 2933 ρίῳ
183 2897 233 2933 τῆς
262 2897 343 2931 ἁγίας
363 2898 537 2930 Ἀναστασίας
558 2898 674 2934 λεχθείς,
694 2908 704 2925 ι
721 2899 754 2926 ad
769 2897 900 2926 tuinu'lum

240 2944 378 2975 Ριτιιοι..
395 2945 455 2975 Gn.
477 2945 626 2977 XXXVI.

960 2516 1060 2539 sancta:
1074 2512 1220 2540 Anastasiae
1233 2513 1314 2540 dicta.
1335 2522 1345 2540 ι

996 2546 1053 2584 (25)
1074 2547 1234 2584 Ἕκδῃμον.
1258 2548 1350 2576 Plures
1367 2549 1459 2581 codd.,
1478 2548 1655 2584 συνέκδημον,
1670 2551 1741 2583 quod

958 2583 1080 2615 sequitur
1108 2583 1210 2615 Billtus,
1243 2589 1271 2611 et
1293 2583 1373 2610 vertit
1399 2592 1407 2610 :
1436 2593 1446 2609 ι
1476 2583 1605 2618 peregre,
1629 2589 1658 2610 ut
1682 2591 1740 2615 vos,

958 2622 1092 2654 agentem.
1111 2626 1120 2643 ι
1143 2617 1256 2653 ,Νἱεοιλς
1275 2626 1281 2644 :
1304 2618 1350 2644 τὸν
1372 2617 1522 2654 ἀπόδημονν
1540 2617 1591 2654 τῆς
1612 2619 1742 2654 πατρίδος

958 2651 1085 2712 ποιὲἐνα·
1106 2661 1115 2677 ‹
1130 2651 1263 2687 pastorem
1281 2661 1295 2679 τι
1317 2654 1402 2687 patria
1419 2651 1645 2688 peregrinanlem.
1665 2651 1675 2680 ἱ

992 2686 1049 2712 (4)
1083 2687 1338 2712 Ἀπαιτουιιένουρ.
1372 2689 1399 2712 In
1427 2688 1599 2712 nuihustlam.
1627 2689 1675 2712 ἀπέ

992 2686 1049 2722 (24)
1083 2686 1338 2724 Ὰῖιᾳιτουμένουξ.
1372 2689 1399 2715 ln
1419 2686 1600 2723 quibusdam,
1627 2689 1744 2724 ἀπέχον-

955 2730 1015 2752 τας.
1031 2731 1040 2748 ι
1064 2723 1232 2756 recipientes.
1251 2733 1260 2749 ι

990 2756 1049 2793 (25)
1069 2756 1151 2784 Κατὰ
1162 2757 1219 2791 τὴν
1234 2758 1385 2790 εὐταξίαν,
1397 2762 1450 2786 etc.
1462 2758 1523 2785 Bill.
1542 2768 1550 2786 :
1566 2768 1575 2784 ι
1587 2758 1665 2792 juxta
1681 2759 1743 2793 Spi-

954 2793 1023 2830 ritus
1037 2793 1268 2820 constitutionem.
1284 2803 1293 2818 ι
1310 2793 1406 2822 Cornh.
1425 2803 1431 2820 :
1450 2803 1458 2819 ι
1473 2794 1551 2829 juxta
1571 2795 1687 2830 Spiritus
1701 2795 1743 2822 di-

953 2829 1103 2862 sciplinam.
1121 2837 1130 2853 ι

982 2863 1045 2906 ¹(Ξίξ)
1067 2862 1337 2906 Ἀποξοτ-ήσασθαι.
1365 2863 1431 2900 Reg.
1449 2864 1494 2900 ph,
1515 2865 1598 2899 addit,
1618 2865 1740 2897 δικαίως,

955 2907 964 2924 ι
979 2904 1063 2934 Juste,
1082 2904 1188 2926 merito.
1206 2907 1215 2924 ι

1564 2947 1602 2978 15
