2013 3134
138 188 182 216 ιθι

624 164 754 210 ORATIO
771 178 847 206 xui.
869 194 903 198 _
919 176 1108 206 surasuuu
1129 175 1228 203 VALE.

1675 202 1677 204 τ
1695 176 1748 204 in?

136 247 214 279 ἀξίως
227 244 281 272 τῶν
303 243 416 271 ἐντολῶν
440 252 485 269 σου
508 241 728 277 ἀναστραφῆναιι
754 239 811 267 ἀλλ’
833 238 919 265 ὀπίσω

978 237 1083 264 Deitatis
1096 236 1186 263 hostes
1203 235 1314 266 faciunt,
1343 234 1487 262 dominium
1512 236 1537 262 in
1552 235 1679 263 servilem
1697 244 1744 263 or-

136 293 182 327 τῆς
203 291 319 323 διανοίας
345 290 422 326 ἡμῶν
447 290 496 324 τῆς
522 289 641 324 πονηρᾶς
664 287 718 322 (Μ)
742 286 917 322 πορευθῆναι.

136 338 182 364 Διὰ
198 337 224 365 τί
249 337 304 372 γὰρ
319 337 412 372 ἕτερον
433 335 559 371 ἀνδράσιν
584 334 759 364 ἀδικωτάτοις
773 333 820 359 καὶ
836 339 920 366 πονη-

139 383 257 420 ροτὰτοις
278 382 354 418 παρὰ
375 383 478 413 πάντας
498 381 560 412 τοὺς
577 378 768 410 κατοικοῦντας
787 378 836 414 τὴν
853 377 919 412 γῆν;

142 430 169 456 Ὁ
192 430 297 465 πρῶτος
319 427 374 463 (42)
395 427 628 462 Ναϐουχοδονόσορ
645 424 782 459 ὲξὲθλιῲεν
802 425 891 459 ἡμᾶς,
907 426 922 452 ὸ

139 475 205 511 μετὰ
224 475 341 511 Χριστὸν
365 473 435 501 κατὰ
456 473 574 509 Χριστοῦ
592 474 702 510 μανεὶς,
719 473 766 499 καὶ
786 472 830 499 διὰ
844 472 922 499 τοῦτο

139 522 253 556 μισήσας
278 520 404 556 Χριστὸν,
424 519 465 546 ὅτι
484 519 517 546 δι’
540 519 620 546 αὑτοῦ
645 518 781 545 σέσωστο·
797 517 844 545 καὶ
868 517 922 543 τῶν

139 567 216 602 ιερῶν
238 566 338 600 βίϐλων
357 565 406 597 τὰς
427 565 523 596 ἀθέους
543 564 638 596 θυσίας
661 563 822 590 ἀντιλαϐὼν.
846 565 922 590 Κατ-

137 611 226 646 έραγέ
239 620 288 645 με,
302 611 460 646 ἐμερίσατό
476 610 531 644 (45)
549 618 596 644 με,
615 608 750 643 maxime
762 617 799 643 με
812 609 922 640 σκότος

136 657 257 686 λεπτὸν,
274 656 318 682 ἵνα
332 656 369 691 μὴ
382 654 503 686 ἀποστῶ,
521 654 587 689 μηδὲ
601 653 722 689 θρηνῶν,
739 653 787 688 τῆς
799 652 920 688 Γραφῆς.

137 704 170 729 Ei
190 702 233 737 μὴ
252 702 296 728 ὅτι
312 702 418 735 Κύριος
435 700 581 733 ἑϐοήθησέ
595 709 663 734 μοι,
688 700 734 726 καὶ
755 700 847 734 χερσὶν
862 699 923 725 ἀνό-

139 758 194 783 μων
217 748 328 780 δικαίως
354 747 434 774 αὺτὸν
458 746 614 782 παρέδωκεν
636 746 709 781 (44),
725 746 869 777 ἐκτοπισας
884 746 923 775 εἰς

139 794 254 828 Πέρσας,
271 791 326 828 (οἷα
346 793 380 819 τὰ
401 792 448 820 τοῦ
471 791 538 819 Θεοῦ
554 791 609 826 (45)
628 791 776 827 κρίματαῑ)
791 791 838 818 καὶ
855 791 924 826 ὑπὲρ

139 840 260 873 αἱμάτων
275 839 389 865 ἀνοσίων
406 836 474 874 αἷμα
493 839 571 874 ἐχέθη
589 838 703 869 δίκαιον,
719 837 832 863 ἐνταῦθα
846 837 923 872 μόνον

138 884 194 910 οὐδὲ
222 883 432 919 μακροθυμήσαι
459 883 645 918 ἀνασχομένης
672 883 727 919 (46)
752 882 801 914 τῆς
831 883 922 917 δίκης,

110 943 111 964 γ
137 929 311 963 παραϐραχὺ
334 929 493 964 παρῴκησε
514 929 554 962 τῷ
577 929 632 963 ᾅδῃ
658 930 675 963 ἡ
696 929 781 963 ψυχή
802 938 871 964 μου.
893 929 921 954 ὐ

110 987 111 1006 ξ
137 975 271 1011 δεύτερος,
283 975 359 1002 οὐδὲν
374 975 430 1010 (47)
445 976 549 1002 ἐκείνου
561 975 821 1011 φιλανθρωπότερος,
833 976 873 1001 ὅτι
887 975 924 1010 μὴ

110 1024 111 1041 i
138 1022 182 1048 καὶ
196 1021 357 1056 βαρύτερος,
374 1021 429 1056 ὅσῳ
444 1021 491 1048 τοῦ
507 1022 562 1057 (48)
579 1021 697 1057 Χριστοῦ
714 1022 804 1058 φέρων
825 1017 929 1057 ὄνομα(

112 1074 114 1107 ε
137 1067 327 1102 ψευδόχριστος
342 1065 385 1102 ἦν,
402 1067 448 1093 καὶ
462 1067 634 1102 Χριστιανοῖς
655 1067 736 1103 βάρος
752 1067 819 1103 ὁμοῦ
834 1076 863 1094 τε
877 1067 924 1094 καὶ

137 1112 234 1144 ὗνειδος
249 1112 317 1148 (49),
331 1110 371 1144 οἷς
387 1113 433 1140 καὶ
447 1112 477 1139 τὸ
499 1115 585 1140 ποιεῖν
602 1112 692 1147 ἄθεον,
706 1113 752 1139 καὶ
765 1113 795 1140 τὸ
810 1113 924 1147 πάσχειν

106 1158 112 1167 ί
139 1158 236 1191 ἄδοξον’
254 1158 294 1194 τῷ
312 1159 378 1195 μηδὲ
398 1159 546 1186 ἀδικεῖσθαι
561 1160 664 1193 δοκεῖν,
684 1159 751 1196 μηδὲ
765 1159 796 1186 τὸ
812 1158 926 1195 μεγαλο-

139 1204 242 1239 πρεπὲς
254 1204 341 1239 ὄνομα
354 1204 392 1240 τῷ
406 1204 520 1239 πάσχειν
535 1205 675 1240 προσεῖναι
689 1204 745 1240 (50)
757 1205 805 1240 τὴν
824 1213 925 1239 μαρτυ-

142 1250 210 1285 ρὶαν-
224 1250 294 1276 ἀλλὰ
311 1250 451 1277 κάνταῦθα
472 1250 635 1277 κλέπτεσθαι
650 1250 699 1286 τὴν
718 1249 855 1286 ἀλήθειαν,
872 1250 925 1277 πά-

140 1305 251 1330 σχοντας
274 1296 312 1328 ὡς
331 1296 530 1332 Χριστιανοὺς,
553 1296 590 1328 ὡς
623 1296 731 1328 ἀσεϐεῖς
754 1295 924 1328 κολάζεσθαι.

139 1340 227 1375 Οἵμοι,
251 1341 294 1367 ὅτι
315 1341 520 1377 ὲπλουτήσαμεν
542 1342 570 1368 ὲν
588 1343 644 1373 ἰοῖς
665 1343 776 1373 κακοῖς,
801 1341 845 1368 ὅτι
867 1341 927 1376 πῦρ

141 1387 287 1422 κατέμαγε
311 1388 347 1415 τὰ
370 1388 462 1422 ὡραῖα
481 1387 537 1423 τῆς
565 1386 750 1422 οἰκουμένης.
777 1386 815 1414 Τὰ
840 1386 927 1414 κατά-

140 1434 228 1460 νιοιπα
249 1433 307 1467 τῆς
329 1434 449 1468 κάμπης
471 1433 639 1468 κατέφαγεν
659 1433 678 1466 ἡ
700 1433 801 1466 ἀκρὶς,
822 1432 870 1459 καὶ
892 1433 928 1459 τὰ

141 1477 307 1505 κατάλοιπιι
328 1476 382 1513 τῆς
405 1478 527 1512 ἀκρίδος
551 1477 717 1513 κατέφαγεν
740 1479 758 1511 ἡ
787 1478 924 1511 ἐρυσίϐη-

141 1519 198 1549 eis:
217 1524 230 1549 ὁ
256 1523 388 1558 βροῦχος,
410 1522 469 1550 εἶτα
491 1523 540 1550 οὐκ
562 1521 609 1550 οἷδ’
635 1524 649 1549 ὅ
670 1532 697 1549 τι
722 1523 790 1559 πρὸς
812 1523 926 1555 τούτοις,

120 1565 124 1583 ³
142 1569 185 1594 καὶ
206 1569 262 1604 (51)
287 1569 350 1595 ἄλλο
368 1569 410 1595 ἐπ’
432 1569 503 1604 ἄλλῳ
525 1568 601 1604 κακῴ
626 1569 768 1604 φυόμενον.
790 1568 822 1595 Τί
839 1569 870 1595 ἅν
887 1577 927 1600 τις

116 1625 119 1647 ς
142 1614 326 1650 ἑκτραγῳδοξη
352 1614 440 1641 πάντα
461 1615 495 1641 τὰ
522 1614 567 1642 τοῦ
591 1615 686 1650 καιροῦ
708 1615 795 1648 κακὰ,
817 1615 864 1642 καὶ
879 1615 928 1651 τὴν

141 1658 197 1685 τότε
211 1659 405 1694 κατασχοῦσαν
427 1660 510 1695 ἡμᾶς,
526 1659 581 1686 εἴτε
597 1660 738 1695 εἴσπραξιν
760 1659 811 1695 χρὴ
828 1660 926 1694 λέγειν,

143 1703 193 1728 εἴτε
217 1703 383 1738 δοκιμασίαν
407 1704 454 1730 καὶ
476 1704 611 1739 πύρωσιν;
636 1704 709 1740 Πλὴν
731 1705 771 1731 ὅτι
787 1704 928 1740 διήλθομεν

142 1747 182 1774 διὰ
195 1749 284 1785 πυρὸς
305 1750 351 1776 καὶ
369 1749 477 1782 ὕδατος,
491 1749 538 1776 καὶ
552 1750 720 1786 προήλθομεν
733 1752 772 1782 εἰς
789 1750 927 1786 ἀναψυχὴν

114 1812 119 1833 rt
143 1793 248 1830 εὐδοκία.
265 1795 314 1821 τοῦ
330 1795 460 1828 σώζοντος
473 1795 550 1822 Θεοῦ.

973 283 1063 311 dinem
1088 283 1227 310 nobiscum
1252 281 1425 314 redigatnus;
1444 282 1491 309 sed
1513 283 1615 310 scilicet
1638 288 1749 317 propter

972 329 1022 356 alia
1047 328 1148 357 scelera
1171 331 1274 358 nostra.
1295 332 1322 355 et
1345 327 1407 362 quia
1424 335 1488 360 non,
1507 332 1536 355 ut
1552 329 1685 356 mandatis
1700 329 1752 357 tuis

972 375 1081 409 dignum
1110 378 1180 404 erat,
1209 374 1270 401 vitae
1296 378 1396 401 nostra:
1421 374 1541 402 rationes
1567 374 1750 407 instituimus;

972 429 1064 449 verum
1079 425 1139 455 post
1154 427 1264 455 pravam
1291 424 1410 447 nostram
1435 424 1551 448 mentem
1566 425 1593 447 et
1607 421 1751 455 cogitatio-

976 474 1037 493 nem
1064 465 1269 492 ambulavimus.
1297 465 1423 497 Qua-nam
1440 465 1510 492 enim
1525 465 1576 492 alia
1592 473 1672 493 causa
1690 473 1754 499 pro-

973 511 1036 538 ferri
1053 515 1151 545 potest,
1172 518 1219 538 cur
1232 511 1386 537 hominibus
1399 510 1586 545 iniquissimis,
1604 515 1684 546 atque
1695 519 1754 538 om-

974 557 1058 589 nittm,
1074 564 1140 592 quos
1157 561 1228 584 terra
1245 557 1306 588 fert,
1321 556 1536 584 sceleratissimis
1550 557 1628 583 dediti
1641 556 1754 584 sumus?

972 602 1084 629 Primus
1096 601 1343 629 Nabuchodonosor
1354 609 1410 634 nos
1429 602 1548 634 obtrivit,
1562 602 1615 634 ille,
1633 603 1752 636 inquam,

975 649 1018 681 qui
1031 653 1090 683 post
1102 648 1237 676 Christum
1251 649 1382 675 adversus
1394 647 1529 675 Christum
1547 647 1638 675 lurore
1655 648 1753 683 ﬂagra-

974 695 1022 727 vit,
1041 699 1120 728 atque
1140 695 1174 721 ob
1189 702 1248 721 eam
1271 701 1379 721 causam
1402 693 1538 721 Christum
1563 695 1677 721 invisum
1702 695 1754 722 ha—

974 739 1042 770 buit.
1058 740 1120 774 quia
1139 747 1186 774 per
1209 748 1270 767 eum
1295 740 1407 768 salutent
1428 745 1587 768 consecutus
1605 741 1705 774 fuerat;
1724 749 1756 769 ac

979 793 1070 812 sacros
1101 785 1182 813 libros
1207 793 1267 812 cum
1290 778 1378 821 itnpiis
1405 786 1545 813 sacriﬁciis
1569 788 1754 815 commutavit.

978 823 1113 858 Devoravi!
1126 840 1176 864 me,
1199 834 1226 858 in
1242 837 1329 866 partes
1345 832 1466 859 distraxit
1476 840 1516 858 me
1530 833 1551 848 "
1565 841 1572 859 :
1588 837 1757 860 contexerunt

974 887 1014 905 me
1040 878 1151 905 tenebris
1174 883 1261 905 tenues
1275 878 1309 910 ’³,
1327 883 1367 910 ut,
1380 885 1413 905 ne
1428 878 1521 913 lugens
1534 878 1652 913 quidem,
1666 887 1680 905 a
1697 887 1758 907 ver-

977 925 1019 952 bis
1035 923 1180 958 Scripturae
1198 924 1335 951 recedam.
1355 923 1416 951 Nisi
1431 925 1491 959 quia
1510 923 1636 951 Dominus
1655 925 1757 959 adjuvit

977 978 1016 996 me
1029 969 1063 1002 “,
1077 973 1156 1003 atque
1174 969 1258 1002 ipsum
1276 968 1375 1003 (qualia
1397 968 1443 995 Dei
1463 969 1561 1002 judicia
1574 969 1601 1004 ι)
1620 969 1647 995 iu
1665 968 1757 996 Persi-

976 1017 1035 1043 dem
1060 1015 1186 1049 ejectum,
1213 1015 1366 1049 iniqnorum
1389 1015 1523 1048 manibus,
1544 1020 1573 1042 ut
1590 1016 1756 1048 merebatur,

975 1061 1138 1093 tradidisset,
1164 1061 1217 1087 itno
1233 1060 1380 1088 sceleratus
1395 1068 1476 1088 cruor
1489 1060 1515 1088 in
1531 1061 1657 1088 ultionem
1679 1061 1757 1089 inno~

979 1107 1014 1134 xii
1031 1107 1170 1142 sanguinis
1184 1107 1256 1141 juste
1269 1105 1370 1134 effusus
1385 1107 1479 1134 fuisset
1491 1106 1545 1142 (hic
1557 1107 1641 1134 solum
1654 1107 1758 1142 iustitia

976 1153 1084 1188 quidem
1107 1152 1309 1187 longanimitate
1332 1153 1368 1179 uti
1384 1160 1437 1180 non
1454 1152 1603 1188 sustinuit),
1624 1162 1759 1188 propemo-

984 1199 1046 1226 dum
1069 1199 1212 1226 habitasset
1225 1199 1253 1225 in
1267 1199 1370 1233 inferno
1386 1201 1474 1227 anima
1496 1208 1553 1226 mea
1568 1200 1600 1227 ".
1619 1199 1760 1228 Secundus

977 1245 1061 1273 nihilo
1082 1245 1225 1273 humanior
1250 1245 1296 1273 illo
1318 1245 1379 1278 fttit,
1404 1245 1457 1273 imo
1471 1253 1503 1273 eo
1520 1245 1601 1272 etiam
1623 1247 1759 1278 acerbior,

978 1291 1049 1326 quod
1075 1291 1175 1319 Christi
1201 1299 1297 1319 nomen
1326 1291 1428 1323 ferens,
1455 1291 1676 1325 pseudochristus
1689 1297 1758 1324 erat,

978 1338 1192 1373 Christianisque
1213 1346 1281 1366 onus
1305 1338 1383 1365 simul
1409 1343 1437 1365 et
1459 1338 1596 1369 dedecus,
1618 1339 1716 1373 quibus
1732 1344 1760 1366 et

981 1383 1069 1411 facere
1081 1385 1202 1419 impittm,
1217 1389 1244 1412 et
1255 1384 1309 1419 pati
1326 1384 1471 1420 inglorium
1487 1389 1565 1417 erat;
1584 1385 1654 1420 quod
1667 1393 1701 1412 ne
1717 1385 1760 1412 in-

978 1430 1077 1465 juriam
1103 1431 1210 1465 quidem
1237 1431 1361 1464 accipere
1391 1430 1556 1462 viderentur,
1584 1438 1634 1458 nec
1660 1430 1762 1458 illustre

981 1477 1104 1512 martyrii
1122 1484 1218 1503 nomen
1237 1477 1404 1504 cruciatibus
1422 1477 1583 1509 accederet;
1603 1484 1695 1504 verum
1719 1477 1762 1504 hic

980 1531 1087 1558 quoque
1111 1523 1186 1550 fucus
1212 1524 1317 1550 veritati
1334 1523 1419 1555 fieret,
1434 1528 1462 1550 ut
1482 1523 1526 1558 qui
1544 1528 1671 1558 tanquam
1684 1523 1762 1551 Chri-

981 1569 1060 1596 stiani
1087 1569 1266 1603 patiebantttr,
1293 1573 1419 1602 tanquam
1441 1569 1515 1603 impii
1531 1570 1651 1596 cruciatu
1672 1569 1761 1596 aﬂice-

980 1620 1082 1642 rentur.
1109 1614 1165 1641 Heu
1180 1616 1239 1641 me!
1259 1614 1319 1649 quia
1335 1614 1413 1650 751
1433 1615 1459 1641 in
1475 1615 1552 1642 malis
1564 1615 1661 1643 divites
1674 1621 1700 1643 et
1713 1623 1761 1643 co-

977 1661 1042 1695 piosi
1055 1660 1217 1692 exstitimus,
1228 1661 1289 1695 quia
1303 1661 1369 1696 ignis
1385 1661 1500 1695 speciosa
1511 1666 1586 1687 terra:
1607 1662 1717 1688 comedit
1728 1662 1761 1688 "'.

978 1705 1119 1733 Residuum
1142 1714 1226 1733 eruca:
1255 1707 1363 1733 comedit
1389 1707 1502 1739 locusta,
1525 1712 1548 1733 et
1567 1707 1700 1734 residuum
1724 1707 1764 1734 la-

981 1756 1062 1779 tustle
1086 1752 1198 1779 comedit
1216 1753 1306 1788 rubigo
1321 1753 1373 1785 ¹⁶”;
1397 1758 1451 1779 tum
1466 1753 1595 1785 bruchus,
1619 1761 1650 1781 ac
1671 1758 1763 1788 postea

982 1798 1072 1825 nescio
1091 1797 1161 1832 qttod
1176 1797 1247 1825 aliud
1267 1803 1347 1832 atque
1364 1797 1436 1824 aliud
1463 1798 1561 1825 maltun
1586 1798 1699 1826 subinde
1717 1806 1764 1826 ex-

106 1837 115 1857 ί
151 1841 252 1867 oriens.
270 1840 341 1873 Quid
363 1846 453 1868 autem
467 1841 557 1868 omnia
573 1841 643 1868 illius
661 1842 788 1876 temporis
804 1841 872 1868 mala
899 1841 998 1877 tragica
1030 1842 1152 1869 oratione
1184 1843 1308 1876 prosequi
1348 1842 1454 1873 attinet,
1478 1849 1600 1877 eamque,
1626 1851 1685 1877 quae
1708 1847 1763 1870 tum

144 1893 190 1912 nos
212 1887 323 1916 invasit.
348 1887 404 1914 sive
429 1894 535 1922 pmnam
553 1887 644 1915 dicere
655 1888 790 1920 convenit,
822 1888 879 1915 sive
912 1888 1122 1926 explorationem
1153 1895 1185 1915 ac
1218 1888 1423 1923 purgationem?
1445 1887 1577 1916 Caeterum
1595 1889 1762 1916 transivimus

143 1939 186 1964 per
211 1931 299 1966 ignem
329 1936 354 1958 et
373 1939 469 1966 aquam
484 1932 518 1963 ’⁷,
534 1939 565 1959 ac
580 1932 694 1967 benigna
717 1933 867 1960 Salvatoris
884 1933 1019 1961 voluntate
1030 1933 1057 1960 in
1074 1932 1243 1969 refrigerium
1259 1934 1415 1968 prodiimus.

177 1977 212 2004 A’.
233 1977 304 2003 Ἀλλ’
319 1977 333 2003 ὃ
349 1985 394 2012 μοι
414 1977 502 2012 λέγειν
517 1977 572 2013 (52)
590 1978 637 2004 ἀπ’
655 1978 743 2014 ἀρχῆς
756 1978 769 2004 ὁ
784 1978 862 2012 λόγος
873 1978 929 2015 ὦρ-

145 2030 221 2057 μητο·
237 2023 319 2050 τοῦτο
334 2023 364 2049 τὸ
381 2023 512 2059 γεώργιον
527 2022 571 2059 ἦν,
583 2024 627 2050 ὅτε
642 2024 738 2060 μικρόν
752 2033 780 2050 τε
795 2025 841 2051 καὶ
856 2033 931 2051 πενι-

144 2070 206 2104 χρὸν
220 2067 254 2104 ἦν
265 2090 273 2103 ,
297 2069 346 2096 καὶ
362 2069 419 2103 (55)
440 2070 489 2105 οὐχ
501 2070 576 2102 ὅπως
596 2069 662 2096 Θεοῦ
673 2091 680 2102 ,
698 2070 744 2096 τοῦ
760 2070 805 2097 τὸν
828 2070 931 2106 κόσμον

144 2113 200 2141 ὅλον
221 2115 433 2150 γεωργήσαντός
451 2123 482 2141 τε
498 2115 543 2142 καὶ
564 2115 749 2152 γεωργοῦντος
767 2117 824 2148 τοῖς
838 2116 930 2148 καλοῖς

144 2160 191 2195 τῆς
211 2161 355 2193 εὐσεϐείας
374 2161 510 2197 σπὲρμασί
532 2170 561 2187 τε
580 2161 625 2188 καὶ
641 2162 782 2197 δόγμασιν,
798 2162 855 2188 ἀλλ’
870 2162 929 2189 οὐδὲ

145 2207 256 2242 πένητος
270 2207 332 2239 ἑνὸς
344 2207 397 2234 τῶν
411 2206 508 2234 ἐνδεῶν
523 2207 570 2234 καὶ
590 2207 708 2243 μετρίων
717 2229 724 2241 ,
739 2207 776 2239 ὥς
790 2216 821 2242 γε
835 2207 930 2235 ἐδόκει·

143 2251 198 2278 ἀλλ’
213 2253 277 2279 οὐδὲ
299 2252 356 2287 (54)
377 2252 509 2289 γεώργιον
526 2253 609 2286 ὅλως,
628 2253 687 2280 οὐδὲ
702 2253 859 2288 ἀποθηκὼν,
873 2253 933 2280 οὐδὲ

144 2297 198 2324 alio
213 2299 312 2334 τυχὸν,
334 2298 395 2325 οὐδὲ
415 2299 552 2334 δρεπάνης
575 2299 656 2332 ἄξιον·
674 2299 734 2325 οὐδὲ
758 2298 852 2334 θημὼν
865 2298 932 2334 (55),

143 2343 202 2370 οὐδὲ
225 2345 421 2380 δράγματα,ἣ
443 2345 588 2381 δράγματα
611 2345 696 2380 μικρά
721 2353 750 2371 τε
773 2345 820 2371 καὶ
844 2344 932 2379 ἄωρα,

1026 1979 1071 2006 IV.
1092 1979 1245 2012 Enimvero,
1263 1984 1292 2006 ut
1306 1987 1338 2007 eo
1353 1986 1393 2012 se,
1409 1980 1478 2007 unde
1491 1979 1608 2015 digressa
1631 1984 1684 2013 est,
1703 1988 1765 2008 Ora-

990 2024 1028 2051 tio
1040 2023 1139 2052 referat
1153 2033 1159 2051 :
1174 2024 1229 2051 haec
1240 2031 1316 2060 seges
1327 2032 1408 2059 parva
1421 2025 1554 2058 quondam
1566 2029 1592 2052 et
1607 2025 1682 2060 inops
1693 2032 1763 2060 erat,

987 2077 1019 2097 ac
1037 2077 1089 2097 non
1112 2069 1191 2097 modo
1207 2069 1273 2102 Deo,
1285 2069 1332 2104 qui
1349 2070 1467 2104 pulchris
1487 2071 1593 2105 pietatis
1617 2071 1764 2098 seminibus

993 2120 1020 2143 et
1034 2115 1163 2143 doctrinis
1179 2119 1263 2143 totum
1279 2115 1372 2143 orbem
1391 2121 1521 2143 terrarum
1536 2116 1664 2149 excoluit,
1682 2122 1763 2152 atque

992 2161 1102 2193 excolit,
1123 2160 1170 2188 sed
1195 2168 1229 2188 ne
1244 2168 1361 2196 paupere
1375 2161 1493 2196 quidem,
1511 2169 1542 2188 ac
1557 2162 1628 2189 tenui
1650 2162 1763 2190 homun-

985 2206 1045 2234 culo
1071 2207 1164 2241 digna,
1189 2210 1218 2233 ut
1244 2205 1350 2240 quidem
1376 2207 1534 2234 videbatur:
1550 2207 1603 2234 imo
1621 2214 1671 2234 nec
1685 2215 1762 2242 seges

982 2253 1103 2284 omnino,
1123 2260 1174 2280 nec
1191 2253 1303 2286 horreis,
1323 2259 1373 2279 nec
1398 2259 1460 2280 area
1480 2252 1603 2285 fortasse,
1626 2260 1676 2280 nec
1695 2252 1763 2281 falco

981 2299 1081 2333 digna:
1108 2306 1157 2326 nec
1178 2298 1259 2325 etiam
1282 2298 1382 2330 acervi,
1406 2305 1455 2325 nee
1469 2298 1607 2333 manipuli,
1624 2302 1670 2325 aut
1689 2303 1762 2325 certe

981 2344 1057 2378 parvi
1070 2344 1255 2377 etimmaturi,
1283 2349 1310 2370 et
1333 2344 1426 2378 quales
1448 2348 1511 2371 sunt.
1539 2348 1680 2377 lectorum,
1708 2352 1759 2372 nec

144 2390 188 2415 καὶ
204 2388 248 2417 οἶα.
262 2390 298 2418 τὰ
313 2391 345 2417 ὲκ
365 2391 512 2425 δωμάτων,
529 2393 596 2426 μήτε
615 2392 693 2426 χεῖρα
707 2390 862 2426 πληροῦντσ.
883 2391 925 2417 τοῦ

982 2390 1111 2418 messoris
1131 2398 1238 2418 manum
1262 2390 1411 2425 impleutcs,
1440 2397 1489 2418 nec
1513 2397 1616 2424 eorum,
1636 2390 1682 2426 qtti
1699 2398 1761 2425 per-

183 2464 206 2479 ”
219 2463 277 2490 Jer.
302 2471 341 2496 LI,
363 2463 406 2491 54.

460 2465 483 2480 ¹³
495 2464 566 2492 Psal.
585 2473 638 2497 LIV,
663 2465 690 2492 6.

143 2505 204 2532 va,
231 2499 274 2527 l2.

177 2577 232 2611 (Η)
262 2577 411 2611 Πονηρᾶς.
427 2578 504 2605 Deest
523 2578 549 2606 in
569 2579 615 2608 0r.
644 2580 671 2607 2.

255 2613 289 2651 ςρ
306 2612 431 2651 πρῷτος.
444 2613 577 2651 Julianqu
595 2615 782 2651 imperatorem
796 2614 926 2651 intelligit.

250 2648 436 2685 :Epeot'cata.
454 2648 484 2685 in
499 2647 667 2685 quibusdam,
688 2649 809 2685 ἐμέρισε.

171 2682 231 2755 μι)
244 2682 432 2744 Πῗέδωζιεν.
448 2683 489 2723 ΟΞ
508 2683 535 2716 2,
554 2682 752 2726 παραδεδωιὲενζ

186 2717 233 2755 ιβ)
263 2719 285 2755 Τ
331 2726 385 2745 του
416 2719 501 2746 Θεου.
533 2719 579 2747 Stc
607 2719 752 2755 qumque]

139 2718 233 2768 ’Λὲιῇ
248 2718 303 2768 ηξὰ
331 2718 385 2745 τοῦ
416 2718 501 2746 Θεοῦ.
533 2719 579 2747 Sic
594 2718 726 2755 'quinque
747 2719 831 2752 Reae.
851 2720 929 2748 Deest

144 2760 233 2826 .0243!)
247 2752 488 2826 ςὲἓρρχσμένης.
503 2788 530 2816 In
546 2789 615 2826 aliis,
633 2791 808 2826 ἀνεχομένης.

175 2821 233 2858 (ιη)
252 2821 367 2858 ρὺὸένξ
378 2821 423 2851 Sic
438 2821 528 2857 plures
539 2821 617 2852 codd.
636 2826 662 2852 ln
680 2821 735 2858 ίέόῖ,
755 2821 825 2853 esse.

175 2856 235 2925 (48)
258 2857 344 2889 Ὀσῳ
354 2858 415 2885 τοῦ.
440 2856 506 2893 Reg.
523 2859 567 2886 bm
578 2864 604 2886 et
627 2865 681 2888 tres
709 2856 796 2892 C‘olbq
817 2861 872 2895 ὅσῳ
887 2861 926 2888 τό.

188 2891 234 2925 ιθ)
253 2892 440 2925 Χριστιανοῖς
468 2894 562 2925 ,ϐάρος
585 2896 658 2925 ὁμοῦ
678 2904 707 2923 τε
735 2896 783 2923 καὶ
802 2896 926 2925 ὄνειδος.

188 2891 234 2926 ιθ)
253 2892 440 2926 Χριστιανοῖς
468 2891 562 2928 Βάρος
585 2896 658 2931 ὁμοῦ
678 2904 707 2923 τε
735 2891 926 2929 καὶνὸνεὶδος.

747 2465 852 2494 “Psal.
872 2474 948 2499 xcttt,
971 2466 1014 2493 l7.

1068 2467 1090 2483 ’⁵
1104 2467 1167 2495 ibid.
1219 2468 1242 2483 ’θ
1253 2467 1310 2495 Joel
1331 2477 1350 2501 ι,
1365 2469 1408 2496 19.
1455 2469 1488 2485 ’θ’
1499 2468 1564 2496 ibid.
1579 2469 1604 2495 4.
1659 2470 1680 2486 ’⁷
1690 2469 1739 2497 Psa
1753 2490 1761 2497 .

983 2579 1196 2618 Sienﬂegrabm,
1212 2580 1310 2618 alii_que
1321 2581 1428 2618 plures.
1453 2581 1480 2608 In
1505 2582 1559 2618 ed.,
1585 2583 1636 2618 Xp.
1651 2583 1759 2615 ὄνειδος.

1018 2615 1074 2657 (50)
1092 2615 1215 2657 Ὕπρνομα
1229 2616 1275 2657 Ξῷ.
1287 2615 1417 2657 πάᾳςχειν
1431 2616 1595 2657 προσεῖναι.
1605 2615 1659 2657 Sic
1673 2618 1761 2657 _Regg.

982 2649 1036 2687 but,
1050 2649 1094 2687 ph,
1107 2649 1309 2687 ParietVGabr.
1330 2649 1462 2687 Deestfttii
1480 2652 1594 2687 πάσχειν
1605 2653 1631 2680 in
1646 2653 1692 2681 ed.

1017 2684 1073 2755 :51;
1092 2686 1158 2712 Kal.
1174 2684 1469 2719 RejicitCombelisius.

1029 2721 1063 2747 52
1094 2720 1130 2746 ’⁷0
1144 2729 1197 2755 μοι
1219 2721 1329 2754 λέγειν.
1353 2720 1396 2748 Sic
1410 2721 1475 2755 pleri

1029 2720 1073 2756 52)
1094 2720 1130 2746 "0
1144 2729 1197 2755 μοι
1219 2721 1329 2754 λέγειν.
1353 2720 1396 2748 Sic
1410 2721 1529 2756 plerique
1545 2723 1624 2750 codd.
1635 2723 1663 2750 In
1680 2723 1735 2755 ed..
1748 2724 1763 2750 ὅ

980 2754 1017 2789 μὴ
1029 2754 1128 2790 λέγειν.
1146 2754 1149 2755 ⁷
1411 2754 1420 2756 ’

1013 2790 1068 2826 (55)
1084 2790 1150 2826 Καί.
1170 2789 1252 2826 Deest
1260 2791 1286 2826 in
1302 2791 1446 2819 nonnullis.

1015 2825 1070 2867 (.54)
1092 2825 1180 2867 ’Ἀλλ’
1203 2825 1283 2852 οὐδέ.
1310 2827 1356 2854 Sic
1380 2827 1501 2862 plerique
1519 2828 1596 2856 codd.
1618 2828 1696 2856 Deest
1714 2826 1764 2856 ἀλ-

976 2861 1010 2889 λά
1023 2861 1049 2888 in
1067 2861 1110 2888 ed.
1459 2861 1464 2862 '

1011 2895 1067 2932 (55)
1084 2895 1198 2930 Θημὼν.
1216 2895 1340 2932 Reg.bm,
1352 2896 1493 2932 θηιιονιῶν.
