2013 3134
241 147 294 176 463
319 153 322 155 ‘

843 148 872 177 S.
890 147 1054 178 GREGORII
1073 148 1249 179 THEOLOGI

1803 150 1853 178 ιθι

243 209 394 238 transeunt,
409 203 624 232 benedictionem
641 204 785 234 illicientes
797 206 829 233 ’⁸.
845 206 918 235 Talis
934 215 1021 243 seges,

1078 207 1224 244 θερίζοντος
1236 207 1302 244 (56),
1319 216 1386 244 μητε
1409 208 1463 235 τῶν
1483 207 1633 244 παριόντων
1648 207 1773 241 εὐλογιαν
1789 216 1853 243 προ-

243 251 348 282 tantilla
365 251 459 278 messis
476 255 565 278 nostra
581 255 659 285 erat;
674 259 769 287 magna
786 257 887 286 tamen,
906 258 932 281 et
944 255 1025 289 spicis

243 298 364 332 copiosa,
377 301 405 324 et
421 296 538 332 pinguis,
560 296 629 331 apud
654 304 728 329 eum,
749 298 794 332 qui
815 298 972 326 abscondita
985 299 1025 326 in-

243 348 344 375 tuetur,
368 348 396 370 et
418 343 461 370 tali
479 342 596 378 agricola
616 343 693 378 digna
709 344 860 371 habebatur
874 344 929 376 illa,
945 352 1024 378 quam

241 389 392 416 animarum
408 388 491 416 valles
514 387 702 422 multiplicant,
726 395 786 415 cum
811 393 884 415 recta
903 389 1024 416 doctrina

244 434 422 466 excoluntur;
445 433 568 468 quamvis
582 441 632 460 nec
648 433 674 460 in
689 433 784 469 vulgus
797 439 858 460 nota
874 439 957 467 esset,
976 442 1026 462 nec

243 479 270 506 in
286 487 368 506 unum
386 484 537 514 cogeretur,
553 479 599 507 sed
613 479 741 515 paulatim
768 480 950 515 colligeretur,
973 488 1025 508 non

242 533 321 554 secus
345 533 376 553 ac
397 525 496 560 stipula
515 526 541 553 in
560 533 658 558 messe.
676 531 704 553 et
725 527 878 555 racemulus
893 528 919 554 in
933 527 1025 555 vinde-

241 573 307 606 mia,
324 579 386 599 cum
401 571 490 599 nullus
505 577 547 599 est
561 573 655 600 botrus
667 573 701 600 ".
720 571 790 606 Quin
806 573 850 600 illa
867 581 984 609 quoque,
999 578 1026 602 et

241 617 349 652 quidem
365 617 508 644 admodum
524 618 692 652 tempestive,
711 618 776 645 milii
793 618 888 646 videor
903 619 1024 654 adjectu-

242 671 298 696 rus,
317 668 346 691 ut
367 663 446 691 ﬁcum
462 669 655 699 praematuram
675 663 701 691 in
719 664 826 691 deserto
843 664 968 692 lsraelcm
986 665 1026 692 in-

243 712 303 739 veni
317 712 352 745 ³⁰,
365 717 392 739 et
406 716 435 738 ut
449 719 531 738 unum
552 715 600 738 aut
619 711 733 738 alterum
754 711 861 738 acinum
884 711 910 738 in
931 711 1026 738 imma-

242 763 303 785 turo
319 757 395 785 botro
417 761 563 791 maturum,
586 757 692 784 Domini
707 757 814 791 quidem
838 757 1026 784 benedictione

241 807 378 832 servatum
390 803 422 836 υ,
441 810 473 830 ac
493 803 618 837 primitiis
643 807 845 834 consecratum,
873 803 961 829 adlmc
986 807 1027 830 ta-

243 858 303 877 men
320 857 431 885 parvnm
452 854 480 876 et
504 857 605 881 rarum,
622 856 672 876 nec
683 856 714 876 os
727 849 894 876 comedentis
911 848 1024 883 implen-

1076 253 1238 290 καλούμενα.
1252 254 1376 281 Τοιοῦτον
1392 254 1470 290 ἡμῶν
1484 254 1514 280 τὸ
1529 253 1671 290 γεώργιον,
1685 251 1811 279 τοσοῦτον
1825 253 1856 279 τὸ

1076 298 1162 335 θέρος·
1182 300 1253 335 μέγα
1267 300 1325 336 μὲν,
1343 300 1390 327 καὶ
1406 299 1532 336 εὕσταχυ,
1544 299 1591 326 καὶ
1608 300 1667 326 πῖον
1679 298 1719 334 τῷ
1734 298 1856 334 θεωρητῇ

1074 345 1129 372 τῶν
1145 346 1284 381 κρυπτῶν,
1304 347 1349 373 καί
1371 346 1490 373 τοιούτου
1513 345 1634 380 γεωργοῦ
1651 345 1756 380 πρέπον
1772 342 1856 376 εἶναι,

1074 391 1089 417 ὂ
1107 391 1270 426 πληθύνουσι
1287 391 1408 423 κοιλάδες
1420 391 1514 426 ψυχῶν
1528 390 1617 422 καλῶς
1631 389 1669 425 τῷ
1684 389 1756 424 λόγῳ
1770 397 1858 424 γεωρ-

1075 437 1215 472 γουμένων
1233 437 1298 473 (57)·
1312 438 1342 464 οὐ
1359 437 1411 473 μὴν
1434 437 1632 472 γνωριζόμενον
1654 437 1710 468 τοῖς
1734 435 1858 467 πολλοῖς,

1075 483 1135 510 οὐδὲ
1148 484 1187 515 είς
1203 483 1232 510 ἓν
1245 483 1437 519 συναγόμενον,
1451 482 1518 510 ἀλλὰ
1535 482 1605 508 κατὰ
1622 481 1717 517 μικρὸν
1734 480 1861 514 συλλεγό-

1078 537 1167 565 μενον,
1186 529 1223 561 ὠς
1239 529 1349 565 καλάμη
1365 529 1419 564 (58)
1434 529 1463 555 ὲν
1478 527 1585 564 ἀμητῷ,
1601 527 1648 554 καὶ
1669 527 1706 558 ὡς
1720 525 1862 560 ὲπιφυλλὶς

1076 576 1105 602 ἐν
1127 575 1270 613 τρυγητῷ,
1295 575 1331 610 μὴ
1357 574 1524 610 ὑπάρχοντος
1546 573 1666 609 βότρυος.
1692 571 1862 608 Προσθήσειν

1077 629 1122 656 μοι
1141 620 1211 648 δοκῶ
1234 621 1363 652 κάκεῖνα,
1388 619 1435 645 καὶ
1457 619 1517 645 λίαν
1540 618 1610 644 κατὰ
1626 617 1738 652 καιρὸν,
1755 616 1792 648 ὼς
1811 624 1861 642 συ-

1076 665 1127 701 κῆν
1142 665 1198 701 (59)
1214 666 1242 692 ὲν
1258 665 1355 701 ἐρήμῳ
1377 661 1455 699 εὗρον
1469 663 1515 690 τὸν
1537 662 1656 698 Ἰσραὴλ,
1670 662 1718 688 καὶ
1732 661 1770 692 ὡς
1790 661 1862 697 ῥᾶγα

1077 710 1141 746 μίαν
1158 710 1212 746 (60)
1232 709 1248 745 ῆ
1267 709 1395 745 δευτέραν
1414 708 1517 744 ὥριμον
1542 707 1570 734 ὲν
1593 706 1674 742 ἀώρῳ
1692 706 1733 742 τῷ
1758 706 1860 742 βότρυῖ,

1076 756 1200 790 εὐλογίαν
1212 755 1261 791 μὲν
1273 755 1376 791 Κυρίου
1389 754 1586 790 τετηρημένην,
1598 753 1644 780 καὶ
1656 752 1782 788 ἀπαρχὴν
1795 753 1863 779 καο-

1076 802 1226 838 ιερωμένην
1239 822 1246 833 ,
1268 801 1337 836 πλὴν
1359 801 1451 836 ὀλίγην
1475 800 1514 826 ἔτι
1537 800 1584 826 καὶ
1611 800 1740 830 σπάνιον,
1763 799 1812 825 καὶ
1831 798 1862 824 οὐ

1075 847 1231 884 πληροῦσαν
1247 847 1334 882 στόμα
1345 846 1468 878 ἓσθοντος
1484 845 1549 881 (61)·
1562 845 1608 872 καὶ
1621 845 1658 877 ὡς
1675 844 1794 880 σημαίαν
1815 845 1862 870 ἐπὶ

242 901 294 923 tem
309 903 318 923 :
334 900 414 930 atque
423 896 514 928 etiam,
528 900 558 922 ut
574 894 730 930 signiferum
744 895 844 930 lignum
862 895 888 921 in
904 894 983 926 colle,
996 899 1022 921 et

1078 892 1180 928 βουνοῦ,
1206 893 1253 919 καὶ
1275 893 1313 924 ὡς
1339 892 1411 918 ἱστὸν
1433 892 1477 918 ἐπ’
1493 890 1621 927 ὅρους,ἦ
1645 890 1710 917 εἴτι
1733 889 1796 917 ἄλλο
1807 889 1862 916 τῶν

242 941 341 968 malum
361 941 438 968 navis
453 941 479 967 in
493 945 584 967 monte
599 940 632 974 ³’,
652 945 698 967 aut
711 940 732 967 si
745 940 808 974 quid
827 939 899 967 aliud
917 944 958 967 est
971 940 1026 966 sin-

241 988 342 1022 gulare,
365 995 415 1014 nec
433 987 523 1014 multis
548 986 733 1020 conspicuum.
749 985 836 1019 Atque
851 987 907 1013 lucc
919 985 1026 1020 quidem

242 1033 354 1067 pristina
372 1037 462 1060 nostra
480 1037 625 1067 paupertas
640 1037 667 1059 et
681 1031 808 1059 mmstitia
826 1031 886 1059 fuit.
1003 1064 1006 1066 _

276 1078 309 1106 V.
331 1079 368 1106 Ex
385 1086 437 1113 quo
451 1083 539 1105 autem
566 1083 690 1113 tempore
711 1077 792 1108 Deus,
817 1077 861 1110 qui
881 1083 1026 1111 pauperem

242 1124 305 1151 facit
329 1129 356 1151 et
378 1124 455 1157 ditat,
480 1123 525 1159 qui
560 1123 705 1150 mortiﬁcat
723 1127 750 1150 et
766 1122 846 1158 752
866 1122 1026 1154 vivilieat",

242 1171 287 1206 qui
304 1170 359 1198 sola
376 1170 513 1197 voluntate
534 1169 624 1196 omnia
649 1168 713 1196 facit
730 1173 811 1203 atque
831 1169 964 1200 immutat,
982 1168 1027 1203 qui

242 1223 275 1242 cx
292 1219 371 1242 nocte
384 1215 456 1242 diem
471 1213 548 1248 facit,
569 1221 602 1240 ex
618 1213 708 1240 hieme
728 1221 788 1246 ver,
813 1220 847 1241 ex
869 1217 1028 1247 tempestate

243 1259 463 1295 tranquillitatem
486 1258 519 1291 “,
539 1265 572 1285 ex
596 1259 718 1285 siccitate
744 1257 860 1293 pluviam
882 1257 923 1290 ";
949 1257 1028 1291 idque

243 1306 400 1341 plerumque.
426 1305 505 1332 unius
529 1304 607 1340 justi,
629 1304 757 1331 dittturna
781 1303 968 1338 persecutione
983 1309 1027 1330 ve-

243 1354 298 1380 xati
316 1353 440 1387 precibus
455 1355 609 1387 permotus;
629 1351 674 1384 qui
691 1350 806 1384 denique
824 1354 980 1376 mansuetos
999 1348 1026 1375 in

243 1399 326 1426 altum
340 1398 463 1432 suscipit,
485 1405 517 1425 ac
534 1402 689 1432 peccatores
710 1403 795 1431 usque
812 1396 845 1422 ad
861 1400 958 1422 terram
978 1395 1028 1421 bu-

243 1444 330 1471 miliat
341 1443 374 1476 “,
389 1442 453 1470 illud
465 1449 555 1469 secum
571 1441 637 1468 dixit
652 1450 659 1468 :
683 1439 777 1467 Videns
789 1440 841 1467 vidi
862 1439 1029 1475 afﬂictione":

244 1489 356 1517 lsraelis
371 1489 392 1505 ³⁷
409 1499 415 1517 :
431 1495 482 1516 nec
497 1489 562 1520 luto,
587 1494 638 1515 nec
662 1486 774 1514 laterum
799 1485 1028 1514 conﬁciendorum

245 1535 339 1562 labore
356 1535 455 1562 diutius
469 1534 672 1569 opprimentur;
689 1540 720 1560 ac
735 1532 840 1560 locutus
853 1531 981 1564 visitavit,
1000 1534 1028 1558 et

245 1581 359 1608 visitans
377 1581 490 1608 salutem
506 1579 605 1612 attulit,
626 1579 807 1614 populumque
831 1585 910 1605 suum
934 1576 1028 1604 eduxit

248 1626 275 1654 in
294 1633 373 1653 manu
390 1626 494 1661 potenti
506 1630 533 1652 et
543 1625 655 1653 brachio
667 1624 783 1658 excelso,
798 1624 824 1651 in
839 1631 917 1650 manu
931 1623 1028 1659 Moysis

244 1676 272 1699 et
287 1671 377 1698 Aaron
402 1671 549 1698 electorum
579 1678 688 1698 suorum
708 1669 741 1696 ³⁸.
762 1669 830 1702 Quid
850 1668 890 1702 ﬁt,
916 1672 944 1695 et
963 1667 1027 1702 quid

245 1719 343 1745 mirum
369 1717 562 1753 perpetratur?
583 1717 619 1744 Ea
648 1716 785 1749 nimirum,
814 1722 873 1751 qua:
894 1714 1030 1742 memorias

244 1764 368 1800 prodita,
397 1768 424 1791 et
445 1763 595 1791 litterarum
629 1762 814 1790 monumentis
842 1760 1027 1789 commendata

246 1809 580 1842 circumferunturaNam
608 1813 637 1836 ut
665 1808 796 1836 miracula
821 1807 849 1834 in
873 1807 916 1834 via
945 1805 1027 1838 edita,

246 1864 427 1892 magnumque
445 1856 519 1883 illum
543 1855 684 1891 strepitum
710 1860 826 1887 taceam,
849 1861 880 1881 ac
902 1860 958 1880 rem
975 1858 1029 1879 uno

245 1902 328 1930 verbo
345 1902 526 1937 complectar;
544 1901 641 1937 Joseph
659 1908 727 1928 unus
741 1901 767 1927 in
784 1899 930 1934 Egyptum
945 1897 1028 1933 proli-

245 1947 355 1974 ciscitur
367 1947 400 1979 ³⁹.
420 1955 452 1975 ac
474 1952 601 1975 sexcenta
621 1947 760 1974 hominum
777 1945 859 1973 millia
876 1953 927 1972 non
945 1943 1028 1971 multo

245 1998 306 2028 post
323 2000 356 2020 ex
371 1992 487 2028 [Egypto
502 1993 634 2020 excedunt
646 1993 679 2019 ⁸ο.
693 1991 762 2026 Quid
776 1991 829 2019 hoc
845 1989 1029 2018 admirabilius

248 2043 295 2066 aut
320 2039 453 2066 illustrius
479 2039 574 2066 divinae
601 2038 807 2074 magniﬁcentia:
829 2040 1027 2072 argumentum,

245 2091 306 2110 cmn
323 2091 356 2111 ex
369 2085 448 2112 rebus
469 2084 582 2119 perditis
599 2091 630 2110 ac
644 2083 803 2118 deploratis,
828 2082 879 2109 iter
902 2081 1028 2109 secundis

248 2130 354 2164 aperire
369 2130 499 2157 voluerit?
522 2129 711 2156 Promissionis
730 2133 799 2155 terra
815 2135 863 2162 per
879 2134 960 2154 unum
979 2127 1028 2154 ho-

245 2175 347 2202 minem
372 2176 434 2203 odio
456 2176 576 2203 habitum
601 2179 673 2202 sorte
698 2173 876 2205 distribuitur,
898 2177 978 2206 atque
993 2173 1026 2205 is,

1041 1559 1062 1588 Ο

1077 939 1226 975 μοναδικῶν
1249 947 1278 965 τε
1302 938 1349 965 καὶ
1367 938 1397 964 οὐ
1421 938 1525 964 πλείοσι
1548 936 1753 972 θεωρουμένων.
1771 935 1863 963 Ταῦτα

1077 985 1126 1020 μὲν
1140 987 1174 1012 τὰ
1187 986 1235 1021 τῆς
1249 985 1385 1020 προτέρας
1398 984 1493 1016 πενίας
1507 984 1552 1011 καὶ
1566 982 1726 1019 κατηφείας.

1111 1077 1149 1105 Ε’.
1175 1077 1233 1112 Ἀφ’
1246 1073 1276 1104 οὗ
1289 1077 1318 1104 δὲ
1332 1077 1346 1104 ὁ
1361 1076 1503 1112 πτωχίζων
1520 1077 1568 1103 καὶ
1588 1076 1738 1108 πλουτίζων
1750 1075 1831 1109 Θεὸς,
1847 1076 1864 1104 ὁ

1077 1123 1199 1151 θανατῶν
1220 1123 1267 1150 καὶ
1287 1122 1444 1157 ζωογονῶν,
1465 1123 1479 1149 ὁ
1495 1122 1579 1149 ποιῶν
1603 1123 1690 1149 πάντα
1707 1122 1755 1149 καὶ
1780 1131 1863 1158 μετα-

1078 1169 1217 1201 σκευάζων
1232 1169 1306 1204 μόνῳ
1319 1168 1357 1204 τῷ
1371 1168 1523 1204 βούλεσθαι,
1539 1169 1552 1196 ὁ
1564 1167 1648 1194 ποιῶν
1661 1168 1693 1194 ἐκ
1708 1168 1757 1203 μὲν
1768 1167 1863 1199 νυκτὸς

1078 1215 1199 1251 ἡμέραν,
1217 1215 1249 1241 ὲκ
1272 1215 1300 1241 δὲ
1321 1213 1454 1249 χειμῶνος
1471 1213 1531 1249 ἔαρ,
1545 1214 1576 1239 ὲκ
1592 1213 1620 1240 δὲ
1636 1213 1719 1248 ζάλης
1733 1213 1862 1248 γαλήνην,

1078 1262 1110 1287 ἐκ
1121 1261 1149 1287 δὲ
1163 1260 1275 1296 αὐχμῶν
1291 1259 1453 1295 ἐπομϐρίαν·
1475 1260 1522 1286 καὶ
1538 1258 1616 1286 τοῦτο
1635 1258 1668 1286 δι’
1687 1258 1746 1290 ἑνὸς
1760 1258 1864 1285 δικαίου

1078 1307 1206 1338 πολλάκις
1218 1306 1299 1342 εὐχὴν
1314 1306 1361 1332 ἐπὶ
1376 1305 1442 1332 πολῦ
1456 1305 1623 1341 διωχθέντος’
1639 1305 1654 1331 ὁ
1667 1304 1864 1340 ἀναλαμϐάνων

1079 1354 1175 1388 πραεῖς
1187 1353 1226 1384 είς
1240 1352 1316 1387 ὕψος,
1335 1352 1383 1378 καὶ
1396 1352 1531 1379 ταπεινῶν
1545 1351 1720 1387 ἁμαρτωλοὺς
1736 1351 1789 1383 ἕως
1800 1351 1862 1386 γῆς,

1079 1400 1166 1425 ὲκεῖνο
1179 1398 1247 1434 πρὸς
1261 1398 1341 1424 αὑτὸν
1357 1397 1413 1432 (62)
1433 1396 1526 1425 εἶπεν·
1549 1397 1631 1424 Ἰδὼν·
1645 1396 1726 1424 εἶδον
1741 1398 1799 1431 τὴν
1812 1396 1864 1423 κά-

1079 1452 1173 1471 κωσιν
1190 1444 1243 1471 τοῦ
1266 1443 1382 1479 Ἰσραήλ
1400 1443 1467 1480 (65)’
1485 1443 1530 1470 καὶ
1547 1443 1577 1470 οὐ
1596 1443 1633 1479 μὴ
1655 1443 1808 1479 προσθῶσιν
1822 1442 1864 1468 ἔτι

1079 1490 1118 1526 τῷ
1131 1489 1210 1525 πηλῷ
1229 1489 1275 1516 καὶ
1289 1491 1322 1525 τῇ
1340 1489 1464 1525 πλινθείᾳ
1478 1489 1675 1525 ταλαιπωρεῖν·
1701 1489 1748 1515 καὶ
1769 1489 1862 1523 εἰπὼν,

1080 1535 1258 1570 ἐπεσκέψατο.
1269 1535 1315 1562 καὶ
1326 1535 1541 1571 ἐπισκεψάμενος
1554 1535 1648 1568 ἔσωσε,
1661 1535 1712 1562 καὶ
1726 1535 1862 1570 ἐξήγαγε,

1079 1580 1131 1607 τὸν
1137 1581 1214 1608 λαὸν
1222 1581 1316 1608 αὑτοῦ
1326 1581 1360 1609 ἐν
1370 1582 1443 1617 χειρί
1461 1582 1587 1616 κραταιῷ
1602 1581 1668 1617 (δι),
1680 1582 1729 1608 καί
1744 1582 1778 1608 ἐν
1788 1582 1864 1616 ,βρα-

1080 1627 1159 1661 χίονι
1180 1626 1292 1662 ὑψηλῷ
1302 1627 1337 1654 ἐν
1347 1627 1423 1662 χειρί
1437 1627 1529 1662 Μωσῆ
1543 1627 1591 1654 καὶ
1614 1627 1726 1661 Ἀαρὼν
1741 1628 1796 1663 (65)
1810 1628 1865 1654 τῶν

1079 1672 1213 1700 ἐκλεκτῶν
1228 1673 1320 1700 αὑτοῦ.
1330 1673 1362 1700 Τί
1374 1673 1476 1708 γίνεται
1485 1692 1492 1705 ,
1507 1674 1553 1700 καὶ
1564 1672 1590 1699 τί
1603 1672 1863 1708 θαυματουργεῑται;

1081 1718 1115 1743 Ἃ
1139 1717 1223 1753 βίϐλοι
1246 1717 1295 1745 καὶ
1321 1718 1424 1754 μνῆμαι
1451 1718 1588 1753 φέρουσιν.
1617 1717 1709 1750 Ἐκτὺς
1734 1718 1789 1753 γὰρ
1811 1718 1866 1744 τῶν

1079 1763 1149 1790 κατὰ
1162 1763 1211 1799 τὴν
1227 1763 1286 1790 ὁδὸν
1304 1763 1473 1799 Θαυμασίων,
1487 1764 1534 1790 καὶ
1552 1764 1601 1799 τῆς
1617 1763 1736 1799 μεγάλης
1757 1764 1866 1799 ἐκείνης

1080 1808 1250 1844 βομΰήσεως,
1273 1809 1306 1835 ἵν’
1329 1809 1399 1836 εἴπω
1421 1817 1447 1835 τι
1470 1809 1688 1844 συντομώτατον,
1710 1809 1808 1845 Ἰωσὴφ
1825 1811 1865 1841 είς

1079 1854 1215 1888 Αἴγυπτον
1230 1852 1279 1887 εἷς,
1296 1854 1342 1881 καὶ
1356 1854 1483 1890 μυριάδες
1496 1854 1626 1890 ἐξήκοντα
1643 1855 1701 1890 μετ’
1712 1855 1800 1890 ὀλίγον
1809 1855 1863 1891 (66)

1079 1899 1109 1933 ἐξ
1121 1899 1269 1935 Αἰγύπτου.
1283 1900 1315 1926 Τί
1326 1900 1420 1928 τούτου
1439 1900 1669 1936 θαυμασιώτερον,
1682 1900 1700 1936 ἢ
1716 1901 1807 1936 μεῖζον
1817 1901 1865 1936 τῆς

1079 1945 1126 1972 τοῦ
1142 1945 1210 1972 Θεοῦ
1225 1945 1401 1981 μεγαλονοίας
1416 1947 1573 1982 τεκμήριον,
1594 1946 1656 1972 ὅταν
1673 1946 1705 1972 ὲκ
1726 1946 1780 1973 τῶν
1798 1946 1865 1973 ἀπό-

1079 2000 1135 2028 ρων
1155 1991 1217 2028 ϐἐλῃ
1239 1993 1322 2029 πόρον
1341 1993 1432 2020 δοῦναι
1446 1995 1502 2025 τοῖς
1522 1993 1679 2029 πράγμασι;
1701 1993 1749 2020 καὶ
1765 1993 1799 2028 γῆ
1815 1995 1863 2029 τῆς

1079 2038 1244 2072 ἐπαγγελίας
1263 2039 1462 2074 κληροδοτεὴαι
1482 2039 1514 2066 δι’
1529 2040 1587 2071 ἑνὸς
1603 2039 1772 2075 μισηθέντος,
1790 2040 1835 2066 καὶ
1849 2040 1863 2066 ὁ

1079 2083 1193 2118 πραθεὶς
1215 2083 1277 2118 ἔθνη
1303 2084 1453 2120 μεθίστησι,
1477 2085 1524 2111 καὶ
1545 2085 1584 2116 εἰς
1610 2084 1685 2116 ἔθνος
1705 2085 1863 2112 καθίσταται

1081 2129 1168 2163 μέγα,
1192 2129 1239 2155 καὶ
1262 2130 1278 2164 ἡ
1297 2129 1382 2165 μικρὰ
1404 2130 1548 2165 παραφυὰς
1562 2130 1651 2165 ἐκείνη
1662 2150 1669 2162 ,
1685 2130 1806 2166 ἄμπελος
1819 2131 1863 2157 εὑ-

1079 2174 1255 2210 κληματοῦσα
1277 2176 1397 2210 γίνεται,
1420 2177 1467 2202 κα)⁴
1483 2177 1617 2212 τοσαύτη,
1634 2177 1671 2208 ὡς
1692 2177 1863 2212 ἐπεμϐαίνειν

247 2220 292 2259 qui
308 2220 432 2247 venditus
452 2220 548 2253 fuerat,
567 2225 660 2254 gentes
680 2219 789 2246 sedibus
814 2217 898 2252 pellit,
919 2217 1026 2252 ipseque

1084 2221 1132 2256 μὲν
1154 2223 1301 2256 ποταμοῖς,
1323 2222 1490 2248 ὲκτείνεσθαι
1513 2222 1541 2249 δὲ
1564 2223 1642 2258 μέχρι
1666 2223 1817 2259 θαλάσσης,
1835 2223 1862 2256 ἐξ

245 2267 272 2294 in
289 2271 395 2301 gentem
410 2275 533 2302 magnam
548 2266 733 2298 constituitur,
749 2272 779 2292 ac
800 2271 881 2299 parva
904 2263 949 2290 illa
966 2271 1029 2298 pro-

1082 2265 1163 2302 ὁρίων
1175 2266 1229 2302 (67)
1241 2267 1280 2298 είς
1294 2267 1356 2302 ὅρια
1376 2268 1579 2304 πλατυνομένην
1596 2268 1661 2304 (68),
1675 2268 1821 2296 καλύπτειν
1836 2269 1863 2295 δὲ

283 2334 391 2372 "Ps-al.
413 2334 552 2372 cuvnt,6
567 2341 652 2372 seqq:_
674 2334 703 2372 ξ’
724 2331 803 2359 Mich.
819 2333 907 2372 vu._‘l_.
939 2331 1026 2372 'f‘_0§e

1078 2341 1092 2364 η,
1109 2333 1152 2360 10.
1191 2334 1350 2372 "AlsaLLgv,
1363 2336 1389 2364 8.
1427 2336 1450 2352 ³¹
1462 2337 1513 2364 lsa.
1528 2345 1594 2367 xxx.
1615 2337 1659 2364 17.
1697 2338 1720 2354 ³³
1732 2337 1740 2363 l
1753 2338 1818 2372 Reg.
1833 2345 1862 2369 ιι,

247 2370 274 2397 6.
314 2370 336 2385 ³⁵
353 2370 434 2397 Amos
456 2377 480 2402 ν,
504 2369 531 2397 8.
570 2369 591 2385 ³⁸
606 2367 653 2395 ῚΙΙ
673 2368 739 2405 Reg.
770 2375 846 2405 ηιμ.
863 2367 908 2405 45.
947 2367 969 2382 ³⁸
994 2367 1064 2405 [:s_:d.
1097 2376 1187 2402 cxnvt,
1202 2369 1228 2397 6.
1265 2370 1287 2386 ³⁷
1304 2371 1390 2400 Exod.
1419 2379 1462 2402 In.
1480 2372 1506 2400 7.
1546 2372 1569 2388 ⁸⁸
1583 2372 1653 2400 Psal.
1685 2367 1860 2405 cxxxv,"ll;'

247 2405 397 2447 Lxxvt,21.
437 2405 458 2421 ³⁸
481 2405 548 2432 Gen.
571 2403 738 2438 xxxvn,28.
778 2402 800 2418 ‘°
818 2402 902 2430 Exod.
928 2409 978 2434 xtl,
1002 2402 1046 2430 57.

247 2497 263 2530 ζ
283 2461 338 2498 (56)
364 2462 418 2489 Τοῦ
436 2461 607 2496 θερίζοντος.
624 2461 669 2489 Sic
683 2461 760 2490 codd.
776 2460 803 2488 In
818 2460 880 2488 Par.
901 2460 955 2493 ed.,
970 2459 1029 2495 ορί-

264 2506 349 2528 οντος.

264 2506 349 2528 οντος.

282 2532 338 2568 (51)
358 2532 599 2568 Γεωρπυυμέγων,
613 2531 642 2559 in
656 2531 801 2568 nonnullis,
813 2529 1029 2566 γεωργούμεναι.

283 2566 339 2600 (58)
353 2566 488 2601 Καλάμη,
503 2567 568 2601 Reg.
584 2567 638 2598 bm,
656 2566 793 2602 καλάμην.

282 2602 337 2637 (59)
360 2602 408 2634 Ὧς
419 2600 530 2636 συκῆν.
542 2600 611 2629 Tres
624 2602 719 2637 Regg.,
730 2600 782 2629 'Oi‘.
804 2601 832 2633 2,
846 2605 909 2633 etc.,
922 2600 958 2637 ὡς
968 2608 1027 2637 σκο-

248 2637 308 2668 πόν,
328 2635 346 2662 ἰ
377 2642 406 2672 ut
426 2635 545 2672 scopam.
563 2646 572 2662 ι
589 2637 652 2665 Ose.
667 2635 715 2668 ᾖ,
739 2637 773 2664 10
790 2644 797 2662 :
816 2637 853 2667 ὡς
881 2635 980 2662 σκοπὸν
1000 2635 1030 2661 ὲν

249 2673 316 2706 συκῇ
328 2671 460 2706 πρώιμον·
479 2682 488 2697 ‹
508 2676 538 2698 ut
552 2679 662 2706 scopum
675 2672 700 2699 in
714 2672 762 2699 lien
778 2676 992 2705 temporaueum.
1016 2678 1025 2695 ι

287 2705 543 2741 (61))Ῥἀγαμίακ
571 2705 616 2734 Sic
638 2707 757 2741 plerique
781 2706 859 2733 codd.
881 2706 947 2741 Reg,
973 2705 1027 2735 bin,

267 2740 326 2777 ὧγα
334 2739 408 2776 μίαν.
420 2739 515 2768 ἶιιῖςιι.
544 2749 606 2773 va,
621 2739 664 2769 8’:
687 2739 733 2768 Ὃν
741 2741 842 2777 τρόπον
853 2739 1028 2777 εὑρεθήσεται

274 2776 327 2812 pd):
338 2777 367 2802 ἐν
382 2776 421 2811 τῷ
433 2777 537 2812 βότρυῖ⁴
565 2786 574 2802 ε
595 2777 732 2810 Quomodo
756 2775 906 2812 invenietur
923 2775 1029 2802 acinum

249 2810 386 2847 iu_botro.
405 2810 413 2836 ἰ
431 2810 459 2838 In
475 2810 516 2839 ed.
530 2811 704 2845 coniunctim,
722 2810 870 2847 ραγαμίαν.

301 2819 386 2838 notro.
405 2820 413 2836 ι
431 2819 459 2838 ιιι
475 2819 516 2839 eu.
530 2819 704 2852 conjuncttm,
722 2819 870 2871 ραγαριαν.

283 2845 339 2878 (6i)
354 2847 521 2879 Ἔσθοντος.
537 2847 565 2872 1η
582 2847 726 2879 nonnullis,
744 2846 790 2872 ὲσθ
803 2853 889 2876 οντος.

284 2880 340 2916 (62)
349 2882 454 2909 Αὐτόν.
470 2878 527 2910 Duo
545 2881 640 2917 ltegg.,
657 2885 771 2917 quatuor
795 2880 871 2908 Colb.
891 2883 917 2908 et
936 2878 982 2907 0r.
998 2878 1027 2912 2,

1081 2459 1380 2498 ἑαυςρν.ῗΜρκ,νεῐπεν.
1400 2468 1466 2498 κως.
1485 2463 1540 2494 Ι)ιη,
1557 2463 1651 2490 εἰπών.

1115 2495 1170 2535 (65)
1189 2495 1243 2522 Τοῦ
1269 2496 1396 2531 Ἰσραήλ.
1410 2495 1456 2525 Οῆ
1472 2498 1499 2530 2,
1520 2498 1566 2524 τοῦ
1588 2498 1653 2525 λαοῦ
1670 2498 1731 2534 μου,
1751 2507 1760 2524 t
1776 2498 1864 2534 populi

1080 2537 1142 2556 met.
1164 2540 1172 2555 I

1190 2566 1337 2604 ἕρηταιῷ.
1351 2567 1433 2604 Coisl_.
1444 2567 1461 2594 2
1475 2571 1502 2604 et
1516 2567 1562 2604 Or.
1574 2568 1602 2604 2,
1616 2568 1744 2604 κραταιᾷ.

1118 2597 1172 2634 (65)
1190 2597 1240 2636 Ἑν
1253 2597 1329 2636 χειρί
1340 2601 1432 2635 Μωσῆ
1449 2602 1498 2629 καί
1515 2597 1760 2636 Ἄαμῦν.’8είιοὶ.;
1784 2603 1866 2630 Ἑαυ-

1080 2634 1126 2674 τὸν
1155 2634 1305 2662 αἰνίττεται
1331 2637 1377 2663 καὶ
1400 2634 1663 2674 μέχανψΒαάιλείον]
1687 2647 1697 2663 ε
1726 2638 1866 2672 Signiﬁcat

1084 2672 1201 2710 seipsum
1227 2675 1255 2697 et
1275 2679 1399 2710 magnum
1432 2672 1570 2710 Basiliam.
1595 2682 1611 2710 _|_
1635 2672 1693 2710 N_on_
1717 2673 1866 2707 probamus

1078 2704 1229 2732 scboliasta:
1253 2704 1424 2733 sententiam.
1443 2707 1470 2734 Id
1484 2713 1558 2735 certe
1578 2704 1772 2734 alienissimum
1791 2713 1834 2735 est
1847 2715 1864 2735 a

1078 2739 1202 2768 Gregorii
1215 2745 1313 2767 mente.

1113 2773 1169 2843 (66)
1187 2773 1255 2801 Μετ’
1268 2775 1380 2809 ὀλίγον.
1397 2776 1463 2811 Reg.
1475 2776 1530 2807 bin,
1551 2776 1619 2811 μετὰ
1633 2776 1742 2813 μικρὸν.

1125 2809 1168 2843 67)
1204 2809 1252 2841 Ἐξ
1287 2810 1385 2843 ὁρίων,
1412 2816 1463 2838 etc.
1499 2811 1559 2839 Bill.
1585 2820 1595 2837 ι
1622 2819 1638 2838 a
1663 2818 1739 2839 mont

1125 2809 1252 2868 Ξῖέςιξέξ
1287 2810 1385 2844 ὁρίων,
1412 2809 1463 2838 etc.
1499 2809 1559 2839 Bill.
1585 2820 1595 2837 ι
1622 2809 1639 2838 a
1663 2809 1801 2840 montibus
1829 2811 1863 2838 ad

1078 2850 1193 2870 momes.
1212 2853 1221 2868 )

1114 2877 1170 2914 (68)
1194 2879 1437 2916 Πλατυνομένην.
1463 2881 1530 2910 Tres
1549 2880 1649 2917 Regg.,
1662 2881 1860 2917 πλατυνομένη.
