2013 3134
155 186 205 211 Αιο

645 189 776 218 ORATIO
796 191 875 219 XLII.
895 208 930 212 —
951 191 1141 220 SUPREMUM
1162 192 1262 221 VALE.

1719 195 1771 223 466

153 241 202 277 ὖρη
219 241 258 277 τῷ
272 241 334 277 ὕψει
349 243 400 279 τῆς
412 243 501 280 δόξης,
518 245 619 281 κέδρων
630 247 657 273 δὲ
673 248 881 285 ὑπεραίρεσθαι,
896 251 942 277 καὶ

1000 258 1060 285 )ago
1071 251 1148 278 vinea
1168 251 1221 278 lata
1235 256 1262 279 et
1275 251 1430 286 palmitibus
1444 251 1582 281 abundans
1600 250 1722 285 cliicitur,
1745 253 1770 280 in

154 289 238 316 ταῦτα
258 289 314 317 τῶν
335 289 381 316 τοῦ
405 291 471 317 Θεοῦ
494 291 571 318 ἅτινα
591 292 623 328 δὴ
645 292 681 319 τὰ
701 293 752 329 ὅρη
775 295 870 328 ταῦτα,
893 296 940 322 καὶ

154 335 265 367 ἅστινας
277 335 327 368 τὰς
340 337 450 372 κέδρους
464 337 642 373 ὑποληπτέον.

993 303 1106 330 eamque
1133 297 1342 330 magnitudinem
1359 297 1458 330 evadit,
1485 301 1513 324 ut
1533 303 1560 324 et
1581 305 1660 332 supra
1678 297 1772 325 ﬂuvios

993 343 1130 374 ascendat,
1145 347 1172 368 et
1186 350 1270 376 usque
1285 343 1318 369 ad
1331 350 1405 369 mare
1418 342 1590 374 extendatur.
1605 348 1630 369 et
1644 351 1659 369 a
1675 343 1773 370 finibus

153 381 187 408 ad
212 381 279 408 lines
302 381 427 409 dilatetur
437 382 469 416 δι,
496 387 523 411 et
537 383 628 418 gloria:
650 385 816 413 sublimitate
843 391 947 414 montes
967 388 1083 421 operiat,
1114 387 1292 414 etcedrorum
1307 387 1517 421 magnitudinem
1546 393 1665 422 superet,
1680 394 1706 417 et
1716 389 1773 424 qui.

153 428 214 455 dcm
233 428 329 458 cedros
348 429 394 456 Dei
420 431 572 465 quicunque
594 432 702 460 tandem
727 438 832 461 mortles
845 433 891 467 illi,
911 439 938 462 ct
954 441 1119 469 quacunque
1133 434 1206 462 cedri
1218 434 1402 462 eriStimanda:
1416 438 1488 460 sunt.

191 477 228 507 ς’.
246 474 371 502 Τοιοῦτόν
390 485 455 503 ποτε
469 477 547 504 τοῦτο
568 478 598 504 τὸ
618 479 753 514 ποίμνιον,
765 481 811 507 καὶ
825 480 945 508 τοιοῦτον

153 521 217 555 νῦν,
241 521 327 554 οὕτως
358 522 484 549 εὐεκτοῦν
506 532 535 549 τε
557 524 604 550 καὶ
628 523 842 561 πλατυνόμενονο
868 527 892 553 εἰ
918 527 946 553 δὲ

127 572 132 578 ’
155 568 240 603 μήπω
255 568 365 600 τελείως
382 568 449 604 (69),
468 569 525 596 ἀλλ’
545 571 585 602 εἰς
597 570 675 597 τοῦτό
689 579 720 605 γε
739 572 799 603 ταῖς
811 572 882 598 κατὰ
900 572 947 608 μέ-

123 1041 126 1104 1

155 623 202 649 ρος
219 614 274 649 (70)
290 613 380 640 ὁδεῦον
401 615 581 650 προσθήκαις·
596 616 760 651 προφητεύω
780 616 807 643 δὲ
825 617 890 652 (71),
905 618 946 644 ὅτι

154 660 200 686 καὶ
216 659 334 687 ὁδεῦσον.
347 659 431 686 Τοῦτό
444 669 489 696 μοι
503 660 533 687 τὸ
548 661 659 696 Πνεῦμα
674 662 800 698 προλέγει
815 662 844 689 τὺ
859 662 945 696 ἅγιον,

154 706 181 732 εἴ
201 715 228 733 τι
247 705 414 742 προφητικὸς
435 706 501 741 ἐγὼ,
526 707 573 734 καὶ
596 707 701 742 βλέπων
723 708 758 734 τὰ
781 707 946 744 ἔμπροσθεν·

155 751 202 778 καὶ
225 751 284 786 ἅμα
304 753 361 782 τοῖς
382 751 563 787 προλαϐοῦσιν
588 752 641 788 ἔχω
664 753 775 788 θαρρεῖν
801 753 874 788 (72),
900 753 948 780 καὶ

154 796 277 832 λογισμῷ
291 797 446 831 γινώσκειν,
468 798 506 830 ὼς
527 798 605 833 λόγου
630 799 785 835 σύντροφος.
806 799 876 826 Πολὺ
892 799 945 835 γὰρ

157 843 382 879 παραδοξότερον,
397 844 426 878 ἐξ
442 843 545 871 ἐκείνου
568 844 701 880 τοσαύτην
714 844 849 879 γενέσθαι,
862 845 878 880 ἢ
896 845 945 880 τὴν
961 872 982 899 Β

157 886 426 899 ,r,_"‘_,,,ar,r,
486 898 500 899 κ
551 890 643 899 κον-ς
736 891 742 899 1
854 891 897 899 ιη’
929 889 943 899 τ

155 888 202 915 νῦν
225 886 309 916 οὖσαν
324 890 363 921 είς
379 890 463 925 ἄκρον
482 890 622 926 προελθεῖν
634 890 833 927 λαμπρότητος.
854 891 898 924 Ἐξ
909 889 945 924 ,οὗ

155 934 209 970 γὰρ
225 934 391 969 συνάγεσθαι
409 935 509 971 ἤρξατο
524 935 600 971 παρὰ
616 936 662 962 τοῦ
678 935 872 970 ζωογονοῦντος
883 937 946 969 τοὺς

155 981 286 1016 νεκροὺς,
304 981 371 1008 ὀστᾶ
388 981 455 1018 πρὸς
472 982 547 1014 ὀστᾶ,
565 982 613 1009 καὶ
636 982 754 1018 ἁρμονία
775 982 842 1018 πρὸς
862 983 947 1018 ἁρμο-

154 1026 223 1058 νίαν,
246 1026 294 1053 καὶ
317 1029 373 1059 τοῖς
394 1027 486 1063 ξηροῖς
510 1028 565 1063 (75)
584 1027 660 1063 ἐδόθη
675 1027 787 1063 Πνεῦμα
808 1027 881 1063 ζωῆς
900 1028 947 1055 καὶ

156 1072 377 1108 παλιγγενεσίας,
393 1075 493 1107 πᾶσαν,
510 1072 538 1101 εὖ
559 1072 633 1105 οἴδα.
657 1074 832 1111 πληρωθῆναι
845 1075 886 1102 δεῖ
898 1075 947 1111 τὴν

156 1118 323 1146 ἀνάστασιν*
347 1119 418 1146 ὥστε
440 1119 481 1154 μὴ
499 1120 706 1154 ῠψούσθωσαν
728 1120 762 1148 ἑν
782 1121 899 1154 ἑαυτοῖς
921 1122 947 1148 οι

157 1165 462 1198 παραπικραίνοντες·
486 1165 553 1200 μηδὲ
575 1165 653 1192 σκιὰν
669 1165 841 1201 κρατοῦντες,
865 1166 881 1201 ἢ
904 1167 948 1193 ὲν-

159 1209 255 1237 ύπνιον
275 1209 488 1246 ἐξεγειρομένων
503 1210 569 1246 (74),
584 1212 601 1247 ἢ
617 1211 704 1247 αὔρας
724 1211 912 1244 διαωεούσας,
929 1212 946 1247 ἢ

157 1256 220 1291 νηὸς
238 1255 297 1292 ἴχνη
314 1256 374 1283 καθ’
388 1256 500 1290 ὕδατος,
523 1256 594 1292 ἔχειν
613 1266 639 1284 τι
656 1257 849 1293 νομιζέτωσαν.
870 1258 949 1285 Ὀλο-

125 1298 133 1326 .’
157 1300 270 1331 λυζὲτω
288 1301 344 1336 (75)
357 1302 455 1335 πίτυς,
475 1301 520 1329 ὅτι
539 1301 673 1329 πέπτωκε
687 1302 801 1337 κέδρος.
817 1303 879 1335 Τοῖς
894 1302 949 1329 τῶν

157 1346 246 1374 ἄλλων
262 1348 357 1379 κακοῖς
375 1347 602 1381 παιδευέσθωσαν,
616 1349 663 1375 καὶ
676 1348 894 1384 μανθανέτωσαν,
908 1349 949 1376 ὃτι

158 1394 207 1420 οὐκ
220 1394 263 1426 εἰς
278 1394 353 1426 τέλος
374 1394 587 1431 ὲπιλησθήσεται
605 1395 620 1422 ὁ
639 1395 762 1430 πτωχός·
780 1395 840 1422 οὐδὲ
856 1395 948 1428 ἀνέξε-

159 1448 214 1471 ται,
233 1440 272 1476 μὴ
284 1440 314 1467 ὲν
331 1440 460 1468 ἐκστάσει
474 1441 601 1476 διακόψαι
617 1442 737 1476 κεφαλὰς
749 1441 898 1472 δυναστῶν,
912 1442 950 1474 ὡς

159 1487 172 1512 ὁ
194 1486 358 1522 Ἀμὸακοὺμ
378 1495 479 1523 φησιν,
502 1487 518 1523 ἠ
542 1487 738 1523 διακοπτομένη
763 1487 817 1522 (76)
838 1487 948 1522 θεότης,

1029 482 1072 509 Vl.
1089 481 1162 508 Talis
1180 481 1315 515 quondam
1340 480 1384 507 hic
1403 487 1469 514 grex
1490 483 1559 512 erat,
1584 479 1697 514 talisque
1712 487 1774 506 rur-

994 534 1052 554 sum
1077 534 1157 558 nunc,
1185 531 1294 561 tamque
1322 525 1504 558 succulcntus,
1527 525 1632 559 lateque
1645 532 1674 552 se
1689 525 1774 559 porri«

994 580 1076 606 gens;
1104 579 1135 599 ac
1159 571 1180 599 si
1203 571 1320 598 nondum
1349 571 1540 605 perfectionem
1562 576 1713 603 assecutus,
1741 571 1775 598 ad

994 625 1052 645 eam
1081 622 1168 644 tamen
1196 617 1361 651 quotidianis
1388 616 1560 643 incrementis
1584 617 1771 650 progrediens,

1000 667 1082 696 atque
1100 663 1191 693 etiam,
1208 667 1237 690 ut
1252 669 1377 696 auguror,
1396 669 1600 696 progressurus.
1628 661 1684 689 Hoc
1710 662 1775 689 mibi

995 708 1117 744 priedicit
1140 707 1257 743 Spiritus
1281 713 1404 740 sanctus,
1421 708 1442 735 si
1458 708 1522 742 quid
1534 707 1699 735 vaticinandi
1714 713 1773 735 arte

995 753 1083 787 valeo,
1108 753 1251 789 futuraque
1273 753 1417 788 prospicio.
1445 754 1484 780 Ac
1506 753 1586 780 simul
1601 760 1634 781 ex
1653 753 1697 786 iis,
1715 761 1776 789 qua:

999 803 1206 834 praecesserunt,
1231 806 1305 834 spem
1332 806 1386 826 non
1411 799 1519 826 dubiam
1545 799 1678 834 concipio,
1695 803 1777 834 atque

1000 845 1203 873 ratiocinatione
1221 845 1246 873 id
1260 845 1390 880 percipio,
1407 850 1499 880 utpote
1516 845 1627 873 rationis
1641 845 1775 873 alumnus.

997 892 1080 920 Multo
1099 892 1170 919 enim
1198 891 1346 919 mirabilius
1362 896 1413 925 est,
1427 891 1496 925 quod
1508 899 1540 918 ex
1555 891 1658 919 tantillo
1672 891 1705 918 ad
1720 895 1778 918 tan-

999 943 1051 965 tam
1080 937 1290 971 magnitudinem
1320 937 1494 971 pervenerit,
1524 944 1603 972 quam
1629 941 1659 964 ut
1685 944 1718 964 ex
1743 944 1775 964 eo

997 990 1080 1018 statu,
1094 992 1148 1019 quo
1161 992 1231 1011 nunc
1242 988 1293 1016 est,
1309 984 1342 1011 ad
1356 991 1491 1011 summum
1506 983 1656 1018 splendoris
1671 982 1778 1018 gloria:-

997 1037 1050 1065 que
1077 1031 1188 1066 gradutn
1212 1030 1386 1065 provehatur.
1411 1029 1591 1064 Posteaquam
1607 1029 1679 1056 enim
1695 1028 1779 1056 setnel

997 1076 1031 1104 ab
1044 1084 1088 1108 eo,
1115 1076 1159 1111 qui
1185 1080 1306 1103 mortuos
1321 1075 1401 1111 753
1416 1075 1448 1102 ad
1470 1075 1552 1102 vitam
1571 1079 1690 1107 revocat,
1717 1081 1780 1101 ossa

997 1130 1058 1150 cum
1085 1122 1211 1156 ossibus,
1240 1126 1268 1150 et
1295 1122 1479 1149 commissum
1504 1128 1565 1148 cum
1594 1119 1780 1148 commissuris

998 1166 1070 1201 iungi
1085 1170 1238 1201 coeperunt,
1256 1173 1288 1193 ac
1306 1166 1391 1193 aridis
1418 1166 1524 1193 ossibus
1549 1164 1665 1199 Spiritus
1680 1165 1740 1192 vim
1753 1168 1780 1191 et

999 1212 1212 1247 regenerationis
1237 1212 1316 1240 datus
1341 1216 1383 1240 est
1406 1211 1440 1245 δ’,
1469 1211 1694 1250 resurrectionem
1719 1218 1780 1246 per-

999 1256 1069 1284 fecte
1082 1257 1184 1292 expleri
1202 1263 1314 1284 necesse
1328 1260 1370 1285 est
1383 1265 1390 1284 :
1405 1263 1437 1283 ac
1451 1252 1581 1291 'proinde,
1602 1256 1647 1291 qui
1670 1263 1778 1290 exaspe-

999 1307 1069 1334 rant,
1093 1310 1143 1329 non
1163 1302 1309 1329 (xu/tentur
1321 1303 1347 1329 in
1361 1301 1554 1336 semetipsis";
1576 1310 1625 1329 nec
1641 1301 1778 1334 umbram,

999 1352 1046 1375 aut
1055 1348 1189 1375 somnium
1198 1348 1399 1383 exsurgentium
1407 1347 1440 1379 ιδ,
1452 1352 1497 1375 aut
1508 1355 1599 1374 auram
1611 1347 1779 1382 perﬂantem,

999 1398 1045 1421 aut
1070 1394 1145 1422 navis
1156 1394 1269 1429 vestigia
1301 1394 1379 1428 aquis
1395 1393 1526 1429 impressa
1544 1396 1680 1426 tenentes,
1703 1393 1781 1428 quid-

1000 1447 1079 1474 quam
1095 1447 1124 1467 se
1139 1440 1239 1467 habere
1262 1439 1429 1467 existiment.
1449 1439 1536 1466 Ululct
1552 1440 1639 1474 pinus,
1659 1439 1720 1474 quia
1736 1446 1780 1465 ce-

1001 1487 1062 1513 cidit
1083 1487 1175 1513 cedrus
1190 1487 1225 1514 ".
1241 1486 1280 1514 Ex
1295 1486 1405 1514 aliorum
1424 1487 1503 1514 malis
1521 1485 1709 1514 documentum
1729 1484 1782 1513 sibi

160 1531 206 1558 mi.
221 1532 399 1569 διαιρουμένη
412 1532 506 1565 κακῶς
523 1533 562 1565 si;
575 1542 605 1560 τε
622 1534 654 1560 τὸ
667 1533 749 1568 ἄρχον
767 1533 813 1560 καὶ
826 1533 856 1559 τὸ
870 1533 949 1569 ἀρχό-

1001 1532 1117 1567 capiant,
1136 1540 1167 1560 ac
1181 1533 1295 1565 discant,
1313 1539 1455 1567 pauperem
1471 1539 1638 1567 nequaquam
1653 1531 1679 1559 in
1692 1531 1776 1558 linem

161 1586 252 1612 μενον·
268 1578 307 1610 ὡς
326 1578 360 1605 ἂν
382 1579 498 1614 μάλιστα
512 1579 559 1605 καὶ
570 1579 665 1614 θεότης
677 1579 817 1615 ὑϐρισθείη
835 1587 952 1614 καταγο-

162 1623 238 1659 μένη,
257 1624 304 1651 καὶ
322 1624 453 1660 βαρηθείη
467 1624 554 1656 κτίσις
567 1625 696 1661 ὁμοτιμία
711 1625 846 1661 θεότητος.

1003 1586 1087 1613 usque
1112 1578 1238 1606 oblivioni
1259 1579 1316 1606 lore
1331 1579 1372 1612 ‘5;
1397 1586 1446 1606 nec
1464 1579 1635 1605 Divinitatem
1649 1585 1708 1606 sese
1725 1577 1782 1604 diu-

1004 1624 1057 1651 tius
1091 1624 1282 1656 cohibiturum,
1315 1623 1379 1658 quin
1403 1631 1541 1659 procerum
1562 1623 1661 1658 capita,
1685 1627 1714 1650 ut
1730 1622 1783 1650 lla—

161 1670 243 1697 bacuc
258 1670 379 1704 loquitur
390 1671 424 1704 ⁵⁷,
438 1678 499 1698 cum
517 1675 626 1704 stupore
643 1671 768 1704 dissecet,
788 1675 879 1705 utpote
898 1678 957 1705 qua
977 1669 1033 1706 ipsa
1048 1678 1154 1706 quoque
1168 1670 1283 1697 dissecta
1298 1670 1344 1701 sit,
1365 1674 1391 1696 et
1416 1669 1483 1696 male
1502 1669 1589 1697 divisa
1614 1670 1641 1696 in
1664 1669 1690 1696 id
1710 1669 1783 1703 quod

161 1721 269 1749 prmesl,
285 1720 312 1743 et
329 1716 398 1750 quod
410 1717 522 1749 subest;
547 1720 578 1743 ut
602 1716 641 1743 sic
663 1717 789 1748 maxime,
820 1722 847 1744 et
883 1716 973 1744 Deitas
992 1716 1154 1744 contumelia
1171 1715 1311 1747 alﬁciatur,
1332 1714 1358 1742 in
1379 1718 1563 1742 creaturarum
1580 1713 1701 1741 ordinem
1718 1714 1783 1741 red-

161 1765 232 1793 acta,
252 1767 281 1788 et
308 1769 350 1789 res
366 1766 464 1789 creata:
478 1766 634 1796 graventur,
651 1761 750 1789 Deitati
766 1762 867 1790 honore
879 1762 1035 1796 adaequatac.

195 1809 232 1834 Z'.
250 1807 329 1833 Δοκῶ
345 1815 389 1842 μοι
402 1806 532 1843 κάκείνης
555 1806 666 1833 ἀκούειν
683 1806 732 1842 τῆς
747 1806 849 1842 φωνῆς,
876 1806 951 1842 παρὰ

161 1853 206 1880 τοῦ
222 1853 388 1887 συνάγοντος
401 1853 465 1885 τοὺς
481 1852 739 1888 συντετριμμένους,
763 1853 810 1880 καὶ
826 1853 888 1885 τοὺς
903 1861 951 1878 πε-

163 1899 327 1935 πιεσμένους
335 1898 534 1935 είσδεχομένοψ
540 1898 699 1926 Πλάτυνον
707 1898 743 1926 τὰ
750 1898 951 1934 σχοινίσματά

162 1953 218 1972 σου
231 1945 292 1972 ἔτι·
315 1944 485 1972 ὲκπέτιισον
503 1946 547 1978 εἱς
571 1945 608 1972 τὰ
620 1944 705 1978 δεξιὰ
719 1945 768 1972 καὶ
782 1946 825 1978 εὶς
838 1944 875 1972 τὰ
888 1945 952 1979 ἀρι-

162 1992 270 2026 στεράν
288 1991 399 2026 πῆξεν,
416 1991 477 2018 τῶν
489 1991 622 2019 αὐλαιῶν
631 1991 674 2026 μὴ
691 1991 792 2026 φείσῃ.
811 1990 881 2025 Ἐγὼ
896 1999 948 2018 πα-

164 2037 307 2073 ραδέδωκα
327 2046 369 2071 σε,
390 2038 438 2064 κα)⁵
451 2037 507 2072 ἐγὼ
526 2037 653 2074 βοηθήσω
675 2046 727 2064 σοι.
748 2037 792 2065 Ἐν
810 2037 888 2073 θυμῷ
904 2046 949 2072 μι-

163 2084 220 2120 κρῷ
234 2083 362 2117 ὲπάταξά
378 2092 418 2117 σε,
444 2083 491 2110 καὶ
510 2084 539 2111 ὲν
555 2084 623 2120 ἐλέῳ
646 2083 747 2119 αἰωνίῳ
776 2083 881 2117 δοξάσω
909 2092 948 2110 σε.

163 2129 264 2163 Μεῖζον
280 2130 312 2156 τὸ
324 2130 424 2165 μέτρον
439 2129 717 2166 τῆςφιλανθρωπίας,
727 2129 798 2165 ὑπὲρ
809 2129 839 2156 τὺ
854 2129 950 2165 μέτρον

163 2176 209 2210 τῆς
223 2175 426 2210 παιδαγωγίας.
444 2176 562 2208 Ἐκεῖνα,
576 2175 620 2202 διὰ
630 2175 679 2211 τὴν
687 2174 819 2211 πονηρίαν
828 2183 836 2190 ο
853 2174 949 2206 ταῦτα,

1041 1805 1094 1834 Vll.
1117 1804 1186 1839 Quin
1201 1805 1273 1832 illam
1289 1810 1395 1840 quoque
1411 1804 1480 1838 ejus,
1496 1804 1542 1838 qui
1567 1803 1697 1832 contritos
1709 1804 1783 1832 colli“

1004 1851 1054 1886 git,
1073 1855 1100 1878 et
1119 1857 1261 1885 oppressos
1277 1850 1311 1877 ad
1331 1857 1360 1877 se
1380 1849 1483 1885 recipit,
1500 1856 1591 1876 vocem
1610 1849 1674 1876 mihi
1688 1850 1783 1876 audire

1003 1895 1222 1924 videorzbilata
1246 1896 1332 1922 adhuc
1357 1895 1442 1922 locum
1467 1895 1645 1930 [uinculorum
1659 1900 1783 1923 tuorum:

1001 1941 1110 1969 extende
1120 1941 1155 1968 ad
1164 1942 1283 1968 dextram
1291 1945 1314 1968 et
1323 1941 1357 1968 ad
1368 1941 1499 1968 sinistram
1509 1949 1518 1967 :
1528 1940 1588 1975 ﬁge,
1597 1940 1672 1967 atriis
1680 1948 1710 1968 ne
1717 1948 1777 1975 par-

1002 1997 1046 2015 cas
1059 1988 1092 2016 ".
1103 1987 1158 2023 Ego
1168 1987 1264 2015 tradidi
1279 1992 1315 2020 te,
1328 1991 1355 2014 et
1364 1994 1413 2022 ego
1424 1986 1574 2014 auxiliabor
1589 1986 1647 2014 tibi.
1656 1985 1684 2013 In
1697 1994 1780 2020 parva

1003 2035 1042 2062 ira
1053 2034 1171 2070 percussi
1183 2038 1218 2067 te,
1229 2033 1254 2061 in
1263 2033 1425 2068 sempiterna
1437 2037 1526 2060 autem
1538 2033 1718 2060 misericordia
1728 2033 1784 2067 glo-

1003 2079 1113 2106 riﬁcabo
1123 2077 1245 2113 te.Major
1251 2082 1293 2105 est
1302 2084 1426 2105 mensura
1434 2078 1615 2113 benignitatis,
1624 2084 1703 2112 quam
1712 2085 1785 2105 men-

1003 2132 1067 2153 sura
1084 2125 1270 2159 correptionis.
1281 2123 1374 2151 Priora
1386 2124 1441 2157 illa,
1458 2129 1567 2159 propter
1582 2123 1699 2159 ﬂagitia;
1716 2125 1783 2156 lucc,

1004 2176 1115 2206 propter
1126 2170 1285 2198 Trinitatem
1298 2170 1448 2197 adoratam.
1461 2169 1517 2202 llla,
1535 2170 1569 2197 ob
1582 2169 1782 2205 purgationem;

163 2221 205 2248 διὰ
218 2222 269 2257 τὴν
294 2221 398 2257 Τριάδα
423 2221 480 2257 (77)
501 2221 755 2257 προσκυνουμένην.
776 2220 892 2252 Ἐκεῖνα,
907 2220 949 2247 διὰ

1002 2216 1106 2249 haec,ob
1114 2215 1225 2251 gloriam
1236 2222 1333 2248 meam;
1342 2219 1434 2250 utpote
1441 2215 1484 2249 qui
1491 2214 1606 2249 glori/ica
1611 2214 1785 2248 gloriﬁcantes

163 2266 210 2303 τὴν
229 2267 367 2303 κάθαρσιν
378 2276 384 2283 ⁸
404 2266 502 2300 ταῦτα,
524 2266 569 2293 διὰ
595 2266 644 2303 τὴν
661 2266 731 2302 ἐμὴν
749 2265 828 2298 δόξαν
842 2273 849 2280 ”
861 2265 890 2297 ὃς
900 2266 951 2292 Δο-

165 2313 239 2345 (fde
254 2313 328 2346 τοὺς
339 2313 530 2347 δοξάζοντας,
542 2313 592 2340 καὶ
605 2311 762 2347 παραζηλῶ
775 2312 846 2345 τοὺς
861 2317 953 2346 παραν-

165 2357 341 2391 ζηυιοῦντας.
368 2357 440 2384 Ἰδοὺ
457 2357 552 2384 ταῦτα
567 2357 766 2391 ἐσφράγισται
787 2356 855 2390 παρ’
878 2355 952 2390 ἐμοὶ,

165 2402 210 2429 καὶ
223 2398 303 2434 οὗτος
321 2402 419 2434 ᾶλυτος
447 2402 531 2438 νόμος
547 2402 781 2438 ἀντιμετρήσεως.
806 2402 843 2428 Σὺ
860 2400 889 2428 δέ
910 2408 955 2436 μοι

165 2449 304 2485 περιείχου
317 2449 372 2476 τῶν
386 2449 495 2484 τοίχων,
516 2448 564 2476 καὶ
577 2449 633 2476 τῶν
646 2447 769 2480 πλακῶν,
785 2447 833 2475 καὶ
847 2447 897 2483 τῆς
910 2454 956 2473 κε-

1002 2262 1081 2295 me",
1090 2266 1113 2288 et
1126 2261 1160 2288 ad
1171 2261 1238 2288 iram
1249 2269 1357 2295 prouoco
1368 2265 1535 2296 prouocantes
1546 2268 1585 2287 me
1598 2261 1632 2286 δυ.
1653 2259 1719 2286 Ecce
1730 2260 1785 2286 lucc

1004 2306 1109 2341 signata
1124 2310 1183 2333 sunt
1200 2305 1270 2340 apud
1286 2313 1326 2332 me
1336 2305 1371 2338 δι,
1396 2310 1477 2340 atque
1491 2305 1548 2332 lucc
1561 2304 1786 2332 remunerationis

1007 2352 1170 2380 inviolabilis
1189 2352 1231 2380 lex
1245 2356 1297 2380 est.
1323 2353 1358 2379 At
1375 2356 1403 2380 tu
1424 2352 1551 2387 parietes,
1573 2355 1601 2379 et
1619 2350 1734 2384 tabulas,
1759 2355 1787 2378 et

1007 2399 1076 2426 scite
1092 2403 1173 2434 atque
1185 2398 1325 2434 eleganter
1338 2398 1439 2426 incisos
1453 2397 1565 2432 lapides,
1577 2402 1604 2424 et
1620 2397 1714 2432 longas
1726 2402 1787 2431 por-

1009 2444 1079 2472 ticus
1101 2449 1129 2472 et
1155 2443 1312 2472 ambulacra
1340 2443 1418 2472 avide
1444 2442 1687 2479 complectebaris,.
1707 2447 1788 2476 atque

206 2526 311 2554 “Psal.
329 2534 438 2559 Luxu,
450 2526 484 2562 179
501 2534 588 2562 seqq.
625 2527 649 2543 ⁴¹
668 2525 878 2562 Ετθειιτιωινιι,
898 2525 925 2562 7,
951 2525 993 2562 l0;
1025 2521 1136 2562 _“‘P3al.
1155 2522 1251 2562 Lavi].
1289 2522 1387 2562 ξξΡξοι.
1403 2522 1557 2562 uxn,2tl.__
1579 2507 1786 2562 "_xt._‘+'.

166 2561 188 2577 ⁸⁸
201 2562 273 2590 Psal.
287 2570 325 2596 ix,
340 2563 384 2590 t9.
420 2562 441 2578 ⁸⁷
458 2561 558 2589 Hahae.
576 2569 618 2594 ιιι,
633 2562 675 2590 15.

167 2618 257 2680 fec(5:5))
268 2618 410 2680 ’Taxsluc.
429 2617 485 2646 Duo
499 2617 582 2654 Regg.
597 2621 625 2646 et
639 2616 686 2645 Or.
701 2617 730 2650 2,
745 2606 855 2650 τελέως,
871 2625 880 2642 ι
891 2624 952 2652 per-

201 2687 258 2757 (70)
277 2687 382 2722 Μέρος.
392 2686 488 2720 Savil.,
501 2687 607 2722 μικρόν,
623 2697 633 2713 ‹
645 2686 736 2723 parvis
751 2687 950 2714 incrementis.»

215 2723 260 2755 7i)
289 2722 468 2757 Προφητεύω
481 2722 524 2749 δέ.
548 2723 593 2749 Sic
605 2722 657 2750 duo
683 2722 779 2757 Regg.,
796 2727 851 2749 tres
863 2722 950 2757 Colb.,

215 2723 260 2755 7i)
289 2722 468 2757 Προφητεύω
481 2722 524 2749 δέ.
548 2723 593 2749 Sic
605 2722 657 2750 duo
683 2722 779 2757 Regg.,
796 2727 851 2749 tres
863 2722 951 2757 Colb.,

168 2756 229 2793 duo?
240 2756 338 2793 Coisl”
351 2756 405 2785 etc.
418 2757 464 2785 Sic
476 2757 540 2793 legit
553 2757 612 2785 Bill.
632 2757 660 2785 lu
671 2756 788 2791 ed.,rxat
800 2756 953 2793 προφητεύ-

167 2792 262 2894 ﬂii?)
278 2827 410 2867 Θαρῤηἳν.
425 2826 510 2867 ᾕρεε.
525 2828 580 2869 διο,
600 2827 646 2861 ph,
658 2827 778 2868 θαρσεῖν.

251 2863 262 2894 )
278 2863 343 2894 Τοις
353 2862 464 2894 ξηροις.
481 2871 491 2888 ι
507 2863 597 2891 Andis
610 2863 726 2892 ossubus.
740 2872 749 2888 ι
770 2862 778 2889 ξ

194 2861 262 2899 ,(73)
278 2862 343 2902 Top;
353 2861 495 2903 ξηροῖς-,ἶ
507 2863 597 2891 Aridis
610 2861 726 2892 ossibus.
740 2872 749 2888 ι
770 2862 815 2891 Sic
835 2861 953 2892 Nicetas.

169 2894 231 2923 Bill.
251 2903 258 2921 :
274 2904 285 2922 ι
305 2903 384 2925 siceis
401 2897 488 2925 rebus.
504 2906 514 2924 ι

726 2561 749 2577 ⁸⁸
763 2561 814 2589 lsa.
845 2555 899 2593 Liv,
912 2555 938 2588 2.

1000 2562 1005 2577 ³
1024 2559 1034 2586 l
1054 2558 1119 2593 [ἰοί.
1148 2565 1179 2590 tl,
1205 2557 1250 2584 50.
1294 2557 1318 2573 ⁸ο
1335 2558 1412 2585 Deut.
1428 2565 1513 2592 unt,
1528 2557 1572 2585 21,
1611 2557 1634 2572 ⁵⁸
1654 2556 1720 2584 ibid.
1741 2555 1786 2583 54.

1040 2615 1095 2651 (74)
1125 2612 1378 2651 ζΕξεγε-ιρομέιρων.
1390 2612 1437 2651 _Sic_
1458 2613 1524 2651 lies.
1538 2612 1678 2651 _bm,_du_o_
1691 2612 1787 2645 Coisl.‘,

1006 2647 1054 2678 Or'.
1070 2647 1098 2681 Ξ,
1120 2647 1214 2677 Comb.
1227 2647 1276 2676 Sic
1293 2649 1374 2676 etiam
1389 2649 1451 2683 legit
1465 2648 1525 2676 Bill.
1538 2647 1567 2675 ln
1581 2648 1636 2683 ed.,
1649 2648 1787 2683 ὲξαγειρο-

1008 2686 1104 2716 μένων,
1117 2693 1126 2710 σ
1142 2684 1369 2718 wngregantiuiu.
1391 2692 1401 2709 ι

1041 2721 1096 2756 (75)
1116 2717 1379 2756 r‘OJoJuéjé‘eretC.
1395 2727 1406 2756 ς
1422 2717 1519 2756 ‘Ululet
1537 2718 1616 2756 pinus
1633 2728 1638 2745 :
1656 2727 1667 2744 ι
1693 2717 1720 2745 id
1734 2723 1786 2752 est,

1006 2753 1137 2789 orotapsis
1153 2753 1298 2789 majoribus
1310 2753 1455 2789 haereticis,
1471 2754 1588 2780 minores
1598 2754 1716 2789 lugeant.

1040 2787 1094 2824 (76)
1122 2790 1151 2816 Ἠ
1167 2787 1396 2823 διακοπτομέγη.
1424 2787 1469 2816 Sic
1484 2789 1536 2816 duo
1554 2788 1637 2816 Coisl.
1651 2788 1680 2815 In
1691 2787 1745 2821 ed.,
1767 2789 1785 2824 ἢ

1001 2824 1208 2860 οιακοπτομένηἷ

1039 2860 1095 2895 (77)
1111 2857 1162 2887 Διὰ
1179 2857 1236 2899 τὴς
1255 2857 1370 2893 Τριάδα,
1385 2863 1437 2887 etc.
1466 2857 1606 2899 «fropter'
1625 2857 1786 2899 Trinitatem

1005 2893 1153 2928 adoratam,
1175 2904 1187 2921 ι
1205 2894 1231 2922 id
1243 2899 1296 2928 est,
1323 2904 1332 2921 ι
1351 2899 1461 2930 propter
1481 2893 1623 2922 Trinitatis
1637 2893 1752 2931 cultum.
1771 2900 1781 2919 ι
