2013 3134
168 175 220 203 409

668 178 795 207 ORATIO
814 178 894 208 XLII.
914 195 949 201 ——
966 178 1153 209 SUPREMUM
1175 178 1272 206 VALE.

1722 177 1774 206 470

169 234 248 266 riate,
264 239 296 260 ac
309 232 445 261 libidinem
459 238 575 263 vestram
609 236 724 273 explete.
754 238 982 271 Quemadmodum
1002 239 1072 266 enim
1100 246 1143 265 me
1171 236 1313 271 repellendi
1341 234 1481 263 consilium
1507 235 1628 270 cepistis,
1654 234 1694 263 sic
1724 244 1773 272 ego

167 285 271 313 quoque
299 286 346 306 vos
375 281 501 315 repellam
519 303 526 315 ,
547 282 751 310 dicitDominns
778 284 946 318 omnipotens
960 285 994 311 ".

201 324 238 350 θ.
253 324 345 351 Ταῦτα
364 325 411 351 καὶ
425 326 532 354 ἀκούειν
546 327 670 361 λέγοντος
689 328 807 360 ἐδόκουν,
825 328 871 356 καὶ
889 337 942 355 ποι-

1033 329 1078 356 IX.
1100 329 1171 361 "me,
1185 332 1212 356 et
1226 327 1379 361 loquentem
1400 325 1504 358 audire,
1520 329 1546 353 et
1559 325 1698 353 facientem
1713 333 1773 354 sen‘

165 370 258 401 οὗντος
272 370 444 398 αἰσθάνεσθαι
455 381 461 386 ·
480 372 526 398 καὶ
543 372 582 399 ἔτι
600 373 666 408 πρὸς
680 373 794 405 τούτοις,
812 374 879 409 πρὸς
898 375 947 409 μὲν

164 413 211 440 τὸν
236 413 300 440 λαὸν
327 414 450 448 βοῶντος,
475 416 521 442 τὸν
543 416 572 448 ἐξ
596 416 686 450 ὀλίγου
714 416 796 443 πολὺν
821 417 882 452 ἤδη,
899 417 947 443 καὶ

165 456 343 494 συγκείμενον
358 461 457 492 ἱκανῶς
473 461 505 487 ἐκ
520 461 728 497 διεσπαρμένου,
747 463 793 489 καὶ
809 462 839 494 ἐξ
856 463 946 488 ὲλεου-

166 505 247 540 μένου
261 505 316 539 (85)
330 506 410 540 τυχὸν
425 507 472 533 καὶ
482 507 634 541 ἐπίφθονον.
649 509 814 542 Πορεύεσθε
829 508 877 535 διὰ
887 508 946 535 τῶν

164 549 271 577 πυλῶν
294 559 363 585 μου,
390 551 440 578 καὶ
466 553 664 579 πλατύνεσθε.
690 553 735 587 Μὴ
749 553 893 585 διαπαντὸς
907 553 947 580 δεῖ

164 595 280 630 κάμνειν
296 596 367 631 ὑμᾶς
385 597 414 623 ὲν
444 599 555 632 σκηναῖς
583 598 788 631 κατοικοῦντας,
812 600 858 625 καὶ
883 600 946 631 τοὺς

163 639 303 673 θλίσοντας
332 642 402 676 ὑμᾶς
430 642 707 678 ὑπερευφραίνεσθαι;
734 644 805 679 Πρὸς
833 644 860 671 δὲ
883 645 945 676 τοὺς

162 686 322 720 ἐφεστῶτας
344 687 474 722 ἀγγέλους
500 689 643 723 (πείθομαι
668 689 722 724 γὰρ
747 689 842 722 ἄλλους
863 690 945 725 ἄλλης

163 732 324 765 προστατεῖν
345 732 524 767 Ἐκκλησίας,
546 732 582 764 ὡς
606 733 729 768 Ἰωάννης
751 733 805 768 (86)
826 733 944 760 διδάσκει

132 784 138 823 γ
164 784 198 810 με
214 775 259 802 διὰ
273 776 322 823 τῆς
337 777 543 823 αποκαλύψεως)
556 787 562 793 ·
587 778 799 811 ὀδοποιήσατε
820 778 860 810 τῷ
883 777 945 810 λαῷ

131 827 134 858 ς
159 829 229 855 μου,
240 821 290 848 καὶ
303 821 373 854 τοὺς
387 823 492 856 λίθους
503 823 537 849 ἐκ
550 823 604 857 τῆς
616 823 686 851 ὀδοῦ
706 823 889 858 διιιῤῥίψατε,
902 824 945 850 ἵνα

131 846 134 904 ι
159 846 944 904 eamgestiasesat;“ergg‘zaz't’at;

128 896 133 942 Ῐ
237 896 286 938 κᾶι
303 896 407 939 εἰσόδου
417 921 423 928 ·
507 914 556 949 μὲν
572 896 618 940 se).
632 896 736 949 (δη-τὰ
748 896 922 950 χειροποίητα

163 958 262 992 μικρὸν
275 958 302 984 δὲ
313 958 424 994 ὕστερον
439 959 485 985 ἐπὶ
496 959 544 995 τὴν
557 959 613 986 ἄνω
633 959 818 996 Ἰερουσαλὴμ,
844 961 891 986 καὶ
910 960 943 987 τὰ

999 375 1048 402 tire
1071 375 1133 402 mihi
1158 373 1282 406 videbar;
1306 377 1385 407 atque
1401 372 1510 406 insuper
1530 372 1562 399 ad
1578 373 1701 406 populum
1718 373 1773 400 cla-

997 425 1124 452 mantem,
1139 419 1172 446 ad
1187 420 1266 452 hunc,
1292 418 1413 453 inquam,
1436 425 1470 444 ex
1483 424 1565 452 parvo
1580 424 1704 451 magnum
1718 417 1773 452 jam

996 472 1024 494 et
1043 466 1191 501 copiosum,
1207 470 1234 493 et
1250 473 1283 493 ex
1295 465 1417 500 disperso
1434 465 1500 492 satis
1511 463 1566 498 jam
1583 464 1772 496 coadunatum,

996 517 1023 541 et
1036 520 1068 540 ex
1081 512 1228 540 miserabili
1247 510 1368 538 fortassis
1378 510 1538 537 invidiosum
1551 518 1557 535 :
1571 508 1773 544 7551ncedite

995 565 1040 591 per
1052 563 1140 593 portas
1153 565 1233 589 meas,
1248 561 1271 583 et
1284 555 1434 582 dilatamini
1444 553 1480 580 ".
1492 555 1533 581 An
1545 561 1592 581 vos
1608 554 1634 580 in
1647 558 1773 588 perpetua

995 610 1113 630 aerumna
1129 602 1233 629 versari
1250 605 1367 635 oportet,
1385 600 1410 626 in
1428 599 1551 627 tentoriis
1564 603 1772 630 commorantes,

995 654 1104 682 eosque,
1129 648 1173 682 qui
1200 653 1248 673 vos
1271 645 1434 679 Opprimunt,
1457 643 1596 669 immodica
1619 642 1708 669 laetitia
1734 643 1773 669 ef-

995 693 1078 721 ferri?
1104 692 1171 719 Tum
1197 691 1277 718 etiam
1303 690 1336 717 ad
1354 690 1471 723 angelos,
1490 688 1587 723 quibus
1607 687 1684 721 hujus
1699 688 1773 716 urbis

995 745 1058 766 cura
1083 737 1227 765 commissa
1254 739 1304 768 est,
1330 735 1371 762 his
1388 733 1477 761 verbis
1493 738 1609 760 utentem
1627 732 1687 768 (nec
1701 733 1772 760 enim

994 783 1058 810 mibi
1081 782 1189 809 dubium
1212 786 1263 813 est,
1288 781 1350 815 quin
1378 779 1422 806 alii
1452 779 1563 806 aliarum
1588 778 1768 805 Ecclesiarutn

996 827 1124 863 praesides
1147 834 1178 853 ac
1197 827 1302 861 patroni
1325 826 1388 858 sint,
1413 824 1636 859 quemadmodum
1656 823 1682 850 in
1700 823 1772 857 Apo-

993 872 1092 907 calypsi
1107 870 1224 898 Joannes
1243 877 1284 898 me
1301 869 1417 904 docet")
1433 878 1440 896 :
1461 869 1578 896 δίει-νήια
1591 868 1657 894 viam
1673 868 1771 907 populo

994 906 1059 950 meo,
1085 917 1230 952 lapidesque
1243 924 1255 943 ε
1271 916 1312 942 via
1330 915 1450 949 projirite
1464 915 1498 947 ⁸³,
1524 922 1557 941 ne
1573 914 1642 948 quod
1656 906 1770 940 offendi;

994 963 1081 990 culum
1107 966 1154 989 aut
1183 961 1400 996 impedimentum
1427 959 1539 987 exsistat
1564 959 1632 992 quod
1652 959 1771 986 divinum

161 1001 250 1028 ἐκεῖσε
263 1002 345 1036 ’Ἅγια
363 1003 418 1030 τῶν
437 1004 522 1038 ἁγίων
535 1023 542 1035 ,
556 1003 574 1031 ἃ
589 1004 663 1036 τέλος
687 1003 745 1031 οἴδα
763 1005 812 1039 τῆς
828 1005 942 1031 ἐνταῦθα

996 1008 1086 1043 populi
1108 1008 1160 1035 mei
1187 1007 1238 1034 iter
1254 1011 1334 1041 atque
1350 1006 1498 1039 ingressum
1515 1009 1684 1036 remoretur,
1703 1012 1773 1031 nunc

161 1047 346 1079 κακοπαθείας
370 1049 418 1075 καὶ
441 1049 578 1081 συντονίας
601 1051 658 1081 τοῖς
683 1049 773 1081 καλῶς
798 1050 942 1077 ὁδεύουσιν.

167 1091 209 1117 Ἐν
225 1089 268 1123 οἷς
285 1093 346 1119 ἐστε
359 1093 405 1120 καὶ
419 1093 507 1128 ὑμεῖς,
530 1094 623 1129 κλητοὶ
650 1094 732 1128 ἅγιοι,
758 1094 821 1126 λαὸς
836 1095 944 1130 περιού-

161 1145 227 1168 σιος,
244 1137 380 1172 βασίλειον
401 1139 558 1174 ἱεράτευμα,
574 1139 714 1175 σχοίνισμα
732 1140 786 1175 (88)
799 1141 901 1175 Κυρίου
913 1142 943 1168 τὸ

161 1182 316 1217 κράτιστον,
328 1183 381 1210 ἀπὸ
398 1184 525 1218 σταγόνος
540 1185 660 1220 ποταμὸς
672 1185 740 1217 ὅλος,
759 1185 812 1212 ἀπὸ
832 1186 943 1222 σπινθῆ-

163 1235 206 1262 ρος
220 1228 333 1263 λαμπὰς
351 1229 474 1264 οὐράνιος
497 1229 563 1265 (89),
582 1231 636 1257 ἀπὸ
655 1231 754 1257 κόκκου
770 1231 870 1263 νάπυος
886 1231 941 1267 (90)

160 1273 276 1310 δένδρον,
292 1275 400 1310 πτηνῶν
413 1275 571 1311 ἀνάπαυμα.

997 1054 1103 1088 quidem
1131 1053 1163 1080 ad
1189 1051 1342 1080 manufaeta
1362 1050 1468 1085 templa,
1495 1051 1574 1084 paulo
1598 1054 1658 1084 post
1683 1054 1771 1077 autem

995 1099 1028 1126 ad
1045 1106 1189 1133 supernam
1210 1098 1370 1132 Jerusalem,
1392 1104 1472 1134 atque
1485 1099 1530 1126 illa
1548 1098 1646 1126 Sancta
1666 1104 1771 1126 sancto-

993 1152 1065 1177 rum,
1090 1153 1149 1179 quae
1168 1153 1346 1173 atrumnarum
1365 1145 1444 1180 hujus
1463 1145 1525 1172 vita:
1541 1145 1772 1180 contentionisque

992 1191 1074 1218 animi
1094 1191 1172 1218 tinem
1190 1198 1249 1218 esse
1267 1191 1333 1223 scio,
1358 1191 1401 1223 iis,
1417 1191 1462 1225 qui
1482 1195 1584 1218 rectum
1603 1190 1654 1217 iter
1668 1195 1769 1218 tenent.

991 1234 1048 1266 Quo
1063 1235 1088 1262 in
1104 1243 1213 1263 numero
1231 1243 1278 1263 vos
1296 1243 1401 1270 quoque
1423 1235 1499 1268 estis,
1517 1235 1604 1262 vocali
1644 1236 1729 1262 sancti
1737 1236 1769 1268 θ’,

989 1280 1102 1315 populus
1114 1281 1238 1313 eximius,
1250 1281 1337 1316 regale
1346 1280 1558 1314 sacerdotium",
1570 1280 1703 1307 funiculus
1722 1280 1771 1307 Do-

161 1320 223 1346 mini
249 1320 423 1353 t‘ortissimus,
447 1328 460 1348 a
477 1326 550 1356 gutta
572 1321 667 1349 ﬂuvius
691 1322 805 1358 integer,
827 1331 841 1351 a
858 1323 972 1352 scintilla
989 1325 1095 1353 ﬂamma
1115 1327 1247 1360 sublimis,
1267 1332 1293 1354 et
1325 1327 1351 1354 in
1381 1326 1478 1354 caelum
1509 1326 1635 1359 tendens,
1659 1334 1674 1353 a
1699 1327 1771 1354 sina-

161 1365 202 1399 pis
228 1373 315 1400 grano
331 1367 410 1394 arbor
421 1367 455 1400 τι,
470 1368 560 1394 avium
577 1368 690 1402 requies.

192 1412 221 1438 ι’.
239 1411 358 1443 Τούτους
386 1412 592 1449 δωροφορΟὖμεν
621 1414 694 1449 ὑμῖν,
712 1411 734 1441 ὦ
756 1415 827 1449 φίλοι
849 1416 944 1451 ποιμέ-

160 1464 202 1488 νες
225 1456 293 1492 (91),
310 1457 421 1489 τούτους
447 1458 630 1494 προσάγομεν,
655 1459 760 1492 τούτοις
782 1461 941 1496 δεξιούμεθα

160 1501 220 1533 τοὺς
232 1502 385 1538 ἡμετέρους
397 1503 499 1536 φίλους,
514 1505 561 1530 καὶ
577 1504 676 1538 ξένους,
689 1506 734 1532 καὶ
748 1506 939 1542 συνεκδήμους.

161 1546 266 1573 Τούτων
292 1547 368 1573 οὐδὲν
393 1547 502 1575 κάλλιον
535 1553 728 1584 προσενεγκεῖν
751 1551 858 1587 εἴχομεν
884 1552 939 1587 (92)

1033 1417 1067 1445 X.
1088 1417 1142 1445 Hos
1157 1418 1231 1445 vobis
1246 1417 1386 1452 largimur,
1401 1417 1473 1445 chari
1492 1421 1621 1452 pastores,
1643 1423 1692 1444 nos
1706 1415 1771 1443 olle-

996 1464 1089 1498 rimus,
1113 1464 1154 1492 his
1175 1464 1276 1492 amicos
1286 1469 1391 1492 nostros
1401 1468 1429 1491 et
1444 1464 1560 1498 hospites
1573 1471 1605 1490 ac
1617 1462 1771 1497 peregrina-

995 1511 1073 1538 tionis
1094 1511 1181 1538 socios
1191 1511 1350 1545 excipimus.
1371 1511 1417 1537 His
1433 1511 1499 1537 nihil
1514 1509 1651 1545 pulchrius
1665 1513 1692 1535 et
1711 1508 1771 1534 illu-

991 1556 1074 1583 strius
1103 1556 1242 1588 habemus,
1264 1556 1335 1591 quod
1359 1555 1435 1583 vobis
1459 1554 1620 1586 oﬂ‘eramus,
1646 1560 1707 1580 cum
1733 1552 1769 1584 id,

162 1592 232 1627 ύμῖν,
248 1592 310 1619 οὐδὲ
321 1592 517 1629 λαμπρότερον,
533 1591 570 1622 ὧν
587 1594 683 1630 ἔχομεν
696 1596 726 1622 τὸ
742 1596 833 1631 μεῖζον
848 1596 941 1632 ἐπιζη-

991 1601 1061 1636 quod
1075 1602 1100 1628 in
1121 1602 1198 1629 bonis
1232 1600 1331 1628 nostris
1345 1599 1593 1635 przestantissimum
1610 1602 1660 1631 est,
1675 1597 1770 1632 exqui-

160 1638 290 1672 τήσαντες
303 1646 309 1652 ·
330 1638 364 1664 ἶν’
377 1639 467 1674 είδῆτε
481 1640 528 1666 καὶ
543 1640 635 1673 ξένους
648 1641 725 1672 ὄντας
742 1642 816 1676 ἡμᾶς
833 1641 879 1668 καὶ
891 1642 940 1669 οὐκ

161 1684 255 1715 ἐνδεεῖς
265 1693 272 1699 ·
294 1684 362 1711 ἀλλὰ
371 1685 494 1720 πτωχοὺς
509 1685 569 1721 μὲν,
579 1685 692 1718 πολλοὺς
699 1687 726 1713 δὲ
738 1686 938 1719 πλουτίζοντας.

162 1728 249 1756 Ταῦτα
261 1730 285 1756 εξ
303 1729 351 1764 μὲν
367 1730 452 1765 μικρὰ
464 1731 511 1757 καὶ
524 1731 629 1763 οὐδενὸς
638 1731 700 1764 ἄξια
707 1731 786 1766 λόγου
802 1732 868 1768 (93),
883 1741 942 1759 πει-

162 1773 253 1809 σθῆναι
268 1774 408 1810 βούλομαι,
424 1775 483 1802 τίνα
499 1775 533 1802 τὰ
549 1776 633 1811 μείζω
644 1776 691 1804 καὶ
705 1777 784 1811 λόγου
808 1777 940 1809 πλείονος.

163 1819 193 1846 Εί
207 1820 260 1856 γὰρ
271 1821 304 1848 τὸ
321 1821 398 1848 πόλιν
411 1822 462 1857 τῆς
479 1823 642 1858 οἰκουμένης
662 1823 809 1858 ὀφθαλμὸν,
829 1823 879 1858 γῆς
894 1823 941 1850 καὶ

162 1866 294 1904 θαλάσσης
309 1869 350 1895 ὅτι
370 1869 523 1904 κράτιστον,
543 1870 613 1905 ἑῴας
634 1879 663 1896 τε
684 1871 730 1897 καὶ
750 1871 877 1906 ἑσπερίου
891 1870 940 1906 λή-

164 1913 224 1946 ξεως
239 1912 294 1941 οἷον
305 1915 463 1950 σύνδεσμον,
479 1917 517 1947 εἰς
526 1916 560 1951 ἢν
574 1916 608 1943 τὰ
620 1916 788 1952 πανταχόθεν
799 1916 871 1952 ἄκρα
884 1923 940 1942 συν-

163 1958 258 1993 τρέχει,
270 1959 316 1986 καὶ
328 1959 388 1986 ὅθεν
404 1960 527 1996 ἄρχεται,
551 1961 589 1992 ὡς
605 1961 660 1988 ἀπὸ
675 1961 729 1997 (94)
742 1962 872 1996 ἐμπορίου
886 1969 940 1988 κοιε

162 2002 204 2028 νοῦ
217 2003 265 2038 τῆς
281 2004 400 2035 πίστεως
411 2011 418 2019 ·
434 2005 458 2031 εί
473 2005 503 2031 τὸ
518 2005 619 2040 ταύτην
638 2005 762 2041 στηρίξαι
773 2014 802 2031 τε
817 2005 864 2031 καὶ
881 2005 941 2031 σϐε-

162 2047 240 2075 νῶσαι
256 2050 313 2085 (95)
332 2051 387 2081 τοῖς
410 2050 559 2084 ὑγιαίνουσι
572 2051 670 2085 λύγοις,
688 2051 742 2078 τῶν
756 2052 787 2078 ού
804 2051 938 2087 μεγάλων,

162 2095 206 2121 καὶ.
218 2096 314 2128 ταῦτα,
331 2095 473 2127 τοσαύταις
485 2096 646 2132 δονουμένην
657 2096 800 2131 γλώσσαις,
812 2098 858 2124 καὶ
870 2097 939 2124 οὕτω

163 2141 337 2175 πανταχόθεν,
363 2141 442 2177 σχολῇ
466 2143 492 2176 γ’
508 2143 541 2169 ἂν
557 2142 619 2169 ἄλλο
643 2150 669 2168 τι
691 2142 788 2177 φανείη
805 2144 876 2178 μέγα
893 2142 938 2169 καὶ

163 2186 276 2221 σπουδῆς
289 2187 373 2218 ἄξιον.
390 2187 421 2213 Ei
437 2187 464 2213 δὲ
481 2187 534 2214 τῶν
551 2187 752 2222 ἐπαινουμένων
764 2187 819 2223 (96)
831 2187 899 2221 (δότε
913 2196 938 2214 τι

162 2231 204 2258 καὶ
216 2233 281 2268 ἡμῖν
297 2233 348 2268 τῆς
366 2233 412 2260 ἐπὶ
421 2234 525 2265 τούτοις
543 2234 720 2269 φιλοτιμίας),
737 2233 783 2260 καὶ
798 2234 875 2260 αὐτοὶ
891 2242 939 2268 με-

163 2277 219 2312 ρίδα
229 2279 289 2306 τινὰ
299 2280 357 2311 τοῖς
370 2278 517 2315 ὁρωμένοις
528 2279 631 2311 τούτοις
646 2279 901 2315 συνεισηνέγκαμεν.

195 2377 216 2394 ³⁵
233 2377 294 2406 Οεθ.
318 2386 356 2412 tv,
372 2379 398 2408 6.
437 2379 459 2395 “
473 2378 524 2406 Isa.
542 2379 658 2411 utt,lO.
699 2379 720 2394 ⁸⁷
736 2379 817 2413 Apoc.
837 2387 868 2409 tt.
882 2379 905 2406 1.

162 2411 186 2439 9.
221 2413 353 2442 "Matth.
382 2422 441 2447 xm,
468 2414 511 2441 5L
567 2415 589 2430 ⁷¹
608 2412 630 2440 ll
641 2413 703 2442 Cor.
715 2411 815 2446 vr,'10.

195 2500 250 2571 (ΒΚ)
264 2503 315 2535 Ἐξ
327 2503 513 2537 ὲλεουμένου.
522 2503 550 2530 In
562 2503 731 2539 quibusdam,
746 2502 934 2539 ὲξηλεημένου.

208 2537 251 2571 86)
268 2538 313 2571 Ὠς
340 2539 486 2571 Ἰωάννης.
516 2539 619 2571 Angeli,
646 2539 679 2566 de
704 2539 799 2571 quibus
820 2539 934 2571 loquitur

208 2537 251 2572 86)
268 2538 313 2571 Ὠς
340 2539 486 2572 Ἰωάννης.
516 2537 619 2574 Διιιςέιί,
646 2539 679 2566 de
704 2537 799 2574 quibus
820 2537 936 2573 loquitur

164 2569 286 2607 Joannes,
299 2569 362 2600 sunt
373 2569 499 2607 episcopi.

197 2605 250 2641 (87)
272 2607 337 2634 Νῦν
344 2605 401 2641 μὲιι
410 2605 470 2639 ἐπι,
484 2613 534 2634 etc.
553 2606 627 2634 Tunc
642 2607 754 2640 scilicet.
768 2608 802 2636 ob
816 2607 933 2635 edictum

164 2647 179 2679 ᾖ
192 2639 381 2679 Theodosio”
396 2641 514 2679 JrapuarAii
529 2642 584 2679 38l
605 2643 811 2677 promulgatum,
834 2642 933 2670 Catho-

164 2674 220 2711 lici,
227 2677 310 2711 pulsis
323 2677 465 2709 haereticis,
485 2674 617 2704 Ecclesias
636 2674 811 2711 occupabant.

178 2709 250 2748 ,(88)
273 2711 446 2748 Σχοίνισμα,
465 2717 516 2739 etc.
539 2721 548 2736 ι
564 2709 710 2748 Funicultts
728 2711 937 2748 Doniiniiforlis-

164 2750 254 2785 simus,
273 2754 294 2785 ι,
309 2747 334 2785 id
350 2751 400 2778 est,
424 2755 433 2772 ε
453 2753 524 2780 pars,
547 2755 556 2772 ι
573 2755 620 2774 seu
649 2755 658 2772 t
677 2747 817 2785 haereditas
831 2747 934 2774 Domini

163 2780 385 2811 praestantissima.
404 2790 413 2806 ι
779 2780 786 2786 '

198 2813 252 2847 (89)
269 2815 391 2852 Λαματᾲς
403 2816 547 2852 οὐράνιος.
570 2815 676 2843 Nicetas
699 2816 817 2851 exponit,
832 2816 934 2852 πυρσὸς

167 2846 248 2880 μέγας
272 2846 319 2875 καῖ
341 2846 444 2886 ἀέριοςξ
457 2861 467 2878 ‹
490 2846 597 2880 ﬂamma
621 2852 713 2887 ingens
729 2846 839 2880 ἀπείλεε
852 2846 878 2880 ei
905 2846 934 2879 iri

165 2888 250 2910 aerem
263 2883 377 2912 sublata.
396 2895 405 2911 ι

226 2890 250 2910 ιιι
263 2890 377 2913 sublata.
396 2895 405 2911 I

992 1647 1129 1675 siissetnus
1147 1656 1154 1680 ;
1173 1653 1202 1674 ut
1223 1647 1397 1681 intelligetis,
1425 1653 1484 1678 nos,
1508 1644 1570 1672 licet
1590 1648 1718 1671 externos
1740 1650 1770 1669 ac

991 1692 1156 1728 peregrinos,
1177 1692 1265 1727 inopia
1282 1698 1369 1719 tamen
1386 1689 1496 1718 minime
1515 1690 1656 1721 laborare;
1676 1695 1770 1715 verum

990 1744 1122 1772 pauperes
1146 1737 1252 1771 quidem
1277 1744 1346 1770 esse,
1369 1737 1416 1764 sed
1438 1735 1535 1763 multos
1560 1734 1723 1769 locupletare
1735 1733 1768 1760 ⁷³.

990 1779 1054 1812 Quae
1084 1780 1107 1807 si
1134 1787 1217 1814 parva
1246 1779 1372 1815 nulloque
1400 1779 1426 1806 in
1452 1779 1539 1814 pretio
1563 1778 1682 1805 habenda
1696 1781 1768 1809 sunt,

990 1824 1084 1852 lubens
1105 1831 1169 1852 sane
1190 1824 1320 1852 audierim
1336 1831 1458 1859 quaenam
1480 1824 1580 1857 majora
1603 1822 1667 1854 sint,
1689 1827 1770 1856 atque

990 1869 1129 1904 amplioris
1151 1870 1239 1904 pretii.
1269 1870 1384 1903 Etenim,
1413 1870 1436 1897 si
1459 1869 1605 1901 civitatem.
1619 1869 1691 1896 orbis
1707 1875 1770 1895 ocu-

990 1915 1056 1948 lum,
1071 1920 1142 1943 terra
1156 1917 1277 1951 marique
1290 1916 1514 1951 potentissimam,
1537 1915 1674 1942 orientalis
1688 1919 1769 1948 atque

990 1961 1108 1989 occiduze
1128 1969 1183 1989 om
1201 1962 1274 1990 velut
1299 1962 1397 1990 nodum
1411 1966 1439 1989 et
1455 1961 1600 1992 vinculum.
1625 1960 1659 1987 ad
1683 1967 1765 1995 quam

989 2007 1102 2034 extremi
1126 2008 1207 2034 totius
1237 2013 1316 2035 terra),
1340 2007 1407 2035 lines
1432 2012 1611 2040 concttrrunt,
1636 2011 1688 2034 eta
1702 2013 1766 2040 qua,

990 2052 1061 2080 velut
1075 2059 1089 2079 a
1104 2053 1237 2080 communi
1251 2052 1313 2079 ﬁdei
1329 2052 1458 2086 emporio,
1477 2052 1624 2086 incipiunt;
1649 2051 1671 2078 si
1687 2051 1766 2082 hanc,

990 2095 1110 2130 inquam,
1138 2096 1274 2124 civitatem
1290 2095 1430 2124 salutifera
1452 2096 1573 2124 doctrina
1594 2095 1711 2123 fulciisse
1735 2102 1767 2121 ac

990 2142 1110 2169 lirmasse
1124 2142 1193 2169 haud
1205 2150 1328 2177 magnum
1341 2146 1419 2178 atque
1431 2142 1546 2177 atnplutn
1559 2141 1661 2170 censeri
1676 2140 1765 2172 debet,

990 2188 1068 2222 idque
1086 2195 1147 2215 cum
1166 2192 1204 2214 tot
1226 2187 1325 2222 linguis
1346 2188 1422 2215 omni
1444 2195 1477 2214 ex
1503 2192 1578 2222 parte
1604 2187 1761 2221 agitaretur,

990 2234 1031 2260 vix
1043 2237 1114 2260 certe
1126 2232 1196 2259 aliud
1206 2233 1350 2267 quidquam
1365 2240 1490 2268 magnum
1506 2240 1538 2259 ac
1552 2232 1640 2260 studio
1656 2231 1764 2265 dignum

954 2276 975 2305 Ι)
990 2278 1075 2306 videri
1096 2279 1204 2313 poterit.
1232 2277 1260 2305 Si
1273 2283 1368 2313 autem
1393 2278 1552 2314 praeclarum
1576 2285 1607 2305 ac
1632 2275 1765 2304 laudabile

951 2380 972 2396 ⁵³
989 2378 1038 2405 lsa.
1061 2385 1123 2410 Lm,
1144 2377 1186 2410 10;
1203 2385 1267 2412 LVII,
1281 2378 1322 2406 14.
1361 2378 1382 2395 ⁸⁹
1398 2377 1464 2407 Rom
1488 2386 1506 2405 ι.
1519 2377 1547 2405 6.
1583 2377 1626 2404 ⁷⁰Ι
1644 2375 1716 2404 Petr.
1734 2383 1763 2409 tt.

1022 2502 1077 2536 (90)
1096 2502 1226 2534 Νάπυος.
1249 2501 1314 2536 Reg.
1328 2500 1363 2535 ph
1378 2500 1464 2536 βίον.
1476 2500 1503 2532 2.
1520 2500 1656 2532 σινάπυος.

1022 2535 1076 2572 (91)
1087 2538 1236 2571 Ποιμένες.
1251 2535 1332 2563 Gabr.
1341 2539 1367 2563 et
1377 2535 1435 2563 Bill.
1460 2536 1570 2568 addunt,
1586 2537 1632 2562 καὶ
1650 2543 1762 2570 συμποι-

988 2571 1076 2606 μένες,
1093 2581 1102 2597 t
1120 2577 1147 2598 et
1163 2571 1278 2606 collega}.
1297 2579 1306 2595 ι

988 2604 994 2606 ’
1020 2606 1077 2641 (92)
1096 2604 1240 2641 Εἵχομενξ
1251 2605 1296 2632 Sic
1312 2611 1367 2633 tres
1390 2605 1484 2641 Regg.,
1510 2609 1623 2640 quatuor
1645 2604 1720 2633 Colb.
1735 2609 1763 2632 et

986 2641 1033 2669 Or.
1046 2641 1073 2668 2.
1087 2641 1114 2667 [tt
1127 2642 1181 2669 ed..
1202 2640 1307 2669 ἔχομεν.

1010 2649 1033 2668 r.
1046 2648 1073 2668 ι.
1087 2648 1114 2667 ltl
1127 2648 1181 2672 en.,
1202 2648 1307 2672 εχομεν.

1020 2650 1033 2667 ν.
1046 2648 1073 2668 z.
1087 2648 1114 2667 ιιι
1127 2648 1181 2672 eu.,
1202 2648 1307 2674 εχομεν.

1020 2675 1076 2710 (95)
1088 2675 1235 2710 ,οὐδενὸς
1255 2674 1325 2706 ἀξια
1352 2675 1453 2710 λόγου.
1473 2674 1517 2702 Sic
1542 2674 1661 2709 plerique
1681 2675 1760 2703 codd.

988 2709 1070 2738 Deest
1077 2709 1140 2741 ἄξια
1152 2711 1176 2736 in
1189 2711 1220 2736 ed
1239 2722 1243 2727 ~

1022 2746 1078 2780 (95)
1095 2745 1140 2777 Ὧς
1152 2744 1220 2780 ἀπό.
1239 2743 1294 2780 81οᾷ
1301 2743 1432 2780 ﬂegtbm.
1454 2745 1534 2780 Deest
1548 2744 1602 2771 ἀπό
1617 2744 1641 2771 in
1655 2752 1698 2772 eo.

1021 2778 1075 2814 (95)
1095 2779 1254 2806 Σθενῶσαι.
1281 2778 1350 2806 Duo’
1362 2779 1448 2811 Colb.,
1471 2779 1564 2811 Gabr.,
1581 2779 1678 2814 aliique
1695 2787 1761 2808 non-

985 2815 1059 2846 nulli,
1074 2814 1267 2849 ὲνδυναμῶσαι,
1279 2823 1295 2849 _t
1310 2814 1485 2842 confo‘rtasse.
1505 2823 1514 2839 ι

1019 2849 1075 2884 (96)
1110 2847 1355 2882 Ἐπαινουμένων.
1377 2849 1450 2884 (Reg.
1480 2849 1533 2883 bm,
1559 2848 1604 2876 0r.
1626 2848 1758 2883 1,Gabr..

983 2883 1075 2913 Camb.
1095 2884 1203 2918 addunt,
1220 2883 1265 2911 καὶ
1277 2883 1445 2919 τιμωμένων.
