2013 3134
242 126 293 154 471

847 127 875 156 S.
896 128 1060 156 GREGOI‘tlI
1081 128 1252 157 THEOLOGI

1814 131 1863 158 872

243 183 452 212 existimandum
467 188 509 212 est
530 184 620 220 (liceat
636 185 701 213 mihi
735 193 841 221 quoque
873 194 920 221 per
937 195 985 215 vos
1005 189 1127 216 nonnihil
1161 189 1212 217 hoc
1253 187 1360 216 nomine
1386 186 1519 224 gloriari),
1541 186 1659 222 aliquam
1681 187 1733 222 ipsi
1760 194 1864 223 quoque

241 233 345 264 partem
362 230 415 263 his,
431 237 490 265 qua:
502 231 610 264 videtis,
623 231 794 259 contulimus.

278 276 324 303 Kl.
346 276 419 304 Tolle
445 284 494 312 per
518 277 662 305 circuitum
688 278 780 306 oculos
803 284 874 311 tuos,
905 279 986 315 756
999 284 1027 306 et

1113 279 1164 306 IA'.
1179 276 1264 314 τΑρον
1278 276 1370 312 κύκλῳ
1399 275 1462 308 τοὺς
1477 275 1632 311 ὀφθαλμούς
1648 284 1706 308 σου,
1736 275 1782 302 καὶ
1806 276 1841 303 ἴδε
1853 298 1862 312 ,

243 322 313 354 vide,
337 322 459 357 quisquis
485 329 525 356 es,
544 323 591 358 qui
605 323 736 351 doctrinm
763 329 863 353 nostra;
888 333 1029 353 censuram

242 367 321 394 facis.
342 366 406 395 Vide
423 372 521 394 textam
539 368 609 395 hanc
619 369 714 404 gloriae
729 377 869 403 coronam,
895 378 944 405 pro
960 379 1031 398 mer—

243 413 360 441 cenariis
388 413 527 448 Ephraim,
546 419 574 442 et
596 422 696 443 corona
715 417 938 444 contumelite".
964 417 1030 446 Vide

244 459 465 494 presbyterorum
485 460 642 494 concilium,
668 462 769 490 canitie
785 467 813 490 et
832 464 972 498 prudentia
985 472 1030 492 or-

244 508 380 536 natorum,
407 504 585 532 diaconorum
614 507 787 541 modestiam,
813 515 865 536 non
886 508 979 543 procul
998 510 1031 537 ab

244 550 338 577 eodem
353 550 456 585 Spiritu
471 557 648 586 remotorum,
663 553 794 581 lectorum
809 555 1030 589 concinnitatem,

243 595 330 630 plebis
347 596 467 624 discendi
489 597 617 632 studium,
637 603 691 626 tam
709 599 735 626 in
753 600 829 633 viris,
848 609 927 636 quam
945 602 972 628 in
985 601 1027 628 fe-

243 641 336 674 minis,
352 642 460 671 virtutis
475 644 577 672 honore
597 646 726 680 paribus:
740 654 771 674 ac
789 654 882 674 rursus
898 647 1029 681 virorum,

245 694 300 716 tam
318 689 344 716 in
359 689 535 725 philosophis,
556 698 636 726 quam
661 693 688 719 in
710 693 928 727 simplicioribus,
944 693 1032 721 omni-

244 735 295 763 bus
312 735 464 763 divinarum
481 744 571 764 rerum
601 738 734 772 sapientia
760 739 895 773 praeditis;
927 744 982 766 tam
1004 739 1031 766 in

247 779 394 816 przefectis,
417 789 497 817 quam
515 783 542 810 in
556 783 682 816 subditis,
698 784 742 812 hic
759 784 884 813 videlicet
907 785 1032 813 omnibus

246 832 321 855 recte
335 827 480 862 subjectis;
503 832 558 856 tam
583 829 608 856 in
629 829 768 863 militibus,
783 837 864 865 quam
887 830 914 857 in
933 831 1031 858 nobili-

244 872 306 906 bus,
322 880 354 900 ac
368 874 497 902 studiosis
518 878 545 902 et
566 874 706 908 litteratis,
727 876 854 903 omnibus
873 875 919 904 Dei
940 877 1032 904 militi-

244 920 306 951 bus,
320 924 419 948 caztera
432 920 539 954 quidem
557 920 671 955 placidis
685 925 712 949 et
728 921 889 955 mansuetis,
906 929 956 957 pro
973 922 1032 958 Spi-

1081 326 1136 357 πᾶς
1146 326 1160 352 ὁ
1170 325 1223 352 τῶν
1237 323 1312 360 ἐμῶν
1326 324 1413 357 λόγων
1432 322 1589 358 ὲξεταστής.
1608 322 1660 348 Ἴδε
1676 323 1720 348 τὸν
1736 323 1862 356 στέφανον
1883 320 1887 357 ί

1080 371 1126 397 τὸν
1135 369 1272 396 πλακέντα
1280 368 1330 403 τῆς
1340 368 1429 402 δόξης,
1441 367 1501 393 ἀντὶ
1508 366 1562 393 τῶν
1574 365 1716 401 μισθωτῶν
1736 366 1860 402 Ἐφραῗμ,

1081 417 1127 443 καὶ
1139 415 1185 443 τοῦ
1206 415 1338 450 στεφάνου
1352 414 1408 448 (97)
1421 413 1470 448 τῆς
1481 412 1596 448 ὕϐρεως.
1609 412 1661 438 Ἴδε
1674 412 1862 447 πρεσὸυτέρωυ

1082 463 1231 498 συνέδριον,
1245 461 1326 496 πολιᾷ
1340 461 1386 488 καὶ
1406 460 1511 487 συνέσει
1527 459 1716 494 τετιμημένων
1733 458 1798 493 (98),
1810 459 1864 485 δια-

1082 510 1166 536 κόνων
1191 507 1328 541 εὐταξίαν,
1354 506 1384 533 ού
1410 506 1505 542 πόρρω
1523 504 1570 531 τοῦ
1586 504 1669 532 αὑτοῦ
1686 504 1843 540 Πνεύματος
1854 525 1861 537 ,

1082 552 1262 588 ἀναγνωστῶν
1288 551 1448 587 εὐκοσμίαν,
1464 549 1528 577 λαοῦ
1556 549 1746 585 φιλομάθειαν,
1762 551 1823 577 ὅσον
1837 552 1863 576 ὲν

1081 600 1219 636 ἀνδράσιν,
1233 600 1294 626 ὅσον
1307 599 1336 625 ἐν
1350 597 1469 632 γυναιξὶ,
1483 596 1532 633 τὴν
1543 596 1642 632 ἀρετὴν
1654 597 1810 632 ὁμοτίμοις·
1821 597 1864 623 καὶ

1081 646 1198 682 ἀνδρῶν,
1217 646 1279 672 ὅσον
1300 645 1329 671 ὲν
1356 644 1522 679 φιλοσόφοις,
1534 643 1596 670 ὅσον
1616 644 1645 669 ὲν
1661 643 1863 678 ἁπλουστέροις,

1081 693 1149 720 πᾶσι
1164 693 1255 727 σοφοῖς
1267 691 1301 718 τὰ
1316 690 1376 717 θεῖα
1389 698 1396 705 ·
1420 690 1481 717 ὅσον
1495 689 1524 715 ὲν
1543 689 1682 724 ἄρχουσιν,
1698 689 1761 715 ὅσον
1776 690 1805 715 ὲν
1817 689 1865 724 ἀρ-

1081 738 1216 775 χομένοις,
1237 736 1354 764 ἐνταῦθα
1371 737 1439 763 πᾶσι
1460 735 1550 766 καλῶς
1570 734 1730 770 ἀρχομένοις
1741 743 1748 750 ο
1763 735 1825 763 ὅσον
1839 735 1866 761 ὲν

1083 783 1272 821 στρατιώταις,
1299 783 1361 810 ὅσον
1376 783 1404 809 ὲν
1421 780 1571 816 εὐγενέσιν,
1583 781 1644 807 ὅσον
1665 782 1693 807 ἐν
1715 781 1806 815 λόγοις
1822 781 1867 807 καὶ

1082 829 1147 864 περὶ
1172 828 1292 862 λόγους,
1324 828 1390 854 πᾶσι
1421 827 1489 855 Θεοῦ
1521 827 1722 865 στρατιώταις,
1755 827 1868 862 ἡμέροις

1081 874 1166 902 τᾶλλα
1181 874 1248 909 (99),
1266 874 1424 909 πολεμικοῖς
1447 874 1517 910 ὑπὲρ
1534 874 1691 908 Πνεύματος
1716 873 1755 907 (1)
1767 893 1775 906 ,
1802 873 1868 899 πᾶσι

1082 920 1132 957 τὴν
1148 919 1204 947 ἅνω
1218 919 1319 955 τιμῶσι
1341 919 1493 955 σύγκλητον
1511 920 1562 954 (εἰς
1586 919 1619 955 ἢν
1643 919 1674 945 ού
1695 917 1727 945 τὸ
1753 918 1869 954 γράμμα

245 965 300 993 ritu
319 970 406 994 autem
419 965 564 1001 bellicosis,
579 966 705 995 omnibus
717 967 884 1002 superiorem
901 972 1028 995 senatum

1084 967 1185 1002 εἰσάγει
1199 967 1230 994 τὸ
1243 966 1336 999 πεζὸν,
1349 966 1418 994 ἀλλὰ
1431 966 1462 993 τὸ
1478 966 1624 999 ζωοποιοῦν
1637 965 1772 1001 Πνεῦμα),
1786 965 1869 992 ἅπασι

246 1010 348 1038 honore
365 1010 544 1039 aﬂicientibus
563 1011 608 1048 (ad
626 1019 705 1047 quem
728 1020 781 1040 non
805 1012 866 1041 vilis
883 1018 910 1040 et
927 1012 1031 1047 abiecta

245 1056 345 1089 littera,
360 1057 407 1084 sed
424 1057 564 1085 viviﬁcans
579 1057 694 1092 Spiritus
709 1058 810 1086 aditum
823 1058 930 1094 aperit),
948 1058 1033 1086 omni-

245 1102 296 1130 bus
319 1110 381 1130 vere
400 1103 486 1131 doctis
503 1108 530 1131 et
543 1104 672 1138 eruditis,
698 1112 730 1133 ac
759 1104 839 1132 Verbi
862 1104 1030 1141 cultoribus;

245 1151 301 1174 tum
327 1148 408 1175 etiam
433 1147 559 1182 feminis,
590 1154 642 1177 tam
660 1158 720 1185 quin
739 1149 765 1177 in
787 1150 952 1178 matrimonii
966 1151 1032 1187 jngo

246 1191 302 1220 Deo
322 1194 408 1229 magis
430 1202 510 1229 quam
526 1196 602 1223 carni
627 1195 747 1224 astricta:
771 1201 843 1228 sunt,
866 1204 947 1231 quam
973 1205 1032 1232 qua:

247 1238 401 1274 nuptiarum
422 1245 549 1275 expertes
569 1246 597 1269 et
621 1240 721 1274 liberae,
737 1241 792 1268 Deo
805 1249 853 1269 sua
865 1242 956 1270 omnia
967 1250 1032 1271 con-

246 1290 404 1319 secrarunt;
426 1293 458 1314 ac
482 1286 597 1322 denique
621 1293 675 1315 tam
692 1288 717 1315 in
730 1288 886 1323 juvenibus,
902 1295 984 1323 quam
1003 1288 1030 1316 in

1083 1013 1182 1047 λογίοις
1197 1013 1234 1045 ὡς
1250 1011 1368 1048 ἀληθῶς,
1385 1012 1432 1039 καὶ
1456 1012 1504 1039 τοῦ
1525 1012 1610 1044 ὅντως
1625 1011 1712 1046 Λόγου
1734 1011 1868 1046 Θεραπευ-

1083 1059 1143 1090 ταῖς
1153 1066 1159 1073 ·
1177 1058 1224 1084 καὶ
1239 1057 1387 1091 γυναικῶν,
1408 1057 1469 1083 ὅσον
1482 1057 1535 1084 ὑπὸ
1550 1057 1642 1091 ζυγὸν,
1664 1055 1725 1091 Θεῷ
1740 1055 1869 1091 μᾶλλονῆ

1067 1103 1167 1143 ’σαρκὶ
1183 1102 1372 1138 συνδεδεμένον
1388 1102 1437 1137 (2),
1454 1103 1516 1129 ὅσον
1532 1103 1632 1137 ἄζυγον
1653 1103 1700 1129 καὶ
1715 1101 1866 1138 ἐλεύθερον,

1084 1149 1142 1185 Θεῴ
1153 1150 1184 1176 τὸ
1197 1150 1251 1177 πᾶν
1267 1149 1467 1185 καθιερωμένον
1476 1158 1485 1166 ο
1496 1150 1558 1176 ὅσον
1572 1150 1601 1176 ὲν
1614 1149 1692 1181 νέοις,
1709 1149 1771 1176 ὅσον
1783 1150 1812 1175 ὲν
1827 1148 1871 1182 γέ-

1086 1204 1188 1232 ρουσιν,
1206 1193 1243 1222 ὧν
1254 1195 1284 1222 τὸ
1299 1195 1348 1231 μὲν
1360 1196 1407 1222 ἐπὶ
1423 1197 1512 1232 γῆρας
1524 1195 1613 1227 καλῶς
1626 1195 1758 1228 ὀδεύει,τὺ
1768 1195 1797 1222 δὲ
1813 1195 1870 1230 βιά-

1085 1241 1160 1274 ζεται
1177 1243 1266 1278 μεῖναι
1288 1242 1433 1276 ἀθάνατον,
1452 1243 1512 1274 ταῖς
1532 1242 1671 1278 κρείττοσι
1683 1241 1737 1268 τῶν
1757 1242 1870 1269 ἐλπίδων

1084 1285 1229 1316 ἀνακαινού
1234 1297 1324 1323 μενον.

247 1331 367 1364 senibus,
380 1339 494 1367 quorum
509 1333 554 1361 alii
577 1333 609 1361 ad
632 1339 796 1362 senectutem
820 1335 949 1369 praeclare
986 1334 1154 1371 gradiuntur,
1188 1336 1232 1363 alii
1262 1336 1315 1363 vim
1335 1335 1495 1364 adhibentes
1530 1335 1563 1363 ad
1587 1335 1796 1370 comparandam
1823 1334 1870 1362 im-

248 1379 453 1413 mortalitatem,
476 1388 524 1415 per
540 1380 665 1409 meliores
688 1388 749 1416 spes
776 1380 867 1409 animo
888 1386 1032 1416 conceptas
1051 1388 1225 1410 renovantur.

283 1424 340 1453 XII.
360 1425 448 1461 Hujus
464 1434 571 1455 coronat
589 1427 670 1462 (quod
685 1428 791 1462 loquor,
816 1435 868 1454 non
884 1427 1033 1455 secundum

248 1471 392 1499 Dominum
418 1472 525 1508 loquor,
552 1473 600 1501 sed
629 1478 718 1501 tamen
740 1473 857 1508 loquar),
884 1473 1034 1501 textoribus

247 1517 370 1557 nonnihil
391 1517 449 1552 ipse
462 1525 569 1553 quoque
593 1517 748 1553 adjumento
766 1518 816 1546 l'ui.
835 1518 935 1545 Horum
953 1519 1030 1554 quis-

248 1562 319 1596 piam
347 1570 500 1590 sermonum
524 1568 806 1599 lquoquenostrorum
821 1572 889 1600 opus
904 1568 961 1598 est;
981 1571 1035 1592 non

247 1616 341 1636 eorum
359 1616 428 1644 quos
456 1614 556 1638 temere
579 1610 753 1646 iactavimus,
778 1611 836 1645 sed,
861 1618 928 1647 quos
944 1618 1036 1638 amore

248 1656 381 1691 complexi
411 1664 524 1689 sumus;
549 1665 601 1685 nec
628 1658 842 1685 meretriciorum
865 1657 906 1693 (ut
925 1657 1034 1693 quidam

249 1710 298 1730 nos
311 1703 489 1738 proscindens
500 1704 579 1735 dixit.
593 1704 682 1737 homo,
692 1709 719 1732 et
731 1711 865 1737 sermone,
875 1708 902 1732 et
916 1704 1035 1732 moribus

249 1748 432 1784 meretriciis),
449 1757 541 1777 verum
554 1749 697 1777 admodum
709 1750 789 1778 etiam
801 1751 924 1785 gravium
940 1754 967 1777 et
984 1757 1035 1785 pu-

249 1795 382 1823 dicorum.
410 1795 512 1823 Horum
538 1797 675 1832 quispiam
708 1797 762 1825 mei
786 1805 892 1832 quoque
918 1797 1034 1832 Spiritus

249 1843 319 1870 fetus
340 1850 372 1870 ac
395 1842 496 1871 fructus
512 1848 563 1876 est,
584 1844 808 1878 quemadmodum
833 1843 957 1878 Spiritus‘
975 1850 1033 1877 eos,

249 1889 294 1924 qui
315 1889 435 1917 animum
459 1897 473 1917 a
501 1897 616 1925 corpore
639 1890 820 1923 abduxerunt,
843 1891 953 1925 gignere
971 1897 1036 1917 con-

249 1936 346 1963 suevit.
371 1935 457 1971 Hujus
485 1937 526 1964 rei
552 1944 605 1964 non
633 1937 727 1964 dubito
746 1938 812 1972 quin
829 1937 1036 1965 candidissimos

249 1989 370 2017 quosque
384 1987 502 2011 vestrum
524 1988 606 2011 testes
627 1984 769 2011 habiturus
791 1984 861 2016 sim,
886 1988 933 2010 aut
952 1983 1034 2011 etiam

249 2034 355 2059 omnes,
371 2028 592 2063 quandoquidem
610 2028 703 2056 labore
718 2032 811 2056 nostro
822 2035 918 2056 omnes
932 2027 1034 2056 exculti

1121 1428 1171 1454 IB'.
1189 1428 1291 1455 Τούτου
1317 1428 1364 1456 τοῦ
1381 1427 1513 1463 στεφάνου
1531 1427 1562 1464 (ὃ
1582 1427 1664 1460 λαλῶ,
1681 1427 1712 1454 ού
1731 1427 1803 1454 κατὰ
1819 1426 1870 1453 Κύ-

1087 1483 1145 1510 ριον
1160 1474 1242 1507 λαλῶ,
1254 1474 1363 1511 λαλήσω
1375 1475 1404 1502 δὲ
1413 1475 1498 1510 ὅμως)
1511 1473 1589 1509 κάγώ
1596 1483 1622 1500 τι
1635 1473 1820 1508 συνεϐαλόμην
1835 1472 1870 1508 (3)

1085 1522 1142 1552 τοῖς
1169 1520 1309 1548 πλέκουσι.
1331 1521 1440 1548 Τούτων
1467 1529 1508 1552 τις
1533 1520 1580 1547 καὶ
1607 1519 1661 1546 τῶν
1685 1519 1761 1554 ἐμῶν
1788 1519 1871 1552 λόγων

1087 1567 1178 1603 ἔργον,
1203 1567 1253 1602 οὑχ
1278 1567 1325 1599 οὓς
1342 1567 1504 1603 ὲρῤίψαμεν,
1529 1565 1647 1597 ἀλλὀὒς
1669 1566 1869 1601 ἠγαπήσαμεν·

1087 1612 1148 1639 οὐδὲ
1158 1612 1213 1639 τῶν
1225 1612 1373 1649 πορνικῶν,
1392 1612 1430 1644 ὥς
1446 1621 1488 1643 τις
1511 1612 1563 1647 ἔφη
1582 1611 1717 1647 διασύρων
1732 1611 1806 1646 ἡμᾶς
1822 1609 1872 1636 τῶν

1088 1658 1194 1694 πύρνων
1206 1659 1253 1685 καὶ
1268 1659 1347 1693 λόγον
1357 1658 1404 1684 καὶ
1417 1658 1527 1693 τρόπον,
1545 1657 1614 1685 ἀλλὰ
1623 1657 1670 1684 καὶ
1687 1656 1748 1683 λίαν
1768 1655 1872 1692 σωφρό-

1087 1713 1150 1731 νων.
1175 1704 1284 1732 Τούτων
1311 1713 1354 1736 τις
1370 1704 1417 1731 καὶ
1432 1704 1479 1731 τοῦ
1492 1704 1559 1738 ἐμοῦ
1572 1703 1731 1739 Πνεύματος
1752 1703 1873 1737 γέννημα

1086 1751 1134 1778 καὶ
1149 1751 1263 1787 καρπὸς,
1278 1751 1316 1783 ὠς
1330 1752 1428 1787 γεννᾷν
1437 1750 1491 1778 οἶδε
1508 1751 1622 1787 Πνεῦμα
1641 1751 1705 1782 τοὺς
1723 1751 1872 1777 ἀπανιστα-

1088 1797 1184 1831 μένους
1200 1795 1323 1832 σώματος
1330 1796 1380 1833 (4).
1391 1798 1619 1834 Μαρτυρήσουσιν
1627 1797 1675 1833 (5),
1683 1795 1712 1823 εὖ
1719 1795 1874 1830 οἷδ’ὄτι,καὶ

1090 1843 1166 1878 ὑμῶν
1178 1844 1202 1870 οἱ
1215 1843 1397 1880 εὐγνώμονες,
1418 1845 1435 1880 ἢ
1458 1845 1505 1872 καὶ⁹
1516 1846 1625 1878 πάντες,
1637 1846 1697 1872 ἐπεὶ
1711 1845 1759 1871 καὶ
1773 1845 1874 1875 πάντας

1090 1889 1302 1925 ὲγεωργήσαμεν
1314 1898 1321 1904 ·
1334 1890 1381 1916 καὶ
1397 1890 1501 1926 μισθὸς,
1515 1891 1669 1926 ήὸμολογία
1684 1891 1761 1926 μόνη.
1775 1891 1812 1918 Ού
1823 1890 1875 1925 γὰρ

1089 1934 1154 1961 ἄλλο
1169 1944 1195 1962 τι
1222 1935 1416 1972 ἐπιζητοῦμεν,
1442 1937 1458 1972 ἢ
1486 1938 1659 1973 ἐζητήσαμεν
1675 1937 1722 1973 (6).
1745 1936 1874 1972 Ἀμισϐος

1089 1980 1144 2016 γὰρ
1165 1982 1182 2016 ἡ
1206 1980 1301 2016 ἀρετὴ,
1321 1981 1364 2008 ἳνα
1379 1983 1426 2009 καὶ
1449 1982 1534 2018 ἀρετὴ
1561 1982 1650 2018 μείνῃ,
1665 1982 1733 2017 πρὸς
1750 1982 1781 2009 τὸ
1797 1981 1875 2008 καλὸν

1091 2027 1169 2062 μόνον
1185 2026 1330 2062 βλέπουσα.

249 2072 334 2099 estis:
360 2076 387 2099 et
414 2072 554 2100 Trinitatis
579 2073 735 2106 confessio,
767 2073 823 2100 sola
849 2077 890 2100 est
919 2081 1034 2106 merces,
1055 2080 1135 2108 quam
1172 2080 1186 2099 a
1226 2073 1303 2100 vobis
1329 2077 1437 2107 expeto.
1462 2073 1520 2101 Non
1542 2074 1614 2101 enim
1635 2074 1707 2102 aliud
1730 2074 1874 2109 quidquam

250 2119 407 2154 quaerimus,
432 2124 479 2147 aut
498 2120 682 2155 quaesivimus.
696 2120 831 2148 Virtutem
847 2120 919 2148 enim
936 2119 1069 2148 mercedis
1094 2124 1232 2154 expertem
1248 2127 1308 2148 esse
1339 2125 1458 2156 oportet,
1489 2126 1518 2149 ut
1550 2122 1637 2150 virtus
1672 2127 1792 2156 maneat,
1811 2119 1875 2149 nihil

251 2165 301 2194 sibi
317 2169 415 2200 praeter
428 2166 528 2192 bonum
544 2165 630 2200 ipsum
645 2173 807 2200 proponens.

285 2212 356 2240 Xlll.
377 2212 464 2240 Vultis
477 2211 624 2247 juvenilius
639 2213 741 2247 aliquid
762 2213 940 2247 adjiciamus?
956 2211 1032 2240 Vide-

1126 2209 1176 2235 lI".
1192 2208 1325 2235 Βούλεσθε
1337 2208 1502 2244 προσθῶμεν
1517 2208 1555 2244 (7)
1571 2218 1596 2236 τι
1610 2209 1657 2236 καὶ
1665 2208 1875 2246 νεανικώτεροιὴ

250 2260 321 2288 tisue
347 2259 517 2286 adversarius
544 2258 647 2294 linguas
659 2258 739 2294 757
754 2259 938 2290 mitesccnles.
953 2263 1034 2293 atque

250 2313 307 2338 eos,
335 2306 380 2340 qui
405 2305 543 2332 Divinitati
570 2304 668 2331 bellum
694 2305 860 2337 indixerunt,
887 2305 953 2333 nihil
978 2305 1034 2340 jam

253 2351 391 2378 turbarum
421 2351 499 2378 nobis
523 2350 709 2378 lacessentes?
736 2350 764 2377 Id
783 2357 889 2385 quoque
905 2349 1034 2384 Spiritus,

253 2396 279 2424 id
293 2403 401 2431 quoque
423 2396 594 2432 agricultura
618 2400 717 2423 nostrae
741 2401 793 2424 εει.
814 2395 870 2422 Νοιι
885 2396 958 2422 enim
977 2396 1036 2423 sine

252 2442 395 2477 disciplina
413 2443 552 2476 docemus,
567 2450 617 2470 nec
629 2442 802 2470 adversarios
816 2442 989 2470 contumeliis
1008 2448 1036 2470 et

286 2522 310 2538 "
320 2520 374 2549 lsa.
392 2529 490 2555 xxvul,
510 2531 537 2549 ι.

287 2610 343 2646 (97)
366 2609 421 2637 Τοῦ
440 2609 599 2644 στεφάνου.
617 2610 689 2642 Bas.,
704 2610 767 2642 τοὺς
784 2611 941 2646 στεφάνους.
961 2610 1037 2638 Allu-

252 2645 291 2673 dit
307 2645 454 2680 Gregorius
467 2648 499 2672 ad
514 2647 570 2672 haec
587 2647 667 2681 verba
682 2646 757 2674 Isaiae
778 2645 876 2681 xxvm,
898 2647 911 2674 1
927 2657 934 2674 ;
963 2657 973 2672 ι
991 2646 1036 2675 Va'.

253 2688 361 2708 coronae
372 2680 497 2715 superbia
516 2681 597 2708 ebriis
610 2680 751 2714 Ephraim.
780 2691 790 2709 ι

289 2715 345 2751 (98)
373 2717 584 2750 Τετιμημένων.
615 2717 660 2743 0r.
687 2716 705 2743 2
736 2721 764 2745 et
790 2717 898 2753 Comb.,
925 2725 1038 2754 τετιμηα

256 2750 344 2786 μένον,
368 2756 526 2778 «ornatum.
551 2761 560 2777 ι

290 2786 345 2819 (99)
365 2786 474 2814 Talia.
491 2786 518 2813 ln
531 2786 613 2814 Coisl.
630 2787 655 2818 Ι,
671 2788 695 2812 τ’
710 2787 788 2815 ἄλλα.

291 2821 328 2859 (l_
348 2822 529 2859 Ιριεύίιατος,
542 2821 606 2857 Reg.
621 2822 674 2859 lim,
694 2823 740 2849 τοῦ
755 2823 921 2859 Πνεύματος.

290 2855 329 2891 ('2)
364 2855 594 2892 Συνδεδεμένονῖ
618 2857 664 2886 Sic
690 2859 811 2888 nonnulli
820 2855 908 2889 codd.’
929 2859 959 2889 lu
981 2859 1039 2895 ed,

1094 2258 1190 2294 Ὁρᾶτε
1215 2257 1264 2289 τὰς
1289 2257 1414 2290 ἐναντίας
1443 2258 1570 2293 γλώσσας
1599 2257 1810 2294 ἡμερουμένας,
1831 2255 1876 2283 καὶ

1088 2306 1150 2338 τοὺς
1175 2305 1282 2341 θεότητι
1300 2306 1487 2342 πολεμοῦντας
1510 2307 1576 2342 ἡμῖν
1591 2305 1797 2341 ήσυχάζοντας;
1823 2304 1876 2331 Καὶ

1088 2352 1167 2379 τοῦτο
1190 2351 1238 2378 τοῦ
1253 2352 1423 2388 Πνεύματος,
1449 2353 1496 2380 κα)⁸
1516 2352 1596 2379 τοῦτο
1611 2352 1660 2388 τῆς
1675 2351 1813 2386 γεωργίας
1828 2351 1875 2384 τῆς

1089 2398 1235 2434 ἡμετέρας.
1253 2399 1291 2425 Ού
1303 2399 1358 2435 γὰρ
1371 2398 1542 2430 ἀπαιδεύτως
1558 2397 1732 2433 παιδεύομεν,
1744 2397 1804 2424 οὐδὲ
1818 2398 1876 2428 ταῖς

1090 2443 1185 2481 ὖῦρεσι
1206 2443 1349 2480 βάλλομεν,
1372 2445 1441 2480 ὅπερ
1457 2444 1609 2480 πάσχουσιν
1625 2444 1650 2470 οἱ
1666 2443 1769 2475 πολλοὶ,
1788 2441 1826 2478 μὴ
1839 2441 1876 2476 τῷ

1091 2612 1295 2647 συνδεδεμένων.

1126 2649 1164 2683 ('5)
1184 2644 1406 2683 Συνεϐαλόμην.
1422 2646 1540 2679 Tillem.,
1559 2644 1753 2683 συνελαᾷόμην.

1138 2679 1166 2719 4)
1180 2679 1375 2718 Σώματος.Ἰιὶ
1390 2679 1773 2719 αιιίὺιιεριιιιι,τοῦσώματος.

1138 2684 1154 2710 4
1180 2684 1328 2718 Σώματος.
1347 2684 1374 2710 In
1390 2684 1561 2714 quibusdam.
1575 2684 1621 2708 τού
1633 2684 1773 2719 σώματος.

1127 2684 1166 2753 (5)
1181 2718 1445 2753 Μαρτυρήσουσιν,
1470 2715 1504 2744 εὖ
1524 2715 1600 2744 οῖδα.
1624 2717 1669 2743 Sic
1687 2715 1778 2753 plures
1799 2712 1877 2753 codd.

1091 2747 1162 2784 Alii;
1187 2747 1407 2788 μαρτυρήσωσιν.
1423 2747 1450 2779 In
1470 2753 1591 2787 pluribus
1604 2747 1773 2788 etiamjdeest
1784 2747 1825 2776 εὖ.

1127 2789 1165 2826 (β)
1187 2785 1401 2826 Ἓζητῆάαμεζ.
1414 2789 1441 2815 In
1461 2785 1610 2826 nonnullis,
1621 2785 1842 2826 ξπεζητὴσαμεν.

1126 2822 1162 2861 (7)
1174 2822 1362 2860 Προσθῶμεν,
1379 2824 1445 2859 Reg.
1461 2824 1514 2856 bm,
1529 2822 1649 2858 προσθῶ.

1155 2649 1166 2754 ἓ
