2013 3134
151 162 201 189 475

641 160 771 189 ORATIO
791 161 870 190 XLII.
892 178 926 183 —
946 161 1134 190 SUPREMUM
1156 162 1255 192 VALE.

1715 162 1770 191 ΔΗ

149 221 216 257 λόγῳ
232 220 390 256 μαχόμενοι,
404 220 460 252 τοῖς
478 219 508 246 δὲ
523 219 641 254 λέγουσι,
660 221 707 248 καὶ
728 221 776 256 τὴν
789 221 930 248 ἀσθένειαν

989 222 1111 249 ιοιιι-ἰνὶὶε
1144 222 1317 254 incessimus,
1344 222 1567 257 quemadmodum
1591 221 1710 257 plerique
1729 225 1769 248 ta-

149 268 218 294 ἐστιν
230 267 272 293 ὅτε
280 266 335 293 τῶν
342 266 480 301 λογισμῶν
496 267 556 297 ταῖς
570 265 664 300 ὕϐρεσι
678 266 914 301 συγκαλύπτοντες
922 274 929 281 ·

149 314 238 348 ὥσπερ
261 312 309 344 τὰς
327 312 428 348 σηπίας
450 311 529 346 λόγος
549 312 625 346 ἐμεῖν
644 311 675 338 τὺ
696 312 780 348 μέλαν
802 313 856 348 πρὸ
872 313 932 339 ἑαυ-

148 359 209 391 τῶν,
233 359 276 385 ἵνα
289 359 352 390 τοὺς
366 357 531 393 θηρεύοντας
547 357 714 392 διαφύγωσιν
725 379 731 390 ,
747 358 763 393 ἢ
780 358 819 394 τῷ
834 358 933 386 λανθά-

149 413 201 432 νειν
216 403 371 440 θηράσωσιν
383 402 434 438 (8).
458 402 538 429 Ἀλλὰ
551 402 581 429 τὸ
596 403 660 438 περὶ
671 403 788 438 Χριστοῦ
805 404 932 440 πολεμεῖν

148 450 298 485 δείκνυμεν,
316 449 345 475 ὲν
358 448 397 484 τῷ
416 448 550 484 μάχεσθαι
564 448 634 475 κατὰ
646 449 772 485 Χριστὸν,
787 449 833 476 τὸν
859 451 933 485 εἰρη-

149 496 218 523 νικόν
234 504 263 522 τε
279 495 326 522 καὶ
343 495 439 530 πρᾶον,
456 494 503 521 καὶ
522 494 572 527 τὰς
586 495 728 527 ἀσθενείας
741 496 757 530 ὴ
763 495 820 531 μῶν
833 495 932 530 βαστά-

150 549 240 568 σαντα,
269 540 337 567 Οὔτε
354 539 532 575 είρηνεύομεν
559 539 629 566 κατὰ
649 540 697 566 τοῦ
711 540 790 575 λόγου
805 543 853 576 τῆς
867 541 932 576 ἁλη-

149 587 230 619 θεὶας,
251 586 376 621 ὑφιέντες
390 595 416 612 τι
426 586 470 612 διὰ
483 585 561 619 δόξαν
577 586 727 618 ἐπιεικείας
739 595 746 601 ·
770 587 800 613 οὐ
818 587 872 622 γὰρ
885 596 934 614 κα-

149 632 202 665 κῶς
217 633 247 659 τὸ
266 631 349 659 καλὸν
366 631 536 667 θηρεύομεν·
555 632 601 658 καὶ
617 631 796 668 είρηνεύομεν
815 633 934 668 ἐννόμως

151 678 306 714 μαχόμενοι,
323 678 371 704 καὶ
397 677 464 703 εἴσω
485 677 539 704 τῶν
558 677 702 714 ἡμετέρων
727 678 798 714 ὅρων
815 678 865 713 (9),
887 679 935 706 καὶ

149 724 267 751 κανόνων
287 723 336 750 τοῦ
352 722 518 758 Πνεύματος.
543 723 611 759 Περὶ
628 723 677 759 μὲν
690 721 737 750 οὖν
747 723 851 750 τούτων
863 724 936 751 οὕτω

148 769 281 804 γινώσκω,
293 770 340 796 καὶ
349 769 430 804 νόμον
445 768 540 804 τίθημι
570 770 637 796 πᾶσι
658 771 713 802 τοῖς
727 770 821 806 ψυχῶν
836 771 935 798 οἰκονό-

150 823 218 850 μοις,
233 813 342 841 καὶτοῦ
354 814 434 848 λόγου
450 814 562 850 ταμίαις
577 815 633 850 (10)
647 823 654 831 ·
685 815 754 851 μήτε
768 815 808 851 τῷ
826 816 936 852 σκληρῷ

148 859 301 896 τραχύνειν,
316 861 385 896 μήτε
402 860 440 896 τῷ
453 860 649 896 ὑπεσταλμένῳ
666 861 844 897 κατεπαίρειν
855 870 861 877 ·
877 862 935 889 ἀλλ’

983 267 1068 299 ciunt,
1091 274 1143 294 non
1159 275 1219 294 cum
1234 275 1369 301 sermone,
1385 268 1432 295 sed
1444 275 1504 295 cum
1520 267 1689 302 loquentibus
1705 274 1770 294 con-

983 311 1115 347 fligenlcs,
1136 320 1167 339 ac
1181 313 1315 341 ratiorium
1338 316 1366 340 et
1390 316 1609 348 argumentorum
1627 311 1769 340 inﬁrmita-

985 364 1036 387 tem
1058 360 1210 388 maledictis
1225 361 1360 388 interdum
1382 361 1558 395 obtegentes;
1577 368 1628 388 non
1643 361 1722 389 aliter
1739 369 1770 389 ac

983 405 1072 439 sepias
1087 410 1269 433 atramentum
1286 411 1350 433 ante
1368 415 1398 434 se
1417 414 1525 434 vomere
1541 407 1627 438 aiunt.
1643 407 1770 442 utpisca-

985 455 1057 478 tores
1077 450 1218 485 effugiant,
1246 456 1293 478 aut
1309 452 1372 487 ipsa:
1387 452 1496 479 latendo
1512 457 1653 479 venentur.
1673 452 1771 479 Verum

985 504 1035 524 nos
1054 504 1103 531 pro
1123 497 1232 525 Christo
1253 497 1351 525 bellum
1367 506 1460 533 gerere
1478 498 1528 525 hoc
1543 501 1701 533 argumento
1715 498 1772 532 pla-

986 550 1048 569 num
1070 542 1193 576 facimus,
1216 545 1287 578 quod
1304 546 1451 572 secundum
1469 545 1619 576 Christutn,
1634 545 1681 580 qui
1698 544 1771 572 mitis

986 596 1016 616 ac
1027 594 1137 623 pacatus
1161 594 1202 617 est
1220 590 1256 623 ⁷⁸,
1275 595 1357 626 atque
1377 591 1549 619 inﬁrmitates
1575 597 1681 618 nostras
1707 598 1771 625 por-

987 636 1052 662 tavit
1073 635 1108 670 ",
1137 636 1306 664 dimicatnus.
1335 635 1390 664 Nec
1415 638 1508 669 enim,
1540 644 1612 664 vera:
1638 637 1770 664 doctrinae

989 682 1164 715 detrimento,
1190 683 1250 718 paci
1273 683 1423 714 studemus,
1451 682 1571 710 nonnihil
1594 682 1772 715 remittentes,

986 732 1016 755 ut
1032 727 1170 756 facilitatis
1185 733 1212 756 et
1229 729 1446 757 mansuetudinis
1471 729 1568 756 famam
1596 728 1772 763 colligamus;

987 781 1040 800 non
1068 774 1140 801 enim
1168 774 1239 809 quod
1265 774 1365 801 bonum
1387 779 1429 802 est
1451 774 1520 802 male
1545 781 1730 808 aucupamur:
1746 778 1775 800 et

992 826 1099 846 rursum
1113 827 1206 855 pacem
1225 820 1352 854 colimus,
1378 819 1497 854 legitime
1514 824 1675 854 pugnantes,
1692 824 1773 854 atque

989 866 1060 894 intra
1087 866 1187 894 limites
1212 871 1320 894 nostros
1340 866 1511 901 Spiritnsqne
1534 866 1653 900 regulam
1670 870 1775 893 nosmet

147 906 272 941 εὐλόγους
298 904 370 933 εἶναι
390 906 454 941 περὶ
468 906 514 933 τὸν
528 906 616 941 λόγον,
634 906 775 943 μηδετέρῳ
787 907 818 934 τὸ
836 908 936 944 μέτρον

989 912 1170 940 continentes.
1195 913 1235 940 Ac
1251 913 1283 939 de
1305 913 1346 939 his
1361 912 1470 946 quidem
1488 913 1523 939 ita
1540 913 1639 945 sentio,
1655 912 1775 939 cunctis-

148 953 370 989 ὑπερϐαίνοντας.

991 964 1044 992 que
1067 959 1218 985 animarum
1234 958 1467 993 dispensatoribus
1486 963 1620 993 rectaeque
1642 957 1774 985 doetrinac

148 1002 252 1030 arbitris
273 1002 361 1037 legem
380 1005 490 1034 statuo;
514 1006 544 1030 ut
566 1009 617 1030 nec
635 1009 684 1037 per
699 1003 826 1030 duritiam
849 1004 987 1032 hominum
999 1005 1105 1034 animos
1126 1011 1296 1042 exasperent,
1331 1014 1380 1033 nec
1409 1012 1458 1041 per
1487 1003 1693 1031 submissionem
1723 1002 1776 1029 ela‘

150 1052 188 1076 tos
199 1053 226 1076 at
241 1049 390 1076 insolentes
406 1047 540 1080 alliciant;
556 1048 604 1075 sed
620 1052 650 1076 ut
663 1049 806 1084 prudenter
820 1053 848 1077 et
861 1051 986 1078 consulte
1007 1051 1035 1078 in
1061 1051 1122 1080 fidei
1135 1059 1216 1079 causa
1237 1058 1266 1078 se
1285 1054 1392 1086 gerant,
1426 1057 1475 1078 nec
1508 1048 1534 1076 in
1565 1047 1661 1076 horum
1696 1045 1777 1074 alter-

150 1100 209 1123 utro
227 1095 444 1123 mediocritatem
459 1096 602 1128 excedant,

180 1145 228 1172 ιΔν.
248 1145 295 1171 Δεῖ
313 1145 343 1171 δὲ
354 1143 420 1175 huic
430 1143 559 1171 ποθοῦσιν
568 1143 633 1178 ὑμῖν
647 1142 750 1170 καὶτὸν
762 1143 812 1178 τῆς
822 1143 940 1176 πίστεως

149 1190 228 1225 αὐτῆς
255 1189 443 1222 ἐπιδείξασθαι
468 1189 557 1224 λόγον,
584 1189 645 1224 ἣτις
670 1188 737 1215 ποτέ
759 1189 940 1224 ὲστινὴκαθ’

149 1234 228 1269 ἡμᾶς.
252 1234 326 1269 Ἐγώ
347 1242 379 1261 τε
401 1233 457 1269 γὰρ
478 1233 683 1268 ἁγιασθήσομαι
700 1233 739 1269 τῷ
767 1235 876 1269 συνεχεῖ
890 1234 941 1269 τῆς

150 1279 269 1316 μνήμης·
284 1280 299 1306 ὃ
310 1288 341 1306 τε
355 1279 420 1311 λαὸς
429 1276 504 1311 οὗτος
516 1279 651 1314 ὀνήσεται,
664 1279 777 1316 χαίρων,
795 1279 873 1316 εἴπερ
885 1279 940 1315 (Η)

149 1324 217 1360 ἄλλῳ
232 1325 298 1358 τινὶ,
317 1326 376 1356 τοῖς
386 1325 516 1356 τοιούτοις
530 1324 636 1358 λόγοις·
656 1324 704 1351 κού⁵
725 1324 804 1360 ὑμεῖς
818 1324 937 1359 ἐπιγνώ-

152 1371 236 1402 σεσθε,
253 1371 278 1398 εί
294 1371 334 1406 μὴ
358 1370 447 1406 μάτην
473 1369 644 1405 φθονούμεθα
658 1370 725 1405 (12),
738 1372 770 1407 τῇ
787 1370 938 1406 φανερώσει

150 1415 195 1451 τῆς
204 1415 344 1450 ἀληθείας,
358 1416 414 1447 τοῖς
432 1414 482 1450 μὲν
497 1413 693 1450 ἁμιλλώμενοι,
706 1415 768 1447 τοὺς
778 1415 807 1442 δὲ
823 1415 938 1450 φθάνον-

150 1469 193 1493 τες
207 1461 272 1496 (13).
291 1461 401 1496 ’Ὠσπερ
415 1460 469 1496 γὰρ
493 1460 547 1487 τῶν
569 1460 688 1496 βρυχίων
704 1461 760 1497 (14)
774 1461 886 1495 ὑδάτων,
905 1463 939 1490 τὰ

152 1506 198 1542 μὲν
216 1508 245 1534 ἐν
260 1507 339 1543 βάθει
362 1506 514 1543 κρύπτεται
537 1507 686 1539 παντελῶς,
700 1507 735 1534 τὰ
752 1508 780 1534 δὲ
800 1508 938 1542 παφλάζει

1031 1142 1102 1171 XIV.
1118 1141 1171 1170 Sed
1190 1141 1246 1177 jam
1263 1141 1378 1169 fortasse
1386 1148 1475 1176 operte
1497 1139 1613 1175 pretium
1633 1143 1674 1168 est
1691 1138 1776 1174 ipsius

990 1196 1098 1225 quoque
1121 1188 1184 1216 ﬁdei
1207 1188 1371 1220 doctrinam,
1397 1194 1566 1222 quwcunque
1597 1186 1703 1212 tandem
1730 1185 1776 1212 illa

992 1235 1063 1270 apud
1078 1242 1127 1262 nos
1139 1238 1192 1267 est,
1212 1233 1382 1268 cupientibus
1408 1233 1485 1260 vobis
1508 1231 1639 1259 indicare.
1659 1230 1737 1263 Nam,
1749 1235 1778 1258 et

990 1280 1047 1314 ipse
1065 1287 1114 1315 per
1130 1278 1396 1307 commemorationis
1413 1278 1601 1305 assiduitatem
1629 1277 1776 1305 sanctitate

989 1325 1147 1354 aﬁiciartet
1166 1325 1279 1361 populus
1305 1325 1349 1352 hic
1371 1324 1515 1352 utilitatem
1533 1329 1724 1358 consequetur,
1744 1331 1777 1351 ex

988 1371 1145 1406 huiusmodi
1170 1370 1353 1403 sermonibus,
1376 1370 1398 1397 si
1424 1378 1478 1405 qua
1497 1370 1549 1397 alia
1572 1377 1605 1397 ex
1621 1377 1659 1402 re,
1679 1370 1777 1397 miriﬁ-

989 1425 1048 1446 cam
1078 1418 1243 1452 voluptatem
1273 1417 1405 1452 capiens:
1427 1422 1454 1444 et
1474 1424 1521 1443 vos
1546 1416 1716 1452 agnoseetis,
1743 1423 1779 1443 an

989 1472 1041 1492 non
1053 1466 1153 1491 frustra
1176 1464 1253 1491 nobis
1277 1463 1442 1495 invideatur,
1463 1463 1525 1490 dum
1540 1462 1567 1490 in
1582 1461 1779 1489 manilestanda

989 1510 1116 1541 veritate,
1137 1509 1198 1537 illos
1212 1508 1321 1543 quidem
1335 1515 1454 1543 aequare,
1477 1507 1544 1534 alios
1568 1514 1632 1535 vero
1651 1511 1778 1534 antever-

152 1560 264 1588 στενοχω
271 1553 404 1589 ρούμενα,
428 1553 475 1580 καὶ
504 1552 554 1589 τὴν
578 1552 689 1589 ἐκρηξιν
704 1553 876 1589 ὑπισχνεῖται
890 1554 936 1590 μὲν

991 1561 1047 1584 tere
1063 1555 1259 1583 contendimus.
1288 1554 1523 1588 Quemadmodum
1544 1552 1616 1580 enirn
1636 1553 1779 1580 subterra-

151 1599 206 1630 ταῖς
222 1600 328 1632 ἀκοαῖς,
343 1598 434 1634 μέλλει
445 1598 474 1625 δὲ
488 1598 538 1630 ἔτι,
551 1599 585 1626 τὰ.
601 1598 630 1625 δὲ
647 1599 693 1626 καὶ
715 1600 917 1635 ἀναῤῥήγνυται
930 1609 937 1616 ·

151 1643 216 1671 οὕτω
226 1644 273 1671 καὶ
285 1644 344 1671 τῶν
364 1644 579 1680 φιλοσοφούντων
592 1644 648 1680 (15)
665 1645 728 1681 περὶ
739 1645 818 1679 Θεοῦ,
837 1646 881 1673 ἵνα
901 1646 938 1682 μὴ

151 1690 217 1725 λέγω
229 1692 292 1724 τοὺς
307 1691 450 1723 παντελῶς
463 1692 635 1728 ἀγνώμονας,
656 1692 682 1718 οἱ
698 1692 748 1727 μὲν
765 1692 854 1728 πάντη
872 1692 940 1729 κρύ-

152 1745 206 1771 φιον
235 1738 280 1765 καὶ
304 1732 491 1765 λανθάνουσαν
518 1737 626 1773 ἔχουσιν
650 1738 678 1765 ὲν
695 1739 802 1770 ἑαυτοῖς
816 1738 872 1774 (16)
887 1739 938 1775 τὴν

152 1784 296 1812 εὐσέϐειαν·
305 1785 332 1812 οἱ
343 1785 372 1812 δὲ
384 1785 434 1820 τῆς
443 1785 537 1817 ὠδῖνος
552 1785 646 1819 ἐγγὺς,
665 1785 724 1812 ὅσοι
736 1785 767 1812 τὸ
781 1785 831 1820 μὲν
842 1785 940 1818 ἀσεϐὲς

152 1839 286 1865 φευγουσι,
302 1831 335 1859 τὸ
354 1831 383 1858 δὲ
396 1831 507 1864 εὐσεϐὲς
521 1832 552 1858 οὐ
567 1830 812 1868 παρῤησιάζονται,
831 1831 886 1858 εἴτε
901 1832 940 1858 οἰ-

152 1876 260 1912 κονομίᾳ
277 1877 332 1904 τινί
346 1876 482 1913 χρώμενοι
511 1878 576 1914 περὶ
603 1877 749 1911 τὸνλόγον,
773 1876 829 1903 εἴτε
855 1877 939 1913 δειλία

152 1921 215 1956 πρὸς
237 1922 317 1949 τοῦτο
342 1922 576 1957 καταφεύγουσιν·
602 1922 671 1949 ἀλλὰ
684 1923 734 1958 τὴν
756 1923 805 1957 μὲν
820 1922 939 1950 διάνοιαν

152 1966 324 2000 ὑγιαίνουσιν,
350 1968 389 2000 ὥς
417 1977 493 2004 φασι,
521 1969 567 1995 τὸν
585 1968 649 1995 λαὸν
661 1969 690 1995 δὲ
701 1968 750 2003 οὐχ
762 1968 918 2003 ὑγιάζουσιν
930 1989 938 2003 ,

151 2014 239 2051 ὥσπερ
254 2015 364 2043 ἑαυτῶν
388 2016 438 2042 οὐκ
457 2015 545 2043 ἄλλων
567 2016 735 2052 προστασίαν
756 2015 940 2052 ὲγχειρισθέν-

152 2062 241 2093 τες·οἱ
258 2062 286 2089 δὲ
308 2062 358 2090 καὶ
375 2062 567 2098 δημοσιεύουσι
582 2061 627 2088 τὸν
650 2061 797 2097 θησαυρὸν,
825 2062 855 2088 οὐ
879 2062 940 2088 στέ-

151 2114 240 2140 γοντες
254 2108 304 2144 τὴν
319 2108 403 2135 ὠδῖνα
416 2108 467 2144 τῆς
479 2108 631 2141 εὐσεϐείας,
646 2108 707 2134 οὐδὲ
722 2108 753 2134 τὸ
766 2108 840 2144 μόνοι
856 2108 940 2141 σώζε-

152 2153 210 2180 σθαι
220 2155 358 2190 σωτηρίαν
372 2154 540 2189 νομίζοντες,
553 2154 577 2181 εἰ
597 2154 634 2190 μὴ
650 2155 698 2181 καὶ
709 2153 800 2185 ἄλλοις
811 2154 842 2180 τὸ
856 2154 938 2182 καλὸν

151 2199 354 2235 ῦπερϐλύσειεν.
382 2200 450 2227 Μεθ’
481 2196 518 2227 ὧν
545 2199 602 2234 ἐγὼ
628 2200 790 2236 ταττοὶμην,
808 2200 825 2236 ἢ
841 2200 939 2232 οἵτινες

991 1610 1049 1630 nea‘
1076 1610 1171 1637 aquae,
1198 1601 1298 1637 partim
1330 1602 1357 1629 in
1383 1601 1438 1628 imo
1460 1608 1572 1635 prorsus
1590 1599 1777 1633 occultantur;

990 1649 1088 1685 partim
1105 1649 1133 1677 in
1146 1648 1288 1684 angustias
1313 1648 1430 1675 redactae
1449 1647 1592 1680 ebulliunt,
1614 1651 1696 1682 atque
1716 1653 1779 1674 eru-

990 1695 1110 1730 ptionem
1123 1694 1236 1729 jamjam
1246 1694 1355 1728 quidem
1375 1693 1487 1720 auribus
1500 1692 1675 1727 pollicentur,
1698 1696 1778 1720 caete-

991 1749 1052 1768 rum
1081 1741 1171 1768 adhuc
1195 1745 1352 1773 morantur;
1374 1740 1473 1774 partim
1498 1739 1615 1774 denique
1633 1739 1661 1766 in
1688 1738 1774 1765 altutn

990 1790 1156 1820 erumpunt:
1171 1785 1206 1813 ad
1223 1785 1348 1814 eumdem
1365 1785 1474 1812 modum
1491 1791 1597 1817 eorum,
1612 1784 1658 1818 qui
1679 1783 1711 1810 de
1725 1783 1779 1810 Deo

990 1832 1217 1867 philosophantur
1241 1831 1282 1867 (ut
1302 1838 1365 1864 eos,
1388 1831 1434 1866 qui
1458 1831 1568 1858 omnino
1603 1829 1720 1865 improbi
1745 1837 1778 1856 ac

990 1878 1087 1913 perﬁdi
1100 1883 1174 1911 sunt,
1199 1878 1299 1906 missos
1325 1877 1446 1912 faciam),
1462 1875 1508 1903 alii
1526 1876 1644 1903 abditam
1666 1875 1777 1903 omnino

991 1929 1073 1959 atque
1086 1924 1220 1951 occultam
1235 1923 1286 1951 sibi
1314 1923 1379 1958 ipsis
1401 1923 1526 1958 pietatem
1554 1923 1673 1954 habent;
1694 1921 1740 1949 alii
1761 1930 1778 1949 a

990 1975 1083 2005 partus
1097 1969 1235 1998 doloribus
1251 1977 1305 1997 non
1317 1969 1396 2004 longe
1414 1969 1522 2002 absunt,
1540 1968 1558 1995 ii
1575 1968 1714 2000 nimirum,
1730 1968 1776 2001 qui

990 2017 1155 2052 impietatem
1167 2015 1249 2051 758
1256 2016 1363 2050 quidem
1373 2015 1488 2050 fugiunt,
1496 2014 1542 2042 sed
1552 2014 1680 2049 pietatem
1691 2014 1777 2041 libero

991 2066 1073 2096 atque
1089 2061 1223 2096 intrepido
1236 2061 1327 2088 animo
1342 2060 1454 2087 minime
1471 2060 1629 2095 pradicant,
1640 2059 1696 2086 sive
1711 2066 1776 2086 con-

990 2107 1050 2135 silio
1077 2107 1194 2142 quodam
1214 2107 1241 2134 in
1269 2106 1330 2134 ﬁdei
1348 2106 1472 2134 doctrina
1500 2109 1627 2138 utentes,
1659 2103 1716 2131 sive
1741 2103 1776 2130 ob

992 2157 1093 2181 metum
1121 2157 1203 2188 atque
1223 2153 1358 2187 ignaviam
1392 2159 1426 2179 eo
1447 2151 1649 2186 confugientes;
1678 2156 1774 2176 verum

992 2200 1084 2228 animo
1110 2200 1220 2235 quidem
1247 2203 1276 2226 et
1298 2203 1389 2226 mente
1417 2198 1477 2226 sani
1493 2202 1565 2230 sunt,
1579 2201 1609 2224 ut
1632 2195 1776 2228 afﬁrmant,

153 2246 208 2279 μετ’
231 2246 298 2281 ἐμοῦ
315 2247 368 2283 τὴν
393 2246 479 2282 καλὴν
498 2246 600 2282 τόλμαν
626 2245 780 2282 τολμῶντες
794 2246 935 2282 ὁμολογεῖν

995 2253 1124 2274 caeterum
1139 2245 1226 2281 plebis
1244 2245 1353 2274 sanitati
1370 2244 1480 2272 minime
1493 2243 1649 2275 consulunt,
1666 2241 1777 2276 perinde

152 2290 197 2326 τὴν
209 2293 362 2320 εὐσέϐειαν.

994 2296 1076 2328 atque
1091 2292 1143 2328 ipsi
1157 2300 1230 2326 sese,
1247 2300 1301 2320 non
1319 2292 1384 2320 item
1400 2291 1478 2323 alios.
1494 2297 1549 2318 suae
1576 2296 1648 2317 curae
1669 2295 1701 2315 ac
1714 2287 1775 2315 ﬁdei

153 2339 309 2385 commissos
333 2339 469 2372 habeant;
499 2340 543 2368 alii
569 2347 634 2368 vero
655 2340 812 2369 thesaurum
832 2349 941 2377 quoque
960 2341 986 2369 in
1003 2342 1120 2369 medium
1132 2341 1285 2376 proferunt,
1308 2341 1417 2376 pietatis
1448 2339 1542 2373 fetum,
1570 2336 1776 2374 parturientium

153 2383 246 2416 instar,
281 2384 404 2412 retinere
431 2389 611 2419 nequeuntes,
642 2393 702 2418 nec,
726 2386 797 2420 quod
828 2385 880 2414 soli
905 2386 956 2422 ipsi
976 2387 1092 2415 salutem
1114 2392 1328 2426 consequantur,
1351 2386 1466 2415 salutem
1488 2385 1689 2419 existimantes,
1723 2383 1776 2412 nisi

185 2461 207 2478 ”
224 2461 320 2491 Matth.
337 2471 378 2498 ιιι,
393 2462 439 2490 9.9.
476 2463 499 2479 ⁷⁸
516 2463 566 2491 lsa.
583 2471 642 2496 Litt,
657 2463 685 2492 4.

185 2540 221 2576 (8)
240 2542 278 2569 Ἦ
300 2541 342 2574 τῷ
366 2541 528 2569 λανθάνειν
553 2542 736 2577 θηράσωσιν.
766 2552 776 2569 ι
793 2543 845 2571 Aut
871 2543 937 2577 ipsre

153 2575 257 2604 latendo
271 2582 427 2613 venentur;
440 2587 450 2603 ι
468 2585 500 2613 ac
516 2578 555 2605 sic
571 2575 661 2613 escam
679 2579 795 2612 rapiant.
815 2579 858 2605 cui
874 2575 938 2613 ipsa:

153 2617 246 2638 venatu
269 2611 443 2639 insidiantur.
467 2612 562 2641 Billius
585 2612 660 2646 legit,
686 2611 716 2640 τδ
736 2611 890 2646 λανθάνειν,
906 2622 938 2641 ac

154 2647 262 2687 reddit:
283 2651 354 2674 «aut
378 2653 552 2683 conspectum
579 2649 622 2676 sui
647 2648 687 2677 eis
712 2648 936 2684 (piscatoribus)

153 2687 355 2758 ῗΐῗέὶΐρὸρέυν..
370 2716 465 2745 Plures
486 2718 581 2758 codd.,_
598 2719 700 2758 νόμωνἱ
717 2719 744 2746 ln
764 2717 937 2758 quibusdam,

153 2752 232 2786 ὅρων,
254 2752 302 2778 κα)⁸
326 2752 428 2787 νόμων,
452 2753 500 2779 καὶ
517 2752 647 2782 κανόνων.
672 2752 896 2787 ιΙιιιιτιῚίιιιίιυε,
912 2758 939 2781 et

155 2785 238 2819 leges.
250 2792 278 2814 et
291 2789 410 2818 regulas.

189 2820 243 2855 (10)
258 2821 358 2860 ᾼόγρυ
382 2823 506 2860 ταμίαις.
533 2833 543 2849 ι
558 2823 637 2852 Verbi
664 2823 821 2858 ministris,»
841 2824 938 2860 quibus

154 2857 294 2888 eroganda!
309 2857 438 2884 docti-inre
453 2866 548 2885 munus
560 2860 732 2887 commissum
747 2864 797 2886 est.

191 2891 246 2926 (lt)
261 2891 365 2926 Ειπερ.
382 2892 438 2920 Duo
451 2892 535 2929 Regg.
550 2899 576 2922 et
589 2899 644 2923 tres
655 2895 743 2928 Colb.,
758 2894 839 2929 ἥπερ.

1027 2543 1082 2578 (12)
1098 2543 1297 2577 Φθονούμεθα.
1315 2541 1381 2578 Reg.
1396 2542 1452 2572 bm.
1466 2539 1666 2576 ὲφθονούμεθα.

1026 2579 1083 2613 (15)
1101 2578 1277 2610 Φθάνοντες.
1296 2578 1342 2610 0r,
1359 2577 1386 2609 2,
1401 2577 1559 2612 φθάνοντας.

1026 2609 1082 2648 (14)
1103 2609 1292 2648 Βρυχίωνίῐιι
1309 2609 1481 2648 quihusdam,
1503 2609 1687 2648 ὑποϐρυχίων.

1025 2644 1081 2686 (15)
1093 2644 1353 2687 φίλοὲᾳφούντών.
1366 2647 1551 2687 llzec_c_xponit
1565 2644 1683 2687 l‘liceta‘s.
1697 2644 1779 2686 quasi

989 2679 1165 2710 de‘ou'mihus
1190 2679 1217 2709 in
1244 2684 1399 2709 universum
1425 2679 1587 2710 Christianis
1612 2688 1627 2707 a
1643 2679 1774 2715 Gregorio

988 2719 1070 2747 dicta.
1088 2717 1184 2744 Verum
1202 2717 1235 2745 de
1258 2717 1411 2751 pastoribus
1436 2724 1468 2744 ac
1493 2715 1626 2752 praefectis
1645 2715 1777 2752 ecclesia-

987 2754 1065 2780 sticis
1086 2758 1188 2788 tantum
1211 2750 1282 2779 dicia
1299 2759 1359 2779 esse
1381 2752 1483 2788 liquido
1494 2750 1611 2785 constat,
1633 2754 1660 2778 et
1676 2750 1775 2785 cuique

988 2788 1086 2823 legenti
1103 2786 1273 2823 manifestum
1289 2791 1340 2823 est.

1004 2821 1081 2886 dilui}
1105 2823 1157 2850 Ἐν
1172 2822 1302 2858 ἑαυτοῖς.
1320 2821 1365 2852 Sic
1377 2821 1504 2859 permulti
1518 2821 1596 2852 codd.
1612 2822 1691 2852 Deest
1703 2821 1732 2849 ὲν
1747 2821 1776 2848 in

1023 2867 1030 2885 Ι
1047 2878 1053 2886 ο

988 2864 1053 2887 εαιι.
