2013 3134
265 165 299 193 75
846 166 874 194 S.
895 164 1058 195 GREGORJI
1078 164 1252 194 THEOLOGI

1809 167 1862 195 4⁸16

245 224 273 251 in
294 222 360 250 alios
377 229 487 257 quoque
512 221 612 250 bonum
648 222 698 250 hoc
735 223 874 251 redundet.
909 224 966 258 Quo
987 224 1013 251 in
1033 231 1144 252 numero
1158 224 1262 251 utinam
1275 223 1331 258 ipse
1356 222 1481 255 collocer,
1506 229 1536 250 ac
1559 230 1581 250 SI
1613 222 1657 258 qui
1675 230 1782 251 mecum
1805 223 1862 251 lau-

244 269 327 296 dibilt
347 268 468 295 audacia.
484 267 599 302 praediti,
613 272 639 294 et
652 267 722 302 piam
738 269 886 296 doctrinatn
902 270 1021 304 proﬁteri
1041 277 1093 297 non
1109 269 1250 296 verentur!

280 314 338 342 XV.
355 315 443 348 Atque
457 321 539 340 umtm
555 312 677 348 quidem,
693 313 771 348 idque
788 315 878 345 breve.
899 315 1028 343 doctrinae

1116 315 1166 341 lE'.
1189 313 1237 340 Ἓν
1248 314 1296 349 μὲν
1307 312 1351 341 οὖν
1363 315 1409 341 καὶ
1423 314 1552 350 σύντομον
1567 315 1736 351 πρόγραμμα
1746 315 1793 342 τοῦ
1803 317 1864 343 καθ’

242 367 342 388 nostra:
354 363 551 394 argumentum,
574 366 605 385 ac
624 357 695 385 velut
727 359 753 385 in
779 359 902 387 columna
927 361 1028 388 inscul-

243 413 330 441 ptum,
343 405 522 439 omnibusque
549 409 652 437 notum,
679 409 719 433 est
740 405 784 432 hic
812 405 935 440 populus,
959 406 1027 434 adeo

244 459 325 479 verus
337 459 370 478 ac
393 452 517 478 sincerus
536 450 678 478 Trinitatis
703 451 841 484 adorator,
867 456 896 479 ut
920 452 952 479 ab
976 452 1027 480 hac

244 498 334 532 potius
348 497 404 524 vita
422 497 511 524 divelli
537 504 566 524 se
585 504 714 531 passurus
734 497 781 528 sit,
802 504 882 532 quam
897 502 926 524 ut
943 498 1025 526 trium

244 545 342 571 hortnn
351 543 452 578 aliquid
465 551 480 570 a
495 543 636 570 divinitate
649 542 786 577 disiungat
800 565 805 570 .
822 545 914 572 eadem
933 551 1027 571 omnes

244 589 306 616 ﬁdei
324 588 459 616 sententia
481 588 597 622 praediti,
612 589 707 615 eodem
723 588 780 615 zelo
795 588 951 623 ﬂagrantes,
973 598 1024 616 una

242 640 271 662 et
285 635 379 662 eadem
397 634 457 661 ﬁdei
475 634 608 665 doctrina.
634 638 661 661 et
684 634 753 662 inter
768 642 806 666 se,
832 640 859 662 et
874 635 1025 667 nobiscum,

244 685 273 708 et
285 687 346 707 cum
361 679 494 706 Triuitate
514 679 648 712 conjuncti
660 685 741 715 atque
755 683 879 708 connexi.
891 681 925 709 Ut
936 686 1026 708 autem

245 728 322 755 brevi
339 727 444 762 singula
458 735 626 762 percurram,
637 734 707 762 quou
718 728 843 763 principii
858 734 957 762 expers
972 732 1024 759 est,

242 778 271 800 et
287 774 460 808 principium,
477 778 503 801 et
518 774 542 800 id
563 774 633 807 quod
655 781 714 800 cum
730 773 863 807 principio
885 777 935 803 est,
957 780 1026 799 unus

243 823 286 845 est
303 818 384 845 Deus.
403 818 456 845 Nec
482 825 555 849 vero,
576 817 708 852 principio
731 825 834 851 carere,
854 817 911 851 ejus
924 836 931 848 ,
956 818 1025 851 quod

245 864 378 899 principio
400 868 485 896 caret,
505 870 600 891 natura
619 869 682 896 est;
707 868 752 890 aut
772 864 854 890 etiant
877 863 1025 898 ingenitum

243 916 313 937 esse.
341 909 445 937 Nullius
466 910 537 937 enim
559 910 597 936 rei
621 915 718 937 natura
742 917 775 936 ex
797 917 829 936 eo
863 909 1026 940 declaratur,

244 956 316 990 quod
327 956 461 988 dicamus,
475 957 539 990 quid
562 963 614 983 non
631 957 675 989 sit,
693 956 739 982 sed
754 956 817 990 quid
834 956 878 982 sit.
892 955 939 982 Est
955 955 1026 981 enim

244 1001 318 1034 ejus,
335 1002 405 1036 quod
419 1007 471 1033 est,
489 1002 605 1036 positio;
627 1009 679 1028 non
696 1006 785 1028 autem
801 1001 870 1036 ejus,
889 1000 959 1034 quod
973 1008 1026 1027 non

244 1050 298 1078 est,
312 1046 445 1074 sublatio:
462 1054 511 1074 nec
528 1047 701 1082 principium,
719 1054 751 1074 eo
770 1047 842 1082 quod
866 1046 1027 1081 principium

245 1096 300 1124 est,
314 1093 348 1119 ab
367 1099 412 1124 eo,
433 1093 504 1127 quod
532 1093 664 1127 principio
688 1098 773 1126 caret,
799 1092 953 1125 dirimitur;
975 1099 1028 1119 non

245 1137 317 1164 enim
341 1138 504 1172 principium
524 1138 573 1173 ipsi
597 1142 693 1164 natura
714 1143 774 1170 est,
802 1137 1028 1172 quemadmodum

245 1190 296 1210 nec
318 1183 448 1217 illi,quod
464 1184 590 1218 principii
621 1191 718 1218 expers
745 1183 789 1211 sit.
809 1183 888 1210 Circa
906 1186 1029 1210 naturam

245 1229 317 1256 enim
343 1230 400 1258 hmo
425 1231 644 1262 considerantur,
673 1238 726 1258 non
746 1234 836 1256 autem
859 1233 955 1256 natura
973 1229 1030 1263 ipsa

246 1280 319 1302 sunt.
337 1274 435 1303 Eodem
451 1276 575 1308 modoid,
592 1277 662 1309 quod
688 1283 749 1303 cum
773 1275 897 1309 principii
910 1279 1029 1309 experte,

248 1325 276 1347 et
291 1328 352 1348 cum
366 1321 496 1356 principio
508 1326 558 1354 est,
574 1321 640 1347 nihil
657 1321 768 1348 omnino
789 1325 831 1347 est
848 1319 933 1350 aliud,
948 1325 1030 1353 quam

247 1365 318 1398 quod
334 1364 388 1391 illa.
406 1365 507 1392 Nomen
532 1371 621 1393 autem
647 1365 773 1400 principii
795 1364 909 1399 experti,
929 1363 1027 1391 Pater:

247 1410 389 1444 principio,
415 1410 515 1438 Filius:
535 1412 558 1438 ei
590 1416 690 1443 autem,
715 1411 785 1445 quod
814 1417 875 1437 cum
897 1410 1030 1444 principio

248 1459 300 1488 est,
325 1455 442 1490 Spiritus
456 1461 576 1484 sanctus.
594 1456 652 1483 Una
667 1459 757 1482 autem
774 1456 816 1482 his
836 1456 921 1482 tribus
933 1459 1028 1482 natura

1081 361 1153 395 ἡμᾶς
1164 360 1253 394 λόγου,
1275 361 1322 387 καὶ
1344 357 1399 387 οἷον
1427 361 1612 396 στηλογραφία
1628 370 1668 392 τις
1682 362 1749 388 πᾶσι
1765 362 1864 397 γνώρι-

1082 415 1141 441 μος,
1161 406 1174 432 ὁ
1189 405 1252 436 λαὸς
1271 402 1357 438 οὗτος,
1379 406 1488 441 γνήσιος
1503 406 1540 432 ὢν
1551 407 1599 441 τῆς
1613 407 1728 443 Τριάδος
1743 416 1863 442 προσκυ-

1081 451 1173 486 νητὴς,
1188 451 1226 482 ὡς
1240 450 1336 477 Θᾶττον
1347 451 1378 478 ἄν
1390 460 1449 477 τινα
1456 451 1644 487 διαζευχθῆναι
1656 452 1706 488 τῆς
1719 451 1792 487 ζωῆς
1804 452 1864 478 ταύ-

1079 506 1138 532 της,
1157 497 1174 531 ἡ
1201 505 1226 522 τι
1248 496 1301 522 τῶν
1323 496 1406 532 τριῶν
1429 497 1458 524 ἓν
1480 497 1615 530 διαζεῦξαι
1642 498 1690 533 τῆς
1714 498 1840 533 θεότητος
1854 518 1863 530 ,

1081 543 1243 577 σύμφρονες,
1271 541 1396 577 ὁμόζηλοι
1415 541 1481 578 (17),
1507 543 1547 569 ἑνὶ
1568 543 1638 578 λόγῳ
1655 544 1723 579 πρός
1735 552 1765 570 τε
1783 544 1865 580 ἀλλή-

1079 589 1142 620 λους
1158 589 1204 615 καὶ
1222 588 1290 624 πρὸς
1305 589 1388 624 ἡμᾶς,
1402 589 1449 615 καὶ
1466 589 1515 624 τὴν
1536 589 1637 625 Τριάδα
1660 590 1840 625 κρατούμενοι
1856 599 1863 605 ·

1080 635 1113 661 τὰ
1120 635 1148 662 δὲ
1157 635 1348 667 καθ’ἒκαστον,
1359 635 1392 661 ἶν’
1403 634 1664 670 ὲπέλθωβυντόμως,
1672 636 1789 671 ἄναρχον
1798 636 1863 671 (18),

1081 682 1128 707 καὶ
1139 681 1221 717 ἁρχὴ,
1238 681 1284 707 κα)⁸
1300 682 1330 707 τὸ
1344 681 1412 716 μετὰ
1427 681 1475 716 τῆς
1489 679 1633 716 ἁρχῆς,εἷς
1645 681 1720 713 Θεός.
1737 682 1806 708 Οὔτε
1819 682 1865 708 τοῦ

1080 727 1199 762 ἁνάρχου
1219 727 1249 753 τὸ
1265 727 1381 762 ἄναρχον
1393 727 1482 761 φύσις,
1500 727 1516 762 ἢ
1531 727 1561 753 τὸ
1573 727 1718 762 ἀγέννητον
1728 736 1734 742 ·
1753 728 1866 763 οὐδεμία

1080 772 1134 807 γὰρ
1154 771 1235 806 φύσις
1245 772 1259 798 ὃ
1276 780 1303 798 τι
1321 771 1358 806 μὴ
1373 771 1433 798 τόδε
1448 772 1532 804 ἐστὶν,
1544 771 1602 798 ἀλλ’
1615 772 1630 798 ὅ
1645 781 1671 798 τι
1683 771 1752 798 τόδε.
1776 773 1808 798 'H
1819 772 1865 799 τοῦ

1064 843 1068 846 .
1082 818 1156 849 bino;
1173 817 1256 849 θέσις,
1274 817 1334 852 οὐχ).
1356 816 1403 843 τοῦ
1421 817 1477 852 (19)
1496 817 1532 853 μὴ
1549 817 1623 849 ὄντος
1635 817 1784 852 ἀναίρεσις.
1797 817 1866 844 Οὔτε

1082 863 1098 898 ἡ
1111 862 1192 898 ἀρχὴ,
1206 862 1245 898 τῷ
1260 862 1332 898 ἀρχὴ
1349 859 1430 895 εἶναι,
1448 862 1494 889 τοῦ
1507 863 1623 898 ἁνάρχου
1637 864 1692 898 (20)
1707 863 1866 898 διείργεται.

1080 908 1117 935 Οὺ
1134 901 1186 943 γᾶρ
1215 908 1296 943 φύσις
1321 908 1398 943 αὐτῷ
1419 909 1435 943 ἡ
1450 908 1532 944 ἀρχὴ,
1546 908 1638 943 ὥσπερ
1654 908 1707 934 οὐδ’
1726 909 1822 944 ἐκείνῳ
1835 909 1868 935 τὸ

1081 954 1207 990 ἄναρχον.
1231 954 1298 989 Περὶ
1317 953 1371 989 γὰρ
1383 954 1433 988 τὴν
1452 954 1531 988 φύσιν
1546 954 1612 989 (⁸21),
1624 954 1653 980 οὐ
1668 954 1755 980 ταῦτα
1775 955 1866 989 φύσις.

1044 993 1064 1019 Β
1080 999 1135 1025 Καὶ
1149 999 1179 1025 τὸ
1195 999 1264 1034 μετὰ
1277 1000 1323 1026 τοῦ
1337 1000 1464 1034 ἀνάρχου,
1487 999 1534 1026 καὶ
1548 1000 1598 1034 τῆς
1611 1000 1706 1034 ἀρχῆς,
1728 1000 1779 1026 οὐκ
1805 1000 1869 1027 ἄλλο

1080 1053 1119 1076 τι,
1139 1045 1154 1079 ἦ
1172 1045 1240 1080 ὅπερ
1252 1046 1355 1072 ἐκεῖνα.
1372 1045 1478 1081 Ὀνομα
1496 1045 1534 1078 δὲ,
1554 1045 1593 1081 τῷ
1611 1046 1659 1080 μὲν
1675 1045 1796 1081 ἀνάρχῳ,
1813 1047 1869 1072 Πα-

1079 1091 1148 1125 τήρ·
1162 1092 1194 1126 τῇ
1213 1091 1241 1117 δὲ
1260 1091 1342 1126 ἀρχῇ,
1361 1091 1440 1123 Υἱός·
1457 1091 1496 1126 τῷ
1507 1091 1535 1118 δὲ
1549 1091 1603 1127 (22)
1621 1091 1691 1127 μετὰ
1704 1092 1754 1126 τῆς
1770 1092 1867 1127 ἀρχῆς,

1081 1135 1193 1171 Πνεῦμα
1210 1136 1296 1171 ἅγιον.
1313 1137 1394 1168 Φύσις
1421 1136 1449 1163 δὲ
1466 1139 1521 1169 τοῖς
1537 1137 1611 1173 τρισὶ
1627 1138 1686 1172 μία,
1705 1137 1772 1168 Sed;
1799 1138 1866 1172 (23).

1081 1182 1197 1214 Ἐνωσις
1208 1183 1246 1214 δὲ,
1261 1183 1275 1208 ὀ
1290 1183 1395 1219 Πατὴρ,
1415 1183 1444 1217 ἐξ
1458 1180 1500 1215 οὗ,
1512 1185 1560 1210 καὶ
1572 1184 1640 1220 πρὸς
1649 1184 1677 1210 ὃν
1692 1185 1822 1218 ἀνάγεται
1834 1185 1870 1211 τὰ

1081 1227 1159 1262 ἑξῆς·
1175 1228 1223 1262 οὐχ
1238 1228 1276 1260 ὼς
1303 1229 1521 1263 συναλείφεσθαι,
1540 1229 1596 1256 ἀλλ’
1612 1229 1649 1261 ὡς
1663 1230 1785 1265 ἔχεσθαι,
1800 1230 1869 1265 μήτε

1081 1273 1176 1308 χρόνου
1194 1273 1367 1309 διείργοντος,
1383 1275 1450 1309 μήτε
1461 1275 1619 1310 θελήματος,
1635 1277 1701 1311 μήτε
1715 1276 1869 1311 δυνάμεως.

1081 1319 1173 1346 Ταῦτα
1197 1320 1250 1356 γὰρ
1267 1322 1340 1356 ἡμᾶς
1360 1321 1444 1348 πολλὰ
1461 1319 1529 1348 εἶναι
1560 1322 1718 1357 πεποίηκεν,
1739 1322 1822 1348 αὑτοῦ
1838 1330 1870 1348 τε

1082 1365 1195 1391 ἑκάστου
1208 1366 1276 1401 πρὸς
1291 1367 1381 1399 ἑαυτὸ,
1400 1368 1447 1394 καὶ
1469 1368 1537 1403 πρὸς
1551 1368 1580 1394 τὸ
1601 1368 1693 1403 ἕτερον
1711 1368 1871 1400 στασιάζον-

1080 1419 1135 1442 τος.
1153 1409 1201 1442 Οἷς
1217 1412 1245 1438 δὲ
1258 1413 1334 1448 ἁπλῆ
1348 1409 1429 1447 φύσις
1451 1414 1498 1440 καὶ
1515 1413 1544 1440 τὸ
1559 1412 1628 1441 εῖναι
1638 1414 1745 1442 ταυτὸν.
1764 1413 1870 1445 τούτοις

1079 1457 1125 1482 καὶ
1140 1457 1170 1482 τὸ
1182 1457 1210 1483 ἓν
1227 1457 1329 1493 κύριον.

250 1502 319 1529 Deus
330 1507 382 1530 est.
403 1503 471 1530 Unio
488 1510 554 1531 vero
566 1508 608 1530 est
629 1502 718 1536 Pater,
732 1510 765 1529 ex
777 1509 841 1537 quo,
875 1506 902 1529 et
936 1502 968 1528 ad
985 1509 1063 1536 quem
1084 1510 1126 1535 ea,
1151 1512 1210 1538 qua:
1235 1505 1361 1540 deinceps
1384 1510 1544 1540 sequuntur,
1565 1505 1735 1539 referuntur,
1767 1513 1818 1533 non
1839 1509 1870 1532 ut

248 1547 448 1574 confundantur
456 1556 487 1575 ac
503 1550 725 1583 permisceantur,
745 1548 793 1576 sed
809 1552 838 1574 ut
854 1548 1024 1581 cohaereant;
1049 1553 1144 1584 utpote
1158 1557 1228 1584 qum,
1246 1558 1295 1577 ncc
1311 1556 1440 1587 tempore,
1457 1560 1508 1580 nec
1519 1552 1665 1584 voluntate,
1684 1560 1735 1580 nec
1775 1558 1869 1586 poten-

251 1594 287 1620 tia
302 1600 479 1621 secernantur
503 1601 534 1620 ac
557 1594 768 1629 distinguantur.
801 1593 863 1621 Haec
887 1593 958 1620 enim
987 1593 1050 1625 tria,
1090 1599 1120 1621 ut
1147 1595 1229 1622 multa
1258 1596 1352 1629 simus,
1378 1596 1546 1629 eﬂ‘ecerunt,
1573 1597 1685 1632 singulis
1710 1604 1817 1632 nempe,
1842 1603 1870 1624 et

249 1646 354 1672 secum,
370 1644 398 1667 et
422 1647 482 1667 cum
508 1639 585 1672 aliis,
606 1639 809 1667 dissidentibus.
831 1639 866 1666 At
879 1637 977 1674 quibus
992 1643 1019 1666 et
1038 1638 1151 1674 simplex
1183 1645 1290 1673 natura,
1324 1647 1351 1669 et
1371 1641 1466 1669 eadem
1486 1642 1603 1670 essentia
1630 1647 1682 1676 est,
1701 1643 1744 1670 his
1760 1644 1871 1678 proprie

249 1693 356 1720 quoque
372 1686 449 1712 unius
461 1693 511 1712 vox
526 1686 662 1712 convenit.

284 1731 366 1766 759
380 1730 446 1758 XVI.
473 1731 512 1758 Ac
528 1732 709 1760 contentiosas
734 1732 841 1766 quidem
862 1737 890 1760 et
912 1733 1031 1768 pertina-
1044 1734 1065 1764 C

249 1786 296 1806 ces
313 1778 372 1804 ﬁdei
389 1777 415 1804 in
428 1777 584 1803 alterutram
606 1782 710 1812 partem
727 1777 892 1806 deﬁexiones
920 1783 947 1806 et
958 1787 1032 1806 com-

249 1822 422 1858 pensationes
450 1822 540 1849 valere
565 1822 709 1854 sinamus;
742 1831 791 1850 nec
814 1831 862 1856 per
885 1832 980 1856 unum,
1004 1830 1033 1853 ut

250 1867 396 1898 Sabellius,
420 1867 470 1893 tria
495 1866 688 1899 convellentes,
709 1872 737 1894 et
759 1874 807 1901 per
819 1867 947 1894 nefariam
965 1875 1030 1896 con-

251 1913 424 1943 tractionem,
453 1912 612 1939 divisionem
639 1912 779 1944 tollentes;
798 1920 847 1939 nec
871 1920 966 1940 rursus
984 1921 1032 1948 per

251 1959 314 1991 tria,
325 1959 382 1985 Arii
400 1959 496 1990 instar,
510 1966 592 1985 unttm
605 1962 804 1993 oppugnantes,
826 1966 858 1985 ac
876 1966 924 1992 per
937 1959 1036 1993 impro-

251 2005 311 2033 bam
325 2005 498 2036 divisionem,
524 2012 606 2032 unum
628 2008 794 2032 evertentes.
813 2004 906 2039 Neque
922 2005 1035 2035 enimjd

252 2060 267 2079 a
284 2052 362 2079 nobis
372 2053 511 2087 qumritur,
525 2056 554 2079 ut
567 2052 667 2079 malum
684 2052 755 2080 malo
773 2057 970 2086 permutemus,
988 2052 1036 2080 sed

252 2102 283 2124 ut
298 2105 313 2123 a
330 2097 399 2124 bono
412 2097 523 2124 minime
539 2097 705 2124 aberremus.
724 2097 791 2123 Nam
802 2095 921 2132 profecto
937 2097 1035 2124 diaboli

254 2143 308 2170 ludi
326 2143 382 2170 haec
398 2148 471 2175 sunt,
486 2143 638 2177 perniciose
660 2150 702 2170 res
723 2147 832 2170 nostras
846 2142 1034 2177 ponderantis.

253 2188 307 2216 Nos
333 2195 398 2216 vero
421 2188 508 2215 media
538 2192 565 2215 et
587 2188 661 2222 regia
686 2188 842 2215 incedentes
868 2188 922 2220 via,
940 2188 966 2214 in
984 2195 1035 2222 qua

254 2235 366 2262 virtutes
383 2242 501 2269 quoque,
514 2239 542 2262 ut
558 2235 658 2262 harum
677 2234 771 2268 peritis
780 2234 878 2268 placet,
896 2234 953 2261 sitat
963 2238 1035 2268 sunt,

253 2278 390 2306 credimus
424 2279 450 2306 in
473 2278 592 2312 Patrem,
611 2283 638 2306 et
656 2278 763 2310 Filium,
783 2284 810 2306 et
831 2278 960 2313 Spiritum
978 2287 1037 2307 san-

1121 1734 1180 1767 ις’.
1197 1732 1252 1763 Τὰς
1269 1731 1319 1767 μὲν
1331 1729 1377 1759 οὖν
1390 1731 1555 1766 φιλονείκους
1570 1733 1615 1759 ἐπὶ
1627 1732 1728 1768 θάτερα
1743 1733 1870 1767 μετακλί-

1087 1789 1142 1811 σεις
1157 1779 1203 1805 τοῦ
1217 1778 1296 1812 λόγου
1312 1778 1357 1804 καὶ
1374 1777 1570 1813 ἀντισηκῶσεις
1584 1777 1651 1813 (9.4),
1664 1779 1771 1814 χαίρειν
1785 1779 1871 1806 ἐάσω-

1087 1835 1145 1862 μεν-
1158 1825 1220 1852 οὔτε
1231 1825 1269 1860 τῷ
1281 1825 1321 1852 ὲν).
1335 1824 1540 1856 Σαϐελλίςοντες
1553 1824 1623 1851 κατὰ
1644 1825 1698 1851 τῶν
1714 1825 1808 1860 τριῶν,
1823 1825 1870 1851 καὶ

1086 1872 1240 1908 συναιρέσει
1252 1872 1322 1906 κακῇ
1335 1871 1384 1906 τὴν
1395 1871 1525 1906 διαίρεσιν
1535 1870 1653 1902 λύοντες·
1666 1870 1731 1897 οὒτε
1741 1872 1797 1903 τοῖς
1810 1880 1869 1906 τρι-

1086 1917 1127 1943 σὶν
1144 1916 1354 1952 Ἀρειανίζοντες
1369 1915 1438 1942 κατὰ
1450 1915 1497 1942 τοῦ
1512 1916 1580 1947 ἑνὸς,
1594 1915 1640 1942 καὶ
1654 1917 1761 1952 πονηρᾷ
1771 1916 1871 1951 διαιρέ-

1086 1971 1126 1988 σει
1139 1962 1168 1988 τδ
1181 1962 1210 1988 ἒν
1225 1962 1425 1997 ἀνατρέποντες
1441 1961 1507 1996 (25).
1522 1961 1560 1987 Οὐ
1573 1961 1626 1996 γὰρ
1641 1961 1726 1987 κακοῦ
1742 1961 1774 1987 τὸ
1788 1961 1870 1987 κακὸν

1084 2007 1250 2040 ἀλλάξασθαι
1265 2008 1295 2034 τὸ
1311 2007 1487 2043 ζητούμενον,
1507 2007 1576 2034 ἀλλὰ
1596 2007 1642 2034 τοῦ
1657 2007 1741 2034 καλοῦ
1757 2008 1794 2043 μὴ
1815 2007 1871 2034 δια-

1086 2055 1208 2089 μαρτεῖν.
1227 2054 1271 2085 Ὠς
1287 2053 1374 2080 ταῦτα
1395 2062 1427 2088 γε
1442 2053 1489 2080 τοῦ
1505 2052 1622 2089 πονηροῦ
1637 2053 1762 2088 παίγνια,
1779 2053 1870 2084 κακῶς

1085 2099 1119 2125 τὰ
1134 2099 1255 2136 ἡμέτερα
1267 2099 1488 2131 ταλαντεὺοντος.
1499 2099 1579 2126 Αὐτοὶ
1591 2099 1619 2125 δὲ
1628 2099 1676 2135 τὴν
1693 2099 1780 2135 μέσην
1800 2099 1870 2135 βαδί-

1085 2145 1178 2177 ζοντες
1191 2146 1238 2171 καὶ
1252 2145 1403 2181 βασιλικὴν,
1422 2147 1451 2172 ὲν
1469 2142 1490 2180 ᾧ
1503 2145 1550 2172 καὶ
1566 2146 1595 2172 τὸ
1610 2145 1663 2172 τῶν
1676 2145 1782 2181 ἀρετῶν
1793 2146 1870 2180 ἔστην

1085 2198 1142 2222 κεν,
1155 2190 1192 2222 ὡς
1208 2190 1280 2217 δοκεῖ
1293 2193 1348 2223 τοῖς
1360 2191 1446 2218 ταῦτα
1462 2191 1518 2226 (26)
1534 2191 1639 2223 δεινοῖς,
1654 2191 1817 2226 πιστεύομεν
1831 2192 1870 2222 εἰς

1086 2236 1205 2272 Πατέρα,
1231 2237 1277 2263 καὶ
1293 2237 1366 2269 Υῐὸν,
1389 2237 1435 2264 καὶ
1452 2237 1564 2272 Πνεῦμα
1590 2237 1676 2271 ἅγιον,
1695 2237 1826 2272 ὁμοούσιά
1840 2245 1869 2262 τε

1087 2282 1134 2309 καὶ
1154 2282 1283 2318 ὁμόδοξοι·
1300 2283 1329 2309 ὲν
1341 2281 1380 2315 οἷς
1393 2283 1480 2310 καὶτὸ
1500 2283 1641 2319 βάπτισμα
1661 2283 1710 2318 τὴν
1731 2283 1868 2310 τελείωσιν

289 2344 345 2378 (17)
365 2344 524 2378 Ὀμόζηλοι.
543 2344 587 2371 Sic
608 2344 672 2378 Reg.
694 2345 739 2379 ph,
757 2344 845 2378 plures
865 2345 952 2378 Colb.,
976 2347 1027 2374 duo

1082 2350 1232 2378 divinitas.»

253 2379 342 2417 Cplb.,
356 2378 515 2417 duorCuislt,
528 2384 581 2406 etc.
600 2381 634 2417 lrn_
646 2378 702 2413 ed.,
715 2379 847 2415 ὁμόδοξοι,
862 2381 955 2408 eadem
971 2383 1028 2417 opi-

255 2415 344 2447 nione,
360 2416 416 2447 pari
431 2414 515 2448 gloria
531 2415 646 2448 praediti.

362 2450 516 2486 ᾌνιζρχογ.
529 2449 600 2486 μείς.
616 2451 659 2476 bitt
675 2450 759 2482 addit,
775 2451 821 2476 καὶ
834 2451 931 2486 ἀρχήν.

290 2483 346 2522 (ῳ)
359 2484 432 2522 Oili
447 2484 509 2522 τοῦ..
527 2483 681 2522 chg.jitn,
697 2485 731 2518 plt
749 2486 833 2522 θεον.
847 2483 937 2521 Ξζόὺχ
952 2486 1037 2522 ήτοῦ.

290 2519 346 2553 (20)
367 2519 435 2555 (Τοῦν
449 2518 595 2553 ἀνάρχουῖ
615 2519 668 2555 εἰς
688 2525 743 2547 tres
766 2519 860 2555 Regg.,
885 2518 1037 2555 quihdecim

254 2554 344 2597 Colll‘t:2
358 2554 409 2597 dnuo
423 2554 540 2597 '(Ioisl.et
553 2555 599 2597 ρτ.
616 2555 645 2597 2.,
659 2554 737 2581 Deest
751 2554 836 2597 roﬁi‘iln
852 2556 895 2582 ed.

291 2589 346 2650 (2-1)
361 2589 431 2623 Περὶ
454 2589 508 2624 γὰρ
530 2589 587 2623 τὴν
608 2590 711 2624 φύσιν,
726 2595 779 2618 etc.
795 2590 926 2618 Oliservat
949 2591 1034 2619 schol.

256 2624 293 2664 tio
306 2624 331 2650 Ι).
350 2623 533 2664 ιΛΤΓίιΙιιςίιίχε,
546 2633 555 2650 t
579 2632 667 2664 seu,_t
680 2626 759 2651 trium
776 2626 1034 2664 deorunLcultores,

257 2659 301 2686 hic
323 2666 338 2684 a
360 2657 490 2694 Gregorio
505 2659 666 2694 impugnari,
682 2667 743 2686 cum
767 2660 862 2687 doceat
883 2657 1035 2696 Theologus

259 2700 466 2728 «personarum,
480 2703 489 2720 ι
516 2702 575 2726 seu,
600 2703 608 2719 ι
631 2696 811 2729 hypostasemv
833 2697 1010 2729 proprietates
1025 2706 1034 2722 ι

258 2736 310 2765 [ton
327 2735 387 2756 esse
410 2738 422 2765 ν(
435 2734 573 2762 naturam;
587 2739 595 2754 ι
613 2732 660 2756 sed
683 2731 849 2765 considerari
865 2732 928 2765 περὶ
944 2730 1035 2765 φύσιν,

258 2762 285 2798 id
297 2767 349 2795 cst,
367 2771 376 2789 t
392 2764 461 2791 circa
478 2770 628 2797 naturam,»
648 2771 706 2798 qum
721 2764 777 2798 ipsa
796 2765 872 2791 unica
890 2762 972 2798 estin
987 2766 1036 2793 tri-

259 2797 446 2834 buspersonis
462 2807 494 2827 ac
517 2801 628 2834 proinde
643 2797 822 2826 uinum’l)cum
839 2800 929 2828 eﬁicit.

293 2832 351 2869 (22)
370 2833 412 2866 Τῷ
428 2834 471 2861 δέ.
488 2832 543 2862 Duo
555 2834 636 2869 Begg.
655 2839 681 2861 ct
696 2835 742 2861 υτ.
757 2834 783 2867 2,
797 2834 827 2861 τδ
838 2835 878 2861 δέ.

297 2868 351 2903 (25)
368 2869 449 2902 Θεός.
465 2869 545 2898 Deest
554 2870 581 2898 itt
592 2871 638 2898 Ur.
650 2870 676 2898 2.
689 2869 782 2904 Gabr},
791 2870 838 2905 μία
850 2870 953 2906 θεότηςι
965 2880 974 2898 ί
986 2879 1036 2900 ιιιιὲ

1122 2383 1186 2421 (2η
1196 2387 1435 2420 Ἀντισηκώσεις.
1449 2386 1534 2414 Nicet.
1549 2395 1554 2412 :
1567 2386 1687 2422 πονηρὰς
1697 2386 1866 2422 διορθώσεις·

1091 2430 1100 2446 ί
1115 2421 1229 2449 inversis
1254 2422 1330 2456 quasi
1358 2423 1551 2456 ponderibus,»
1571 2427 1600 2449 ut
1625 2423 1655 2448 lit
1676 2423 1703 2449 in
1728 2421 1866 2454 lancibus;

1092 2465 1100 2480 ι
1117 2456 1276 2483 librationes
1289 2465 1298 2482 ι
1328 2457 1454 2483 nimirum
1467 2456 1648 2484 Sabellianam
1667 2457 1737 2484 inter
1752 2457 1867 2484 etArie-

1089 2497 1149 2517 nam
1163 2491 1338 2526 impietatem.
1354 2491 1501 2526 Gregorius
1512 2492 1555 2519 hic
1570 2492 1695 2518 admonet
1708 2494 1868 2523 cavendum,

1087 2533 1130 2556 ne,
1147 2526 1172 2552 in
1189 2527 1429 2561 disceptationibus
1443 2527 1516 2554 circa
1529 2526 1590 2554 ﬁdei
1606 2527 1742 2561 dogmata,
1755 2527 1798 2554 his
1812 2530 1868 2552 uta-

1085 2567 1147 2620 ρων
1160 2561 1270 2589 vocibus
1294 2565 1322 2588 et
1346 2562 1524 2596 argumentis,
1549 2569 1608 2596 qua:
1634 2562 1758 2589 alterutri
1784 2561 1867 2589 errori

1097 2600 1203 2620 aveant.
1285 2611 1296 2620 .
1380 2610 1384 2614 -

1097 2600 1203 2622 aveant.
1285 2611 1296 2620 ο
1380 2610 1384 2614 -

1120 2629 1177 2667 (25)
1197 2630 1433 2667 Ἀνατρέποντες.
1458 2633 1499 2659 οὐ
1519 2632 1573 2667 γὰρ
1598 2631 1699 2667 κακοῦγ
1716 2631 1749 2658 τὸ
1777 2632 1870 2667 κακὸν

1086 2664 1284 2701 ᾀλλάξησθαιή
1297 2666 1330 2692 τὸ
1346 2664 1534 2701 ζητούμενον)
1554 2664 1634 2694 ἀλλὰ
1647 2666 1701 2692 τοῦ
1720 2666 1815 2693 καλοῦ
1827 2665 1868 2700 μὴ

1086 2699 1266 2735 διαμαρτεῖν.
1290 2701 1337 2734 Ὠς
1353 2699 1456 2734 ταῦτὰ,
1468 2699 1581 2730 ειςζδὶε
1591 2702 1642 2728 duo
1655 2701 1751 2733 Coisl.,
1771 2699 1869 2728 duode-

1086 2735 1138 2762 citn
1152 2737 1237 2767 Colb.,
1256 2736 1354 2771 aliique
1367 2738 1467 2771 plures.
1489 2738 1515 2764 lu
1540 2737 1603 2763 Par.
1618 2736 1662 2763 ed.
1674 2736 1711 2762 ita
1727 2736 1772 2771 hic
1797 2737 1869 2771 locus

1087 2770 1248 2811 deprttvatus
1271 2769 1617 2811 legitur—Lavat'reémwag'
1632 2770 1700 2797 ἀλλὰ
1723 2769 1770 2798 τοῦ
1787 2770 1868 2799 καλοῦ

1085 2805 1116 2832 τὸ
1137 2805 1174 2842 μὴ
1190 2807 1358 2842 διαμαρτεῖν.
1383 2807 1427 2839 Ὦς
1438 2805 1534 2837 ταῦτα.
1551 2812 1602 2833 etc.

1133 2815 1174 2868 ξιτ)
1190 2815 1358 2842 οιαμαρτειν.
1391 2815 1427 2839 υς
1438 2815 1534 2837 ταυτα.
1551 2815 1602 2833 CIC.
1667 2840 1679 2845 _

1122 2843 1130 2876 (
1151 2842 1177 2875 6)
1198 2843 1301 2869 Ταῦτα.
1319 2843 1347 2871 In
1363 2843 1533 2877 quibusdam,
1551 2841 1614 2876 περὶ
1629 2849 1727 2869 ταυτα.
