2013 3134
156 164 207 192 4⁵17

649 164 778 194 ORATIO
798 167 875 195 XLII.
897 184 930 188 —
951 168 1143 197 SUPREMUM
1163 169 1263 196 VALE.

1719 171 1773 202 U8

157 222 225 256 ἔχει,
242 219 271 247 έν
282 228 312 246 τε
326 219 439 255 ὀνόμασι
450 219 496 246 καὶ
507 219 665 255 πράγμασιν
680 219 764 256 (οἶδας
775 223 788 248 ὁ
804 223 939 258 μυηθείς)·

996 229 1078 255 ctum,
1094 225 1214 259 ejusdem
1237 223 1394 251 substantiae
1421 228 1448 251 et
1467 224 1578 259 gloriae;
1596 226 1621 253 in
1638 227 1733 261 quibus
1746 233 1773 256 et

157 270 271 305 ἄρνησις
286 267 317 295 ὂν
328 268 432 301 ἀθεῖας,
452 268 499 294 καὶ
517 268 646 303 ὁμολογία
665 268 801 304 Θεότητος,
815 270 862 296 καὶ
872 269 941 296 οὕτω

159 314 378 351 καταρτιζόμεθα
386 323 393 329 ·
408 314 438 340 τὸ
450 314 497 349 μὲν
506 314 544 347 ἓν,
557 316 590 349 τῇ
604 314 682 350 οὐσίᾳ
694 315 883 349 γινώσκοντες,
895 316 942 341 καὶ

158 360 197 395 τῷ
211 360 352 396 ἀμερίστῳ
381 360 429 395 τῆς
446 360 673 395 προσκυνήσεως·
693 360 727 387 τὰ
746 360 775 386 δὲ
790 361 863 396 τρία,
883 362 942 392 ταῖς

159 406 351 438 ὑποστάσεσιν,
363 405 452 432 εῖτουφ
469 405 635 441 προσώποις,
655 406 670 432 ὃ
684 414 739 432 τισι
764 406 850 441 φίλον.
866 407 941 442 Μηδὲ

159 452 214 487 γὰρ
230 452 255 478 οἱ
271 452 335 486 περὶ
356 451 442 477 ταῦτα
459 450 676 486 ζυγομαχοῦντες
692 452 940 487 ἁσχημονείτωσαν,

158 498 253 533 ὥσπερ
264 498 293 524 ὲν
313 497 368 532 (27)
382 497 631 533 ὀνόμασικειμένης
646 498 712 533 ἡμῖν
727 498 775 533 τῆς
790 498 940 529 εὐσεϐείας,

158 544 217 571 ἀλλ’
234 543 284 570 οὐκ
305 544 334 570 ὲν
358 543 513 579 πράγμασι.
542 543 574 569 Τί
601 543 655 579 γάρ
683 552 751 578 φατε
768 544 790 570 oi
807 543 854 575 τὰς
868 544 941 579 τρεῖς

159 589 321 621 ὑποστάσεις
334 589 521 624 είσφέροντες;
537 589 574 625 μὴ
587 590 663 625 τρεῖς
674 589 767 621 οὐσίας
786 589 942 624 ὑπολαμϐά-

157 644 249 667 νοντες
271 635 349 662 τοῦτο
370 635 463 669 λέγετε
486 635 564 669 (28);
588 634 668 669 Μέγα
689 632 747 666 οἷδ’,
765 635 805 661 ὅτι
832 634 941 670 βοήσετε

157 681 229 708 κατὰ
255 680 310 707 τῶν
336 679 422 711 οὕτως
448 679 636 715 ὑπειληφότων
651 679 716 714 (29).
732 680 804 706 Μίαν
824 679 878 714 γὰρ
895 679 941 707 καὶ

157 727 207 762 τὴν
220 725 304 762 αὐτὴν
315 725 370 752 τῶν
385 725 469 760 τριῶν
481 725 666 760 δογματίζετε.
679 725 711 751 Τί
722 724 764 752 δαὶ
780 726 803 751 οἱ
814 725 848 751 τὰ
860 725 942 761 πρόσ-

157 783 240 807 ωπα;
264 775 302 810 μὴ
320 774 360 806 ἓν,
374 770 429 800 οἷόν
456 783 483 800 τι
508 772 643 805 σύνθετον,
670 772 868 804 ἁναπλάσσετε,
894 772 941 799 καὶ

157 819 348 856 τριπρόσωπω
361 819 428 854 (50),
444 817 702 854 ἢάνθρωπόμορφον
719 816 805 850 ὃλως;
822 817 939 851 Ἀπαγε,

159 865 205 891 καὶ
228 864 308 900 ὑμεῖς
332 863 515 898 ἀντιϐοήσετε,
547 862 614 898 μηδὲ
633 861 788 897 πρόσωπον,
805 862 819 888 ὅ
834 862 860 888 τί
876 862 940 888 ποτέ

992 269 1129 302 baptismo
1140 276 1188 296 sua
1205 268 1336 303 perfectio
1355 273 1471 302 constat,
1495 274 1548 296 tam
1567 270 1591 297 in
1607 272 1771 306 nominibus,

992 322 1072 348 quam
1101 315 1127 342 in
1159 316 1238 342 rebus
1260 314 1329 349 (haec
1357 323 1410 342 non
1442 315 1571 350 ignoras,
1600 318 1720 352 quisquis
1741 326 1773 346 eo

992 360 1115 387 initiatus
1130 361 1181 395 es);
1206 361 1305 395 quippe
1325 362 1396 396 quod
1423 363 1568 395 impietatis
1583 363 1724 397 abjuratio,
1745 369 1772 392 ct

992 405 1143 433 divinitatis
1155 406 1290 434 confessio
1301 407 1347 439 sit,
1361 412 1442 441 alque
1458 407 1494 434 ita
1509 408 1677 443 perlicimur;
1691 418 1772 437 unum

992 451 1117 486 quidem,
1151 452 1239 486 quoad
1279 453 1424 479 essentiam
1455 461 1485 480 ac
1514 454 1654 483 divisionis
1687 457 1774 484 omnis

992 502 1130 531 expertem
1159 498 1362 531 adorationem,
1392 499 1551 533 credentes;
1585 501 1635 527 tria
1662 506 1771 534 autem,

991 548 1122 579 quantutn
1141 544 1175 571 ad
1198 544 1365 579 hypostases,
1382 545 1440 571 sive
1457 553 1596 580 personas,
1612 551 1640 573 ut
1654 548 1775 576 nonnulli

993 589 1106 617 malunt.
1124 590 1255 617 Desinant
1269 591 1352 622 enim,
1368 591 1413 625 qui
1431 590 1464 618 de
1475 591 1516 618 his
1532 591 1602 619 inter
1615 600 1644 620 se
1661 597 1773 621 conten-

992 635 1068 666 dunt.
1083 635 1209 670 ineptire,
1229 636 1342 670 perinde
1361 643 1393 663 ac
1417 637 1439 664 si
1454 636 1516 664 ﬁdei
1529 643 1627 665 nostra:
1645 639 1729 673 pietas
1746 639 1773 666 in

992 680 1156 713 nominibus,
1174 689 1227 708 nott
1241 682 1266 708 in
1282 681 1374 714 rebus,
1386 682 1528 710 consistat.
1541 683 1608 716 Quid
1619 683 1690 710 enim
1706 685 1774 712 dici-

992 725 1036 757 tis,
1052 726 1097 759 qui
1123 731 1176 753 trcs
1196 725 1359 761 hypostases
1379 726 1498 754 aﬂ‘ertis?
1515 728 1554 754 An
1569 728 1619 755 hoc
1630 735 1662 756 eo
1675 729 1774 762 dicitis,

992 771 1062 806 quod
1079 775 1136 799 tres
1158 773 1289 799 essentias
1310 773 1493 801 existimetis?
1509 774 1566 802 Non
1582 780 1622 802 est
1638 776 1708 810 apud
1730 784 1773 804 me

993 816 1112 848 dubium,
1132 817 1196 851 quin
1223 818 1352 846 adversus
1378 826 1436 851 eos,
1465 820 1511 854 qui
1544 821 1580 847 ita
1609 821 1774 855 existimant,

994 859 1128 895 ingentem
1152 860 1296 889 clamorem
1310 863 1455 890 excitaturi
1475 864 1544 891 sitis.
1566 863 1650 891 Unam
1663 867 1734 892 enim
1749 870 1776 893 et

157 897 306 942 ὲστινίίδοι
318 908 396 941 Θεοῦ,
413 897 442 940 δέ
456 907 541 939 οὕτως
557 907 623 942 ἔχει.
642 907 674 933 Τί
696 904 742 934 οὖν
754 908 818 942 ἡμῖν
834 908 861 934 at
876 907 941 933 ὑπο-

997 907 1121 934 eamdem
1138 907 1234 934 borum
1261 908 1344 935 trium
1363 909 1506 936 essentiam
1520 911 1694 944 proﬁtemini.
1708 911 1775 944 Quid

157 956 266 988 στάσεις
285 955 435 991 βούλονται,
454 955 471 990 ἦ
493 954 556 989 ὑμῖν
566 954 601 980 τὰ
620 953 676 989 (51)
693 954 842 990 πρόσωπα;
858 962 941 989 προσ-

157 1001 291 1036 ερήσομαι
305 1000 369 1035 γάρ.
384 999 420 1026 Τὸ
431 999 493 1035 τρία
510 996 579 1025 εἶναι
593 997 627 1025 τὰ
644 998 830 1033 διαιρούμενα,
846 998 876 1024 οὺ
891 998 942 1032 φύ-

157 1055 242 1078 σεσιν,
258 1046 316 1073 ἀλλ’
330 1046 466 1080 ἰδιότησιν.
487 1044 638 1080 ’Υπέρευγε
665 1043 731 1079 (52).
751 1044 812 1076 Πῶς
827 1044 858 1071 ἄν
871 1052 943 1076 τινες

158 1093 338 1129 συμφρονοῖεν
349 1092 404 1127 (55)
418 1091 517 1127 μᾶλλον
534 1090 581 1117 καὶ
599 1090 628 1117 τὸ
647 1090 712 1117 αὐτὸ
731 1090 846 1124 λέγοιεν,
863 1089 879 1126 ἢ
895 1089 942 1116 οὖ-

157 1149 210 1172 τως
222 1140 339 1175 ἔχοντες,
351 1138 403 1165 κᾶν
416 1139 476 1169 ταῖς
489 1137 633 1168 συλλαϐαῖς
643 1136 824 1172 διαφέρωσινς
847 1136 943 1173 Ὁρᾶτε

159 1183 216 1218 οἷος
232 1185 288 1219 ἐγὼ
303 1184 465 1220 διαλλακτὴς
479 1183 553 1219 ὑμῖν,
565 1183 634 1220 πρὸς
648 1183 693 1210 τὸν
713 1182 776 1210 νοῦν
794 1182 868 1217 ἄγων
890 1183 943 1209 ἀπὸ

162 1231 209 1258 τοῦ
221 1231 394 1267 γράμματος,
409 1229 502 1265 ὥσπερ
516 1228 566 1264 τὴν
581 1228 703 1256 Παλαιὰν
718 1228 764 1255 καὶ
779 1228 827 1263 τὴν
841 1228 923 1254 Νέαν.

994 959 1052 985 vos,
1071 953 1115 987 qui
1130 960 1261 987 personas
1286 953 1395 981 dicitis?
1415 954 1483 981 Num
1504 963 1595 988 tmutn,
1615 956 1687 983 velut
1698 957 1776 992 quid-

991 998 1053 1025 dam
1077 999 1267 1032 compositum,
1294 1000 1384 1027 animo
1413 1000 1525 1035 ﬁngitis,
1554 1009 1585 1028 ac
1610 1006 1663 1029 tres
1677 1003 1771 1036 facies,

992 1050 1038 1071 aut
1053 1045 1198 1072 humanam
1213 1045 1323 1072 omnino
1337 1044 1452 1073 formam
1477 1047 1598 1074 habens?
1611 1048 1703 1075 Absitl
1726 1049 1776 1083 ipsi

991 1097 1100 1125 quoque
1114 1090 1305 1123 inclamabitis,
1321 1098 1370 1119 nec
1391 1091 1488 1120 faciem
1502 1094 1609 1127 quidem
1623 1094 1681 1127 Dei,
1697 1102 1770 1130 qua:-

994 1143 1100 1171 cunque
1115 1136 1220 1164 tandem
1237 1136 1280 1164 illa
1298 1142 1350 1169 est,
1364 1145 1482 1172 unquam
1499 1138 1543 1166 ille
1559 1139 1658 1173 videat,
1673 1141 1718 1175 qui
1736 1141 1772 1168 ita

992 1181 1086 1208 sentit.
1112 1181 1181 1215 Quid
1199 1182 1291 1216 igitur,
1310 1187 1338 1210 ut
1360 1183 1529 1218 interrogare
1557 1191 1678 1219 pergam,
1697 1186 1774 1213 vobis

994 1227 1150 1263 hypostases
1171 1227 1274 1261 volunt,
1303 1233 1350 1255 aut
1374 1230 1449 1257 vobis
1477 1231 1617 1265 personae?
1637 1230 1769 1258 Nimirum

158 1279 209 1306 tria
245 1285 316 1311 esse,
350 1284 410 1312 quae
430 1277 605 1310 dividantur,
630 1283 683 1303 non
712 1276 825 1308 naturis,
856 1275 904 1303 sed
937 1275 1165 1310 proprietatibus.
1197 1275 1312 1311 Optime.
1336 1277 1377 1303 An
1413 1276 1470 1304 ﬁeri
1496 1280 1593 1310 potest,
1617 1281 1645 1304 ut
1669 1277 1777 1311 quidam

158 1323 244 1358 magis
269 1324 341 1350 inter
364 1329 394 1351 se
418 1324 601 1357 concordent,
631 1329 711 1358 atque
733 1323 803 1350 idem
829 1323 930 1356 dicant,
949 1330 1031 1358 quam
1063 1331 1124 1351 cum
1169 1325 1205 1352 ita
1243 1325 1373 1357 sentiunt,
1400 1324 1506 1352 tametsi
1541 1323 1642 1359 alioqui
1670 1325 1778 1360 syllabis

158 1370 338 1405 discrepent?
353 1369 447 1397 Videte
462 1369 568 1405 qualem
593 1370 667 1397 vobis
695 1369 892 1404 paciﬁcatorem
913 1376 956 1396 me
978 1369 1127 1404 prabeam;
1150 1377 1165 1397 a
1181 1370 1269 1397 littera
1296 1371 1330 1398 ad
1353 1375 1470 1399 mentem
1497 1371 1650 1404 traducens,
1681 1379 1774 1407 quent-

158 1416 303 1444 admodum
327 1415 350 1443 si
374 1415 435 1450 quis
463 1414 545 1443 Vetus
565 1415 768 1443 Testamentum
787 1419 815 1442 et
833 1414 936 1442 Novum
956 1420 1099 1449 componat
1115 1420 1142 1442 et
1154 1416 1286 1443 conciliet.

193 1475 244 1501 IZ’.
266 1472 335 1499 Ἀλλ’
351 1472 492 1498 ἐπανιτέον
509 1480 554 1507 μοι
566 1471 646 1498 πάλιν
659 1471 726 1506 πρὸς
737 1470 792 1506 (54)
805 1471 851 1497 τὸν
863 1470 943 1496 αὑτὸν

1033 1471 1114 1506 760
1141 1470 1219 1498 XVII.
1251 1471 1304 1499 Sed
1332 1478 1384 1504 eo,
1414 1472 1484 1499 unde
1521 1472 1634 1506 digressi
1663 1480 1776 1506 sumus.

159 1521 248 1555 λόγον.
267 1519 305 1546 Τὸ
320 1519 369 1554 μὲν
384 1515 431 1544 οὖν
446 1517 604 1552 ἀγέννητον,
621 1517 669 1543 καὶ
695 1517 725 1542 τὸ
744 1516 882 1552 γεννητὸν,
898 1516 945 1543 καὶ

159 1567 189 1593 τὸ
200 1563 363 1600 ἐκπορευτὸν
375 1562 497 1597 λεγέσθω
521 1571 552 1589 τε
567 1561 614 1600 καὶ
633 1561 756 1594 νοείσθω,
773 1561 799 1588 εῐ
816 1571 854 1597 τῳ
871 1561 945 1596 φίλον

159 1611 335 1647 δημιουργεῖν
353 1609 490 1644 ὀνόματα·
517 1608 548 1634 οὐ
576 1607 629 1642 γὰρ
653 1607 793 1643 δείσομεν,
819 1608 856 1643 μή
881 1616 945 1634 ποτε

160 1657 254 1692 νοῆται
272 1655 327 1691 (55)
346 1654 510 1690 σωματικῶς
524 1653 558 1680 τὰ
582 1653 715 1688 ἀσώματα
729 1652 802 1689 (56),
818 1653 886 1689 ὅπερ
902 1653 945 1680 δο-

161 1703 205 1729 κεῖ
219 1702 276 1733 τοῖς
290 1700 538 1737 ὲπηρεασταῖς(57)
552 1699 688 1736 θεότητος.
703 1699 814 1735 Κτίσμα
823 1699 862 1732 δὲ,
878 1699 945 1726 Θεοῦ

163 1749 212 1784 μὲν
234 1747 371 1782 λεγέσθω·
389 1746 462 1782 μέγα
478 1746 532 1781 γὰρ
554 1746 619 1781 ἡμῖν
639 1744 686 1772 καὶ
707 1744 801 1771 τοῦτο·
819 1745 884 1776 Θεὸς
900 1745 944 1778 δὲ,

164 1794 305 1830 μηδαμῶς.
325 1794 361 1820 Ἦ
376 1793 436 1820 τότε
451 1792 561 1828 δέξομαι
577 1792 681 1827 κτίσμα
698 1789 767 1818 εἴναι
786 1792 862 1824 Θεὸν,
883 1793 946 1819 ὅταν

162 1840 240 1874 κάγὼ
254 1840 376 1875 γένωμαι
403 1839 506 1873 κυρίως
536 1838 611 1869 Θεός.
633 1838 708 1873 Ἔχει
736 1837 790 1872 γὰρ
804 1836 899 1868 οὕτως.
915 1838 946 1864 Εί

163 1888 212 1922 μὲν
232 1886 307 1919 Θεὸς,
322 1887 352 1912 οὐ
364 1886 479 1921 κτίσμα·
492 1884 551 1920 μεθ’
565 1885 642 1920 ἡμῶν
655 1885 709 1920 γὰρ
721 1884 751 1910 τὸ
764 1884 875 1919 κτίσμα,
892 1884 946 1911 τῶν

161 1935 191 1961 οὐ
209 1933 289 1960 θεῶν.
312 1934 344 1960 Et
355 1933 458 1968 κτίσμα
474 1932 512 1964 δὲ,
527 1931 557 1958 οὐ
571 1931 636 1963 Θεός
647 1939 653 1945 ·
675 1930 776 1966 ἤρξατο
792 1930 846 1966 γὰρ
857 1939 946 1966 χρονι-

162 1980 228 2011 κῶς.
251 1980 284 2006 Ὀ
300 1979 329 2006 δὲ
348 1978 459 2014 ἡρξατο,
473 1975 507 2012 ἦν
521 1978 565 2004 ὅτε
578 1974 668 2012 οὐκῆν
684 1976 750 2011 (58).
768 1972 806 2003 Οὗ
831 1976 859 2002 δὲ
882 1984 946 2011 πρε-

163 2026 295 2061 σϐύτερον
307 2025 336 2051 τὸ
347 2025 396 2051 οὐκ
405 2023 449 2059 ἦν,
460 2023 538 2050 τοῦτο
552 2024 583 2049 οὐ
597 2023 697 2059 κυρίως
709 2022 748 2049 δν.
767 2021 803 2048 Τὸ
816 2021 843 2048 δὲ
856 2021 891 2056 μὴ
900 2030 946 2048 κυ-

163 2071 228 2106 ρίως
255 2069 296 2101 ὂν,
312 2068 370 2100 πῶς
386 2068 468 2102 Θεός;
500 2067 568 2095 Οΰτε
586 2065 630 2094 οὖν
654 2067 757 2102 κτίσμα
777 2066 830 2093 τῶν
843 2066 925 2101 τριῶν
937 2085 944 2098 ,

161 2117 222 2143 οὐδὲ
235 2117 265 2143 ἓν
277 2124 284 2130 ·
301 2115 374 2148 οὔτε,
388 2116 402 2142 ὃ
418 2115 512 2142 τούτου
526 2116 626 2150 χεῖρον,
649 2113 682 2141 δι’
706 2114 757 2149 ἐμὲ
779 2114 922 2148 γενόμενον
937 2122 943 2128 ·

161 2164 204 2190 ἶνα
223 2162 261 2199 μὴ
275 2162 378 2197 κτίσμα
428 2161 516 2197 μόνον,
539 2161 606 2187 ἀλλὰ
621 2161 667 2187 καὶ
684 2160 761 2195 ἡμῶν
775 2160 942 2194 ἀτιμότερον.

162 2209 193 2236 Εἰ
208 2209 263 2245 γὰρ
277 2208 333 2242 ἐγὼ
348 2209 397 2243 μὲν
411 2209 450 2240 είς
461 2208 540 2240 δόξαν
557 2207 635 2240 Θεοῦ,
649 2206 728 2233 τοῦτο
740 2207 768 2233 δὲ
780 2206 835 2241 (59)
851 2206 883 2232 δι’
895 2205 944 2241 ἐμὲ

162 2255 188 2290 (ἡ
202 2255 332 2291 πυράγρα
348 2254 404 2289 (40)
423 2254 468 2281 διὰ
483 2254 533 2290 τὴν
548 2253 665 2289 ἅμαξαν,
682 2253 698 2287 ἢ
712 2254 725 2279 ὁ
737 2252 824 2287 πρίων
839 2252 883 2279 διὰ
897 2251 945 2286 τὴν

162 2301 269 2337 θύραν),
297 2301 366 2328 νικῶ
379 2302 412 2336 τῇ
435 2300 518 2336 αἰτίᾳ.
535 2300 610 2335 ὐσῳ
631 2299 685 2334 γὰρ
710 2298 868 2334 κτισμάτων
880 2297 946 2329 Θεὸς

199 2421 256 2456 (‘27)
272 2421 387 2456 Ὥσπερ
403 2421 447 2449 ἐν.
464 2421 510 2449 Sic
535 2422 588 2450 duo
606 2421 703 2457 Regg.,
718 2421 770 2449 duo
785 2420 878 2453 CoisL.
900 2419 948 2449 0r.

162 2456 190 2487 2,
205 2462 259 2492 etc.
276 2457 304 2483 In
322 2457 376 2492 eti"
393 2457 487 2492 ὥσπερ
502 2456 545 2492 ἄν,

199 2491 256 2526 (9.8)
282 2491 372 2518 Τοῦτο
388 2489 500 2527 λέγετε.
527 2491 572 2527 Sic
595 2491 684 2526 plures
708 2490 791 2527 Itegg.
816 2489 946 2527 etVCoIb.,

166 2525 218 2554 duo
234 2527 329 2557 Coisl.,
347 2525 434 2554 δεδι-,⁷
445 2532 473 2553 et
488 2526 583 2553 Comb.
601 2527 679 2554 Deest
690 2525 768 2552 τοῦτο
787 2527 812 2552 in
825 2526 867 2552 ed.

200 2561 256 2596 (29)
279 2561 510 2596 Ὑπειληφότων.
527 2560 592 2596 Reg.
610 2561 665 2592 hin,
683 2560 892 2596 συνειληφότων.

200 2594 256 2630 (50)
274 2594 494 2630 Τριπρόσωπον.
514 2605 522 2622 ι
537 2594 603 2623 Tres
617 2596 699 2623 facies
717 2594 828 2622 habens.
843 2605 852 2621 ι
868 2594 949 2622 Ludit

164 2630 310 2664 Gregorius
325 2631 351 2657 in
364 2631 574 2665 tequivocatione
585 2631 671 2658 Graeci
686 2631 812 2659 nominis,
828 2638 861 2657 eo
876 2631 947 2665 quod

164 2665 309 2700 πρόσωπον
315 2665 518 2693 Graecetl'aciem
530 2665 947 2700 simuletpersonamnsignilicet.

148 2711 154 2714 ·
191 2699 258 2734 (51)
273 2700 311 2727 Ἢ
325 2700 397 2735 ὑμῖν⁵
410 2700 455 2727 τά.
472 2701 516 2728 Sic
532 2706 586 2728 tres
602 2699 683 2735 Βοὲς.
700 2705 728 2728 et
744 2702 796 2728 duo
808 2700 888 2728 (loisl.
904 2699 949 2727 Sic

165 2735 253 2771 etiam,
265 2735 328 2771 legit
340 2735 442 2771 Dillius.
457 2735 537 2771 Deest
553 2737 617 2771 ὑμῖν
633 2736 665 2771 iit
675 2735 719 2762 ed.

202 2769 259 2814 ΕΡ)
279 2770 525 2814 "Isarae-.519.
540 2769 629 2814 ριὺιεε
645 2770 733 2814 Ws-
756 2774 782 2797 ει
804 2769 878 2797 οοηλ
896 2770 948 2798 δυο

167 2803 260 2840 εοίξζ,
281 2810 333 2831 etc.
349 2803 377 2831 In
392 2803 434 2832 ed.
449 2803 566 2838 divisitn,
584 2805 653 2840 ὑπὲρ
667 2803 741 2839 εὖγε.

203 2839 491 2879 (55)λΣιξμφροῖυῖεγ-.
504 2840 556 2879 _Sic
570 2839 642 2879 lteg.
661 2841 707 2874 ph,
726 2840 843 2879 quinque
859 2839 946 2879 Cplb.,

168 2873 250 2902 Cois].
267 2874 295 2908 2,
311 2873 385 2909 Bas,
398 2875 490 2904 Comi).
503 2874 532 2903 lu
546 2876 586 2904 ed.
591 2896 599 2911 ,
614 2873 785 2911 σωςρρονοῖεν,
802 2873 814 2901 ⁷(
827 2874 947 2904 modeste

996 1517 1161 1544 redeundum
1185 1522 1236 1544 est.
1261 1517 1397 1552 lngenitus
1420 1518 1545 1553 quidem,
1568 1522 1596 1545 et
1614 1519 1730 1553 genitus,
1752 1524 1779 1546 et

995 1563 1159 1598 procedens,
1185 1563 1309 1591 dicantur
1330 1571 1395 1591 sane
1415 1568 1443 1591 et
1466 1563 1666 1599 intelligantur,
1684 1565 1707 1593 si
1732 1565 1776 1592 cui

995 1610 1105 1637 nomina
1120 1609 1221 1645 ﬁngere
1235 1609 1335 1637 libeat:
1352 1618 1405 1638 non
1426 1611 1496 1638 enim
1514 1611 1675 1644 verebimur,
1689 1618 1722 1638 ne
1735 1618 1777 1644 ea,

996 1662 1056 1690 quae
1072 1662 1185 1689 corpore
1203 1660 1306 1688 carent,
1330 1663 1461 1690 corporeo
1485 1656 1564 1684 modo
1582 1656 1775 1690 intelligantur,

995 1699 1218 1734 quemadmodum
1247 1700 1279 1727 iis
1303 1699 1406 1734 placet,
1432 1700 1477 1735 qui
1501 1700 1597 1728 Deitali
1617 1701 1778 1728 calumniam

996 1745 1127 1772 inferunt.
1140 1745 1174 1775 At
1189 1749 1326 1778 creatura,
1344 1745 1391 1773 Dei
1409 1746 1517 1781 quidem
1535 1746 1653 1780 dicatur;
1674 1755 1734 1774 natn
1753 1748 1778 1774 id

995 1798 1102 1826 quoque
1127 1791 1203 1818 nobis
1227 1791 1343 1826 amplum
1367 1796 1393 1819 et
1419 1791 1594 1819 honorificum
1616 1797 1683 1820 est:
1709 1792 1780 1820 Deus

996 1844 1102 1871 autent,
1120 1845 1300 1872 nequaquam.
1314 1837 1437 1872 Alioqui,
1455 1841 1509 1864 tum
1527 1837 1611 1865 Deum
1628 1842 1778 1865 creaturam

996 1891 1057 1912 esse
1081 1884 1236 1916 admittam,
1270 1891 1331 1910 cutn
1358 1884 1414 1917 ipse
1444 1890 1549 1918 quoque
1575 1883 1681 1918 proprie
1708 1883 1780 1911 Deus

996 1929 1082 1957 fuero.
1099 1929 1143 1958 Sic
1158 1930 1228 1957 enim
1243 1937 1273 1958 se
1288 1937 1330 1957 res
1347 1930 1436 1957 habet.
1456 1929 1486 1957 Si
1501 1929 1571 1957 Deus
1584 1934 1639 1962 est,
1656 1935 1779 1957 creatura

997 1984 1048 2003 non
1067 1981 1124 2010 est;
1145 1981 1268 2003 creatura
1286 1976 1357 2002 enim
1377 1975 1515 2003 nobiscum
1532 1980 1590 2008 est,
1611 1976 1656 2010 qui
1672 1976 1708 2003 dii
1725 1983 1779 2003 non

997 2029 1098 2049 sumus.
1113 2021 1140 2048 Si
1155 2025 1243 2048 autem
1257 2024 1379 2048 creatura
1392 2026 1447 2054 est,
1462 2022 1555 2056 utique
1571 2021 1641 2048 Deus
1655 2029 1708 2050 non
1718 2026 1778 2055 est;

997 2067 1124 2102 temporis
1145 2068 1217 2095 enim
1240 2068 1344 2094 ratione
1365 2072 1454 2094 orttttn
1478 2067 1579 2094 habuit.
1594 2067 1670 2100 Quod
1689 2071 1779 2094 autem

997 2119 1084 2141 orlutn
1101 2113 1210 2145 habuit,
1224 2114 1367 2148 aliquando
1381 2121 1432 2141 non
1449 2118 1518 2142 erat.
1535 2114 1610 2147 Quod
1629 2121 1692 2140 vero
1705 2113 1731 2140 in
1747 2120 1778 2140 ea

998 2165 1077 2184 causa
1097 2162 1154 2189 est,
1172 2161 1201 2184 ut
1217 2157 1241 2184 id
1254 2178 1261 2190 ,
1281 2159 1352 2191 quod
1372 2164 1425 2184 non
1442 2162 1514 2190 erat,
1533 2164 1565 2184 eo
1580 2157 1715 2192 antiquius
1729 2157 1779 2190 sil,

999 2204 1050 2231 hoc
1072 2207 1161 2236 certe,
1189 2203 1295 2239 proprie
1319 2211 1371 2231 non
1393 2208 1444 2231 est.
1466 2203 1542 2236 Quod
1568 2207 1655 2230 autem
1674 2203 1781 2238 proprie

1000 2258 1052 2278 non
1068 2255 1124 2281 est.
1142 2257 1195 2284 quo
1209 2250 1316 2277 tandem
1335 2250 1414 2277 modo
1432 2249 1502 2277 Deus
1515 2257 1575 2277 esse
1588 2249 1691 2284 queat?
1710 2248 1780 2282 Ergo

998 2302 1047 2323 nec
1062 2295 1207 2330 ouidquam
1221 2295 1317 2323 borum
1330 2296 1410 2322 triutn
1422 2294 1546 2323 creatura
1560 2302 1616 2328 eSt;
1634 2302 1694 2327 nec,
1708 2293 1780 2328 quod

998 2427 1028 2448 se
1043 2423 1145 2454 gerant.
1153 2428 1162 2445 I

1033 2455 1089 2489 (54)
1103 2454 1189 2488 Πρός.
1206 2453 1272 2488 Reg.
1288 2453 1342 2486 bm,
1357 2454 1412 2481 έπί.

1034 2487 1090 2525 (55)
1105 2487 1227 2525 Νοῆται.
1248 2487 1275 2515 [ιι
1293 2489 1437 2525 nonnullis,
1454 2487 1541 2525 νοῆτε.

1034 2520 1091 2559 (56)
1105 2520 1261 2558 Ἀσῶματα.
1275 2533 1283 2548 t
1297 2520 1466 2559 Incorporea.
1479 2520 1547 2559 {sic
1559 2521 1612 2548 duo
1621 2520 1714 2559 C0i_sl.,
1726 2525 1779 2559 etc.

999 2556 1044 2588 Sic
1059 2556 1140 2587 etiam
1157 2556 1222 2594 legit
1243 2558 1304 2585 BiII.
1330 2564 1357 2586 et
1375 2556 1415 2594 ita
1439 2558 1579 2591 legendum
1600 2564 1633 2582 ex
1657 2556 1779 2594 Gregorii

997 2602 1087 2629 scopo.
1102 2591 1226 2621 Ilendose
1248 2593 1274 2620 in
1294 2593 1350 2625 ed.,
1378 2593 1503 2628 σώματα,
1528 2602 1537 2618 ι
1550 2598 1671 2625 corpora,
1686 2601 1696 2617 ι
1728 2591 1778 2624 vel,

1001 2640 1010 2656 1
1026 2638 1056 2657 ea
1075 2636 1135 2664 quae
1150 2635 1261 2662 corpore
1277 2633 1412 2664 CQIISIJIII.
1425 2638 1434 2654 Ι

1034 2660 1091 2699 (37)
1114 2660 1338 2697 Ἐπηρωσταῖς.
1364 2664 1410 2691 Sic
1434 2662 1501 2698 “eg.
1525 2662 1581 2694 bm,
1597 2666 1649 2688 etc.
1670 2660 1698 2687 In
1724 2661 1780 2693 edn

999 2700 1163 2742 έπῖιρξαῐειές
1167 2719 1173 2725 ·

1033 2730 1096 2770 (58),
1109 2731 1164 2761 Ἦν
1176 2733 1226 2759 ὅτε
1236 2733 1292 2760 οὐκ
1314 2731 1362 2768 ἦν.
1382 2732 1462 2760 «Erat
1476 2739 1536 2759 cum
1554 2738 1604 2758 non
1618 2734 1703 2758 erat.»
1724 2730 1780 2757 Iro-

999 2770 1058 2797 nice
1072 2769 1184 2796 dietum.

998 2839 1004 2845 .
1032 2805 1087 2865 (53)
1106 2803 1196 2830 Τοῦτο
1209 2803 1251 2830 δέ.
1271 2802 1315 2830 Sic
1338 2802 1402 2837 Reg.
1419 2802 1464 2837 ph,
1477 2802 1523 2830 Or.
1538 2801 1566 2834 2,
1583 2805 1635 2828 etc.
1658 2801 1734 2827 Deest
1749 2800 1778 2826 δέ

998 2847 1023 2865 ιη
1038 2848 1052 2865 ἓ
1074 2859 1080 2865 .

998 2847 1023 2867 In
1038 2847 1080 2866 CG.

1033 2874 1086 2910 (40)
1104 2873 1252 2910 Πιιράῃρα.
1275 2872 1304 2902 lu
1325 2872 1469 2907 nonnullis,
1495 2871 1623 2908 περίγρα,
1646 2878 1678 2898 ex
1696 2870 1780 2897 verbo
