2013 3134
263 176 316 204 479
865 173 893 201 S.
915 170 1055 200 GREGOR

1105 170 1272 199 I‘HEOLOGI
1835 167 1892 196 480

260 242 293 262 co
313 235 448 268 deterius,
469 238 578 270 propter
597 240 638 260 me
657 237 776 260 creatum
797 236 847 260 est.
871 231 977 266 AliOqui
994 238 1049 257 non

1105 229 1278 265 ὑψηλότερος,
1295 227 1423 254 τοσοῦτον
1450 227 1504 263 (Μ)
1527 227 1573 254 τοῦ
1588 226 1632 254 διὰ
1645 226 1710 253 Θεδν
1726 225 1894 258 ὑποστάντος

261 281 341 308 modo
365 286 489 308 creatura
517 283 609 312 esset,
635 280 682 307 sed
706 279 786 306 etiam
814 278 891 305 nobis
920 277 1050 312 abjectior

1105 275 1181 311 ἐμοῦ,
1200 275 1231 301 τὸ
1246 274 1279 301 δι’
1292 274 1340 309 ἐμὲ
1351 275 1502 310 γινόμενον,
1517 274 1686 310 ἀτιμότερον.

260 332 342 362 atque
356 327 545 361 contemptior.
560 326 626 353 Nam
646 327 669 354 si
681 334 730 361 ego
748 326 780 352 ad
799 325 845 352 Dei
860 324 971 360 gloriam
989 323 1113 351 conditus
1149 330 1208 349 sum
1222 341 1230 354 ,
1251 321 1303 348 hoc
1324 326 1411 348 autem
1446 326 1554 355 propter
1584 328 1627 347 me
1648 319 1772 355 (forceps
1799 318 1893 353 utique

262 379 370 408 propter
387 380 496 399 currum
514 371 636 404 efﬁcitur,
652 377 697 399 aut
727 380 786 399 sera
819 377 927 406 propter
940 369 1085 405 januam),
1105 369 1227 401 sequitur
1250 367 1388 402 profecto,
1416 372 1446 394 ut
1470 371 1593 401 respectu
1621 373 1708 392 causze
1732 365 1783 392 sim
1811 372 1893 408 supe:

263 407 328 445 rior.
347 418 455 451 Quanto
470 417 540 444 enim
555 416 625 444 Deus
639 417 717 443 rebus
731 416 830 443 creatis
861 420 903 443 est
936 415 1086 446 sublimior,
1107 418 1179 440 tanto
1194 413 1219 440 id
1233 433 1240 446 ,
1266 413 1336 447 quod
1360 420 1418 440 mea
1441 419 1522 440 causa
1543 415 1661 438 creatum
1679 414 1735 443 est,
1758 417 1801 437 me
1813 430 1821 443 ,
1844 407 1893 444 qul

262 471 372 500 propter
390 465 473 492 Deum
493 464 603 492 eﬂ‘ectus
620 472 677 491 sum
690 484 697 494 ,
714 463 793 490 vilius
809 467 890 497 atque
906 462 1049 497 ignobilius
1068 465 1119 488 est.

298 511 390 539 XVIII.
413 512 556 546 Propterea
568 530 575 542 ,
596 509 718 536 Moabitis
738 508 845 542 quidem
863 511 890 534 et
906 506 1049 533 Ammoni-

265 558 299 585 tis
324 565 374 585 nec
392 557 480 584 aditus
500 556 534 583 ad
555 554 702 583 Ecclesiam
724 553 769 580 Dei
787 557 875 587 pateat
890 572 896 584 ,
922 552 972 579 hoc
991 551 1050 584 est,

264 603 411 630 dialecticis
427 607 454 629 et
473 601 562 636 impiis
577 599 762 631 sermonibus,
778 598 822 632 qui
838 597 885 624 Dei
901 597 1053 633 generatio-

264 656 325 675 nem
348 655 380 675 ac
400 647 621 682 processionem,
642 652 701 679 qua:
724 643 804 671 nullis
823 642 911 670 verbis
926 641 1052 676 explicari

263 698 354 729 potest
365 713 373 725 ,
393 693 528 724 curiosius
541 695 694 719 scrutantes
709 709 716 722 ,
737 689 866 716 adversus
880 688 1053 714 Divinitatem

265 745 365 767 temere
384 739 541 774 insurgunt;
565 737 677 773 perinde
697 736 816 768 scilicet,
836 743 868 763 ac
887 735 909 763 si
928 743 958 762 ea
971 755 978 768 ,
996 741 1056 769 qua:

264 785 318 812 vim
340 792 446 812 onmem
469 790 497 812 et
520 784 674 811 facultatem
692 783 836 810 verborum
857 786 1001 816 superant,
1022 781 1056 808 ab

265 830 331 865 ipsis
349 830 414 857 solis
429 830 530 864 percipi
556 836 633 863 posse
649 832 789 863 oporteat;
811 826 851 854 vel
870 826 980 853 omnino
1002 834 1055 853 non

264 882 343 908 esse,
359 875 486 910 quoniam
507 874 556 909 ipsi
576 881 607 901 ea
624 873 761 900 intellectu
777 872 886 906 assequi
907 875 1052 906 nequeant.

264 920 319 948 Nos
343 927 432 948 autem
456 921 602 955 Scriptura:
629 919 726 947 divina:
752 918 872 952 vestigiis
897 917 1029 944 baarentes
1045 936 1053 949 ,

264 972 346 1000 atque
366 967 479 994 obscura
503 966 561 993 loca
575 985 582 998 ,
604 973 664 1000 quae
682 964 885 992 cmcutientibus
904 962 1053 990 molestiam

264 1013 409 1045 exhibent,
424 1012 628 1044 submoventes,
648 1010 783 1038 consertis
802 1009 926 1036 manibus
942 1008 1054 1036 salutem

265 1058 443 1086 retinebimus
454 1077 462 1090 ,
476 1058 606 1092 priusque
621 1057 710 1083 omnia
725 1056 854 1083 audacter
870 1054 1036 1090 perferemus
1046 1073 1054 1086 ,

266 1111 348 1139 quam
369 1108 399 1130 ut
421 1104 551 1130 adversus
573 1103 656 1129 Deum
677 1107 778 1128 temere
797 1105 878 1135 atque
899 1103 1056 1135 arroganter

265 1149 366 1184 aliquid
386 1148 585 1183 aggrediamur.
613 1147 646 1174 Et
675 1147 783 1181 quidem
807 1146 955 1180 Scripturre
978 1145 1055 1172 testi-

267 1195 359 1222 monia
379 1194 438 1221 aliis
461 1194 663 1228 relinquemus,
681 1199 741 1219 cum
767 1199 781 1218 a
802 1191 894 1219 multis
909 1191 965 1224 iam
986 1197 1056 1224 saepe

266 1239 364 1266 litteris
382 1239 506 1266 mandata
520 1259 528 1271 ,
551 1243 605 1264 tum
627 1237 707 1264 etiam
725 1244 740 1263 a
762 1237 839 1264 nobis
860 1237 930 1263 haud
948 1235 1056 1270 perfun-

266 1284 352 1312 ctorie
359 1283 566 1319 etnegligenter.
575 1283 614 1310 Ae
622 1283 712 1314 simul,
724 1290 780 1309 mea
789 1282 902 1317 quidem
912 1282 1054 1314 sententia,

268 1335 346 1364 turpe
364 1329 505 1356 admodum
521 1328 618 1361 fuerit,
637 1335 707 1355 nunc
722 1327 800 1362 761
829 1334 920 1354 earum
948 1334 1054 1365 rerum,

267 1382 328 1410 quze
351 1374 511 1409 jampridem
537 1379 612 1401 certo
633 1375 780 1406 exploratae
796 1377 875 1405 sunt,
898 1377 1056 1406 argumenta

267 1421 402 1456 colligere.
425 1421 516 1455 Neque
533 1420 604 1448 enim
626 1420 743 1455 optimus
762 1419 827 1446 ordo
847 1423 890 1446 est
910 1419 984 1453 prius
1006 1418 1055 1446 do-

267 1475 347 1501 cere,
372 1475 404 1494 ae
429 1473 523 1502 postea
549 1467 680 1499 diseere;
703 1474 755 1493 non
780 1466 868 1493 dicam
890 1465 1002 1498 divina,
1029 1470 1057 1493 et

267 1521 353 1548 usque
367 1515 434 1540 adeo
450 1521 545 1548 magna
565 1518 592 1540 et
608 1512 732 1540 sublimia
749 1531 756 1543 ,
777 1512 823 1538 sed
844 1518 878 1538 ne
901 1511 973 1538 aliud
996 1511 1056 1546 qui-

1139 505 1192 531 ΠΡ.
1207 513 1278 540 ,ιρος
1290 504 1387 537 ταῦτα,
1406 505 1556 537 Μοαϐίταις
1571 505 1620 541 μὲν
1637 506 1683 532 καὶ
1707 505 1893 542 Ἀμμωνίταις

1102 549 1169 585 μηδὲ
1183 550 1316 585 είσιτητὸν
1332 551 1371 582 είς
1385 550 1546 586 Ἐκκλησίαν
1560 551 1629 578 ἔστω
1638 551 1716 584 Θεοῦ,
1730 551 1819 586 λόγοις
1834 552 1892 578 δια-

1101 595 1237 627 λεκτικοῖς
1256 604 1286 622 τε
1307 597 1353 622 καὶ
1378 597 1614 632 κακοπράγμοσιν,
1640 598 1665 624 οἳ
1679 597 1806 633 γέννησιν
1823 592 1892 625 Θεοῦ

1102 642 1404 678 πολυπραγμονοῦντες,
1424 643 1471 668 καὶ
1491 643 1604 678 πρόοδον
1618 643 1747 678 ἄρρητον,
1762 643 1892 676 κατεξαν-

1105 687 1226 714 ίστανται
1243 687 1387 723 τολμηρῶς
1407 687 1532 724 θεότητος
1542 697 1549 703 ·
1567 689 1604 721 ὡς
1619 688 1688 722 δέον,
1701 688 1717 724 ἢ
1732 689 1830 724 ἐφικτὰ
1845 690 1892 724 μό-

1104 741 1159 766 νοις
1174 731 1243 760 εῐναι
1258 733 1292 760 τὰ
1314 734 1383 769 ὑπὲρ
1402 733 1490 769 λόγον,
1505 734 1522 770 ἢ
1544 734 1611 769 μηδὲ
1627 733 1713 766 εἶναι,
1729 735 1770 762 ὅτι
1790 735 1828 771 μὴ
1842 736 1892 762 αὺ-

1103 779 1144 805 τοὶ
1170 779 1377 814 κατειλήφασιν,
1398 779 1494 814 Ἡμεῖς
1522 779 1551 806 δὲ
1575 781 1636 811 ταῖς
1665 780 1751 811 θείαις
1770 780 1892 816 Γραφαῖς

1104 824 1241 858 ἑπόμενοι,
1258 824 1304 850 καὶ
1321 825 1356 851 τὰ
1371 825 1517 860 ὲγκείμενα
1533 825 1624 852 σκῶλα
1638 827 1693 857 τοῖς
1706 825 1891 860 τυφλώττουσι

1103 870 1221 903 λύοντες,
1251 871 1300 906 τῆς
1329 871 1466 907 σωτηρίας
1496 871 1623 907 ἑξόμεθα,
1639 871 1727 898 πάντα
1740 871 1893 906 τολμῶντες

1071 907 1090 934 Β
1107 916 1238 952 πρότερον
1250 916 1316 952 (42),
1331 916 1430 953 ἢκατὰ
1440 917 1508 944 Θεοῦ
1526 926 1551 944 τι
1562 917 1756 944 νεανιεύεσθαι.
1771 917 1827 949 Τὰς
1843 918 1893 953 μὲν

1105 962 1137 997 δὴ
1152 963 1302 998 μαρτυρίας
1333 963 1423 995 ἄλλοις
1446 963 1616 999 παρήσομεν,
1643 963 1749 995 πολλοῖς
1775 973 1804 990 τε
1816 963 1892 998 λογο-

1106 1009 1292 1046 γραφηθείσας
1309 1010 1359 1045 ἤδη
1375 1009 1514 1043 πολλάκις,
1532 1009 1580 1036 καὶ
1602 1010 1667 1045 ἡμῖν
1683 1010 1713 1036 οὐ
1734 1009 1892 1045 παρέργως.

1106 1055 1162 1081 Καὶ
1179 1055 1238 1091 ἅμα
1267 1055 1326 1082 λίαν
1343 1056 1455 1092 αἰσχρὸν
1484 1056 1546 1092 ἐμοὶ
1564 1056 1639 1091 γοῦν,
1652 1055 1699 1083 νῦν
1718 1055 1768 1088 τὰς
1788 1056 1894 1088 πίστεις

1107 1100 1245 1134 συλλέγειν
1257 1101 1311 1127 τῶν
1329 1101 1411 1128 πάλαι
1427 1101 1662 1137 πεπιστευμένων.
1675 1101 1758 1134 Τάξις
1772 1102 1828 1137 γὰρ
1843 1102 1893 1129 οὐκ

1107 1147 1205 1183 ἀρίστη
1222 1147 1356 1173 διδάσκειν
1372 1147 1514 1183 πρότερον,
1532 1144 1592 1173 εἶτα
1621 1146 1777 1182 μανθάνειν,
1802 1147 1839 1183 μὴ
1852 1147 1893 1174 ὅτι

1107 1192 1141 1218 τὰ
1154 1191 1213 1219 θεῖα
1228 1192 1274 1218 καὶ
1284 1192 1435 1228 τηλικαῦτα
1442 1192 1472 1218 τὸ
1481 1191 1604 1227 μέγεθος,
1614 1192 1671 1218 ἀλλ’
1684 1191 1743 1218 οὐδὲ
1760 1192 1790 1218 ἆ)
1796 1192 1826 1218 λο
1836 1192 1891 1228 (45)

1106 1246 1132 1263 τι
1146 1237 1200 1264 τῶν
1217 1238 1323 1274 μικρῶν
1335 1238 1381 1264 καὶ
1394 1237 1441 1265 τοῦ
1457 1238 1570 1273 μηδενὸς
1582 1237 1674 1270 ἀξίων.
1688 1239 1744 1265 Καὶ
1754 1238 1787 1265 τὰ
1799 1239 1833 1265 ἐκ
1844 1238 1893 1274 τῆς

1107 1284 1218 1319 Γραφῆς
1231 1283 1287 1318 (Η)
1302 1284 1504 1320 προσκόμματα
1529 1283 1603 1311 λύειν
1622 1284 1668 1311 καὶ
1690 1284 1846 1320 διαρθροῦν,
1862 1284 1893 1311 οὐ

1106 1329 1152 1356 τοῦ
1177 1330 1309 1366 παρόντος
1334 1330 1445 1365 καιροῦ,
1473 1330 1590 1366 σπουδῆς
1616 1331 1645 1357 δὲ
1666 1331 1835 1367 τελεωτέρας
1847 1331 1893 1358 καὶ

1109 1374 1247 1411 μείζονος,
1263 1375 1279 1410 ἢ
1296 1375 1368 1402 κατὰ
1388 1376 1437 1412 τὴν
1453 1376 1592 1412 παροῦσαν
1614 1377 1701 1413 ὁρμὴν
1724 1377 1775 1412 τῆς
1795 1377 1892 1404 ὑποθέ-

1107 1431 1185 1453 σεως.
1205 1423 1233 1449 Ὁ
1246 1423 1268 1449 6'
1282 1420 1328 1450 οῦν
1344 1423 1421 1458 λόγος
1432 1424 1521 1460 ἡμῶν,
1532 1424 1569 1456 ὡς
1583 1425 1611 1450 ὲν
1626 1424 1766 1459 κεφαλαίῳ
1780 1424 1893 1460 περιλα-

1107 1467 1175 1500 ϐεῖν,
1194 1468 1267 1496 ἐστιν
1280 1466 1366 1501 οὗτος.
1382 1470 1438 1496 Καὶ
1455 1468 1541 1497 ταῦτα
1558 1469 1674 1505 διῆλθον,
1688 1470 1737 1505 οὐχ
1751 1470 1785 1496 ἶν’
1796 1470 1892 1505 ἀγωνί-

1108 1522 1197 1549 σωμαι
1212 1515 1280 1551 πρὸς
1291 1515 1354 1547 τοὺς
1373 1515 1527 1548 ἀντιθέτους
1545 1516 1684 1552 (πολλάκις
1710 1516 1764 1552 γὰρ
1787 1517 1836 1553 ἤδη
1856 1517 1892 1543 δι-

267 1559 328 1585 dem
343 1559 487 1593 quidquam
508 1566 618 1593 parvum
640 1563 666 1585 et
682 1558 920 1585 contemnendum.
937 1556 1055 1584 Oﬂendi-

1106 1561 1312 1596 ηγωνισάμεθα,
1328 1563 1352 1588 εί
1367 1563 1414 1588 καὶ
1427 1561 1544 1598 μετρίως
1558 1561 1700 1598 [45]),ἀλλ’
1715 1562 1749 1589 ἵν’
1759 1563 1823 1598 ὑμῖν
1834 1563 1892 1589 ἐπι-

268 1603 329 1630 cula
349 1604 431 1630 etiam
453 1611 468 1630 c
486 1603 633 1638 Scripturis
655 1603 761 1637 objecta
782 1602 903 1636 solvere,
924 1609 952 1630 et
967 1603 1055 1638 expla-

1106 1605 1184 1639 δείξω
1199 1594 1244 1632 rei}
1256 1607 1418 1642 χαρακτῆρα
1427 1594 1486 1633 ’τῶν
1500 1594 1574 1642 spe;
1587 1594 1758 1642 δῐδαγμάτων
1768 1594 1785 1640 ,⁷
1805 1609 1828 1634 εί
1852 1607 1890 1643 μὴ

269 1656 353 1681 nare,
374 1657 425 1676 non
449 1653 490 1676 est
510 1649 652 1683 praesentis
667 1649 810 1683 temporis,
831 1649 878 1676 sed
896 1649 1007 1683 majoris
1027 1654 1055 1677 et

1105 1651 1159 1678 τῶν
1173 1652 1313 1687 ὑμετέρων
1325 1651 1380 1686 ἐγὼ
1397 1652 1608 1688 συναγωνιστὴς,
1627 1653 1673 1679 καὶ
1691 1653 1763 1680 κατὰ
1778 1653 1833 1681 τῶν
1848 1654 1892 1682 αὐ-

270 1695 439 1729 perfectioris
453 1695 533 1723 studii
550 1699 631 1729 atque
646 1702 750 1729 operm,
767 1702 847 1728 quam
867 1701 915 1728 pro
927 1695 1052 1728 przesenti

1105 1696 1166 1728 τῶν,
1182 1697 1230 1723 καὶ
1244 1697 1314 1734 ὑπὲρ
1326 1697 1380 1724 τῶν
1397 1698 1485 1725 αὐτῶν
1501 1698 1653 1733 ἱστάμενος.

270 1742 402 1770 instituto.
420 1743 454 1769 At
469 1743 530 1770 tidei
545 1742 652 1775 quidem
668 1746 767 1769 nostrie
784 1743 916 1775 doctrina,
935 1746 963 1769 ut
981 1743 1135 1770 summatim
1150 1745 1333 1779 complectar,
1354 1746 1413 1774 talis
1444 1752 1493 1774 est.
1524 1746 1612 1781 Atque
1646 1746 1728 1774 etiam
1748 1747 1806 1775 [me
1835 1747 1892 1783 ipsa

269 1794 323 1813 non
344 1794 377 1814 eo
394 1787 603 1814 commemoravi
616 1806 622 1818 ,
644 1790 673 1812 ut
693 1793 755 1812 cum
776 1787 937 1813 adversariis
957 1786 1129 1822 confligerent
1160 1788 1224 1823 (jam
1257 1790 1328 1817 enim
1363 1798 1433 1824 szepe
1466 1790 1646 1824 conﬂiximus,
1663 1793 1713 1820 etsi
1725 1794 1890 1827 moderate);

270 1839 363 1858 verum
381 1836 411 1858 ut
425 1831 554 1859 doctrina:
569 1837 635 1857 mete
649 1830 764 1858 formam
777 1831 853 1858 vobis
866 1832 1036 1860 ostenderem
1047 1852 1054 1865 ,
1075 1840 1107 1859 an
1126 1841 1178 1861 non
1208 1839 1360 1862 vestrorum
1374 1836 1529 1872 dogmatum
1561 1843 1744 1873 propugnator
1756 1847 1806 1875 ego
1818 1840 1873 1869 sim
1883 1862 1891 1875 ,

271 1883 352 1912 atque
376 1878 506 1905 adversus
533 1878 660 1910 eosdem,
693 1883 721 1905 et
747 1885 796 1913 pro
822 1878 916 1906 iisdem
943 1879 970 1906 in
998 1880 1056 1907 acie
1073 1885 1151 1908 stem.

306 1923 376 1952 XIX.
394 1923 539 1956 llabetis,o
551 1923 612 1955 viri,
627 1923 711 1950 nostri
725 1924 751 1951 in
765 1924 835 1952 hanc
849 1926 941 1953 urbem
958 1926 1056 1953 adven-

272 1973 315 1997 tus
337 1971 506 2006 apologiam:
522 1981 581 2009 quae
605 1974 627 2001 si
651 1974 759 2009 quidem
785 1974 889 2001 laudent
920 1979 1055 2008 meretur,

272 2015 338 2048 Deo,
351 2021 378 2044 et
392 2017 476 2050 vobis,
489 2027 604 2054 quorum
620 2021 709 2048 accitu
725 2020 777 2048 huc
792 2021 862 2054 veni,
877 2021 990 2054 gratiam
1007 2021 1056 2047 ha-

272 2061 338 2094 beo;
354 2063 396 2090 sin
421 2067 509 2091 autem
529 2073 602 2100 spem
627 2071 744 2093 vestram
760 2066 848 2094 minus
871 2066 999 2102 implevi,
1019 2066 1057 2093 sic

273 2115 380 2142 quoque
392 2110 505 2145 gratiam
530 2111 626 2139 habeo.
643 2111 701 2139 Non
729 2113 800 2140 enim
825 2113 935 2139 omnino
951 2112 1057 2146 vitupe-

272 2154 355 2180 randa
368 2159 418 2185 est,
431 2159 459 2182 ut
478 2155 542 2182 mihi
553 2157 709 2190 persuadeo,
732 2164 763 2184 ac
777 2157 852 2184 vobis
868 2157 894 2183 id
924 2156 1059 2183 afﬁrman-

273 2198 344 2225 tibus
360 2199 437 2227 ﬁdem
461 2201 530 2228 baud
554 2202 663 2237 abrogo.
683 2202 808 2237 Nunquid
834 2203 959 2238 populum
984 2203 1056 2230 hunc

1144 1926 1195 1955 ποι.
1213 1923 1298 1959 Οὗτος
1313 1929 1387 1965 ὑμῖν,
1403 1928 1425 1957 ὦ
1438 1931 1543 1967 ἄνδρες,
1559 1934 1573 1959 ὁ
1596 1933 1646 1969 τῆς
1668 1933 1738 1969 ὲμῆς
1761 1935 1892 1970 ἀπόλογος

1111 1973 1263 2008 παρουσίας
1274 1983 1281 1990 ·
1299 1975 1324 2001 εί
1338 1976 1387 2010 μὲν
1403 1977 1554 2009 ἐπαινετῶς
1565 1978 1644 2014 ἔχων,
1661 1979 1699 2015 τῷ
1717 1980 1777 2015 Θεῷ
1802 1981 1891 2016 χάρις,

1109 2017 1155 2044 καὶ
1169 2018 1233 2054 ὑμῖν
1247 2021 1302 2051 τοῖς
1318 2020 1462 2048 καλέσασιν
1473 2031 1479 2038 ·
1494 2024 1518 2049 si
1533 2024 1562 2050 δὲ
1578 2024 1627 2060 τῆς
1639 2024 1746 2057 ἐλπίδος
1758 2026 1892 2053 ἐνδεέστε-

1107 2072 1163 2099 ρον,
1178 2065 1225 2091 καὶ
1241 2065 1312 2092 οὕτω
1326 2067 1415 2103 χάρις.
1430 2068 1467 2095 Οὐ
1483 2069 1537 2105 γὰρ
1547 2070 1634 2106 πάντη
1647 2070 1766 2106 ψεκτῶς,
1782 2070 1811 2099 εὖ
1824 2070 1879 2099 οἴδα

1107 2094 1113 2099 .
1157 2094 1160 2096 ν
1326 2094 1342 2102 Α
1364 2094 1370 2103 ι
1395 2094 1403 2099 -
1438 2094 1442 2095 ν
1489 2094 1495 2103 ι
1507 2094 1533 2105 νγ
1550 2094 1595 2097 η’·-
1607 2094 1634 2106 "t
1651 2094 1766 2106 1""""
1782 2094 1810 2099 "'
1825 2094 1879 2099 "'"'

1106 2110 1154 2136 καὶ
1169 2111 1232 2146 ὑμῖν
1246 2112 1295 2138 οὐκ
1313 2113 1421 2140 ἀπιστῶ
1437 2114 1570 2149 λέγουσιν.
1590 2117 1636 2152 Μὴ
1654 2125 1678 2143 τι
1695 2117 1740 2144 τὸν
1753 2118 1817 2146 λαδν
1831 2094 1895 2144 ’τοῦΣΞ

1106 2164 1152 2182 τον
1171 2157 1441 2195 ὲπλεονεκτήσαμεν;
1461 2162 1497 2197 μή
1519 2170 1544 2188 τι
1567 2162 1621 2189 τῶν
1638 2163 1780 2199 ἡμετέρων
1795 2165 1893 2199 ᾠκονο-

1108 2201 1244 2236 μήσαμεν,
1260 2202 1273 2228 ὃ
1290 2204 1353 2235 τοὺς
1367 2205 1480 2237 πολλοὺς
1496 2206 1551 2241 ὁρῶ
1564 2207 1716 2242 πάσχοντας
1731 2217 1738 2240 ;
1752 2209 1789 2244 μή
1805 2218 1830 2236 τι
1843 2210 1892 2245 τὴν

273 2251 321 2278 per
333 2244 472 2271 avaritiam
487 2246 728 2275 circumvenimus?
745 2247 868 2282 Nunquid
879 2248 988 2282 privatis
1001 2247 1054 2275 uti-

1114 2248 1276 2284 Ἐκκλησίαν
1293 2237 1545 2288 παρελυπήσαμενς
1562 2237 1673 2285 Ἄλλους
1752 2237 1820 2286 lico);
1830 2275 1838 2288 ,
1851 2237 1892 2287 θές

273 2287 391 2316 litatibus
409 2290 601 2323 consuluimus,
617 2292 840 2327 quemadmodum
856 2292 952 2319 multos
967 2292 1056 2321 facere

273 2335 369 2362 video?
380 2334 505 2370 Nunquid
515 2337 662 2364 Ecclesiam
679 2337 801 2365 molestia
812 2337 968 2366 aifecimus?
980 2338 1054 2367 Alios

272 2382 379 2417 quidem
392 2383 516 2416 fortasse,
539 2384 646 2418 quibus,
665 2392 725 2412 cum
744 2391 775 2413 se
798 2384 898 2412 indicta
911 2392 992 2413 causa
1015 2386 1054 2413 vi-

275 2462 466 2499 περιγράφειν,
484 2463 599 2491 «circuli
622 2463 734 2499 figuram
750 2464 934 2492 describere.»
953 2466 1060 2494 Instru-

273 2504 392 2534 inentum
408 2503 449 2525 est
463 2506 517 2534 quo
534 2504 646 2526 utuntur
660 2499 841 2534 plaustrorum
855 2500 975 2534 opifices.

308 2532 363 2567 (JH)
384 2533 542 2561 Τοσοῦτον.
562 2534 590 2560 In
607 2532 778 2567 quibusdam,
792 2532 923 2567 τοσούτῳ.

308 2561 363 2604 (Η)
395 2568 497 2605 ῌάντᾳ
518 2561 686 2605 τολμῶὶπτες
711 2561 864 2604 πρότερον.
893 2561 950 2597 Non
979 2571 1058 2605 pauci

273 2605 363 2636 codd,
380 2603 433 2630 πᾶν
441 2603 598 2640 ,τολμῶντες
614 2603 755 2640 πρότερον.
771 2605 830 2633 Bill.
844 2614 850 2632 :
867 2615 876 2630 ι
890 2603 1018 2640 priusque
1031 2606 1058 2633 in

273 2646 380 2666 omnem
395 2639 534 2665 audaciam
550 2639 765 2674 prorumpeuius.
780 2650 789 2666 ι
804 2639 912 2668 Nicetas
929 2639 1059 2668 sic’recte

273 2674 408 2707 exponit:
432 2674 594 2706 «Quodlibet
621 2675 767 2708 periculum
798 2676 872 2702 adire
905 2676 1057 2708 audentes,

274 2708 406 2746 quaslibet
415 2716 550 2736 aerumnas
565 2711 618 2746 pati
634 2710 731 2743 potius,
743 2718 822 2746 quam
833 2711 962 2738 adversus
974 2711 1057 2738 Deum

275 2743 375 2776 aliquid
394 2748 551 2778 arroganter
566 2743 682 2771 dicere.»

309 2778 364 2814 (45)
383 2777 563 2814 Οὐδὲλᾶλλο.
584 2779 617 2814 In,
628 2779 798 2814 quibusdam,
815 2780 877 2807 οὔτε
895 2780 967 2808 ἄλλο.

311 2812 366 2854 (μ)
446 2813 506 2854 τῆς
517 2812 651 2854 Γραφῆς,
667 2814 749 2850 Regg.
764 2812 795 2849 ι›,’
808 2824 832 2849 e,
856 2817 883 2848 α,
913 2821 967 2845 tres
979 2817 1054 2845 Colb.

276 2851 304 2874 et
319 2848 366 2883 Of.
380 2848 408 2879 2,
425 2849 457 2874 ὲκ
473 2848 527 2875 τῶν
542 2849 668 2883 Γραφῶν.

319 2858 366 2874 Ul'.
381 2858 408 2879 Ζ,
425 2858 457 2874 εκ
473 2858 527 2875 των
542 2858 553 2874 Ι.
581 2858 668 2883 αφων.

310 2881 368 2917 (45)
382 2883 417 2911 Et
428 2858 619 2919 καὶμετρίῗυς.
635 2884 693 2912 Bill.
708 2894 715 2912 :
732 2895 741 2911 ‹
753 2886 803 2913 etsi
819 2885 912 2915 leviter
927 2891 951 2915 et
967 2887 1054 2915 minus

1108 2295 1214 2330 ἐρήμην
1225 2296 1299 2331 ἡμᾶς
1316 2296 1372 2332 (46)
1393 2297 1526 2333 ᾑρηκέναι
1539 2298 1688 2333 νομίζουσι,
1701 2299 1746 2326 τὸν
1759 2300 1892 2334 ἡμέτερον

1107 2342 1313 2377 ἀντεστήσαμεν
1336 2342 1413 2376 λόγον
1426 2351 1432 2358 '
1451 2343 1523 2379 ὑμᾶς
1549 2343 1577 2370 δὲ
1591 2344 1667 2370 οὐδὲν
1679 2364 1687 2376 ,
1705 2345 1755 2371 ὅσα
1781 2344 1892 2380 ἐμαυτῷ

1107 2387 1314 2424 συνεπίσταμαι.
1345 2390 1385 2416 Οὐ
1399 2389 1481 2421 ,βοῦν
1505 2388 1586 2424 ὑμῶν
1601 2390 1711 2425 εἵληφα
1723 2410 1731 2424 ,
1757 2392 1826 2427 φησὶ
1841 2392 1892 2418 Σα-

1107 2468 1236 2505 perfecte.
1256 2468 1334 2505 Hanc
1356 2468 1605 2505 interpretationem
1627 2474 1760 2505 respuunt
1785 2470 1889 2498 theolo-

1107 2503 1172 2537 gica:
1194 2504 1342 2536 orationes,
1367 2504 1396 2530 in
1415 2504 1512 2537 quibus
1526 2503 1681 2538 Gregorius,
1697 2513 1749 2532 non
1766 2506 1889 2538 «leviter,

1107 2542 1135 2573 et
1153 2538 1243 2565 minus
1267 2539 1413 2572 perfecte,»
1433 2540 1479 2566 sed
1501 2539 1617 2572 fortiter,
1632 2540 1770 2567 moderate
1789 2546 1889 2573 tamen,

1107 2571 1206 2606 Patris,
1220 2578 1246 2600 et
1269 2571 1340 2605 Filii,
1360 2578 1387 2601 et
1411 2573 1528 2608 Spiritus
1553 2575 1640 2602 sancti
1654 2575 1823 2603 divinitatem
1842 2571 1891 2603 ad;

1107 2614 1201 2635 versus
1218 2608 1358 2635 luereticos
1373 2609 1499 2636 asseruit.

1143 2642 1198 2686 (ΜΞ)
1213 2641 1262 2686 ρῖς
1278 2643 1391 2686 earumve
1407 2643 1494 2678 ἡμᾶς.
1506 2643 1588 2672 Coisl.
1638 2644 1757 2686 etﬂBasu
1774 2642 1816 2677 οἷς

1107 2686 1161 2712 μην
1176 2678 1258 2713 ὑμᾶς.
1273 2688 1282 2704 ι
1297 2679 1398 2710 Quibus
1408 2687 1455 2706 nos
1471 2686 1579 2706 causam
1601 2680 1777 2714 dereliquisse
1797 2678 1891 2708 existi-

1106 2714 1256 2744 mantibus,
1268 2719 1387 2740 nostrum
1403 2714 1576 2748 opposuimus
1591 2721 1756 2741 sermonem.
1768 2723 1778 2739 ι
1794 2715 1890 2743 Comb.

1105 2752 1181 2784 putat
1202 2749 1284 2775 etiam
1306 2749 1448 2784 legendum
1465 2748 1552 2784 ὑμᾶς,
1572 2753 1600 2775 et
1622 2749 1724 2776 vertit:
1742 2749 1829 2777 «Cum
1859 2757 1889 2777 se

1105 2783 1212 2810 deserto
1227 2783 1388 2815 vadimonio,
1406 2783 1599 2811 nullo'scilicet
1610 2791 1643 2811 ex
1658 2784 1734 2811 vobis
1751 2785 1812 2812 tidei
1824 2792 1889 2812 cau-

1106 2826 1163 2844 sam
1183 2818 1357 2852 suscipiente,
1369 2818 1507 2846 victoriato
1523 2818 1670 2847 adversarii
1682 2826 1729 2848 vos
1738 2819 1888 2848 obtinuisse

1107 2852 1311 2880 arbitrarentur.
