2013 3134
147 120 196 148 481

653 123 781 152 ORATIO
798 122 880 151 XL".
900 139 934 144 —
955 123 1145 153 SUPREMUM
1166 125 1266 154 VALE.

1724 129 1777 157 582

149 176 236 214 μουὴλ
249 179 264 205 ὁ
287 178 384 214 μέγας,
395 179 463 215 πρὸς
478 179 523 207 τὸν
539 179 648 216 Ἰσραὴλ
659 180 730 216 ὑπὲρ
745 181 793 208 τοῦ
807 180 932 217 βασιλέως

990 184 1102 211 ctoriam
1118 184 1258 211 adversum
1272 191 1323 212 nos
1334 183 1482 212 obtinuisse
1495 184 1704 219 arbitrarentur,
1717 194 1777 214 ser-

146 224 361 260 διαφερόμενος·
389 226 425 253 οὑ
451 225 561 260 ’ψυχῶν
586 224 670 260 ὑμῶν
693 226 845 261 ὲξίλασμα
869 226 937 262 (47),

145 268 260 303 μάρτυς
274 268 385 304 Κύριος
398 270 433 297 ἐν
446 270 518 304 ὑμῖν
532 278 538 284 ·
555 271 585 296 ού
601 269 632 296 τὸ
647 270 694 296 καὶ
708 270 749 303 τὸ,
771 270 883 298 πλείονα
895 270 939 297 λέ-

146 322 212 348 γων,
228 314 273 342 ἵνα
285 315 323 350 μὴ
335 316 416 348 αὐτὸς
429 314 633 351 ἁπαριθμῶμαι
645 315 705 342 καθ’
722 316 838 343 ἕκαστον
847 325 853 331 ·
871 316 941 344 ἀλλὰ

145 360 271 396 καθαρὰν
282 361 330 389 καὶ
343 362 486 398 ἁκίὸδηλον
497 362 546 397 τὴν
562 362 710 398 ἱερωσύνην
723 362 852 398 ἐφύλαξα.
864 363 896 389 El
911 363 941 389 δὲ

144 406 305 434 δυναστείαν
333 408 476 443 ἠγάπησα,
506 408 522 443 ἢ
548 407 651 443 θρόνων
668 407 745 442 ὕψος,
770 409 786 444 ἦ
809 408 941 443 βασιλέων

146 454 241 479 πατεῖν
252 453 347 487 αὐλὰς,
360 454 427 489 μηδὲ
441 454 504 481 ἄλλο
517 462 542 480 τι
554 453 679 489 λαμπρὸν
691 453 792 490 ἔχοιμι,
802 454 818 490 ἢ
830 454 941 490 ῥίψαιμι

145 507 231 535 κεκτη
236 500 326 535 μένος.

990 236 1096 257 mortem
1112 234 1232 257 nostrum
1257 229 1404 267 objecimus
1419 238 1426 257 :
1453 235 1480 258 at
1495 237 1543 258 vos
1560 231 1626 258 nihil
1644 231 1776 267 profecto,

991 281 1118 309 quantum
1133 275 1242 310 quidem
1265 275 1330 303 mihi
1349 277 1474 304 conscius
1503 283 1574 304 sum.
1600 275 1663 304 Non
1690 277 1777 305 bovem

987 325 1098 348 vestrum
1116 321 1213 356 accepi,
1232 321 1270 348 ait
1300 329 1411 356 magnus
1435 321 1556 354 Samuel,
1588 330 1648 350 eum
1680 323 1778 352 lsraele

988 371 1097 402 propter
1110 375 1200 403 regem
1223 367 1410 395 contendens:
1434 376 1485 394 non
1505 368 1655 395 animarum
1679 373 1778 396 vertra-

988 422 1046 441 rum
1058 414 1202 448 piaculum,
1219 414 1291 440 testis
1312 414 1380 440 inter
1394 421 1439 440 vos
1456 413 1526 441 Deus
1537 413 1562 429 "
1577 425 1583 441 :
1600 421 1654 441 non
1669 414 1721 442 hoc
1734 419 1776 441 at-

990 467 1041 494 que
1056 459 1140 492 aliud,
1156 459 1231 494 plura
1248 466 1475 493 commemorans,
1489 467 1522 487 ne
1543 461 1655 495 singulis
1665 468 1777 488 enume-

990 506 1082 534 randis
1098 506 1203 541 longius
1219 506 1369 533 orationem
1388 507 1552 541 producam;
1567 514 1660 534 verum
1679 514 1776 542 purum

149 553 316 588 minimeque
328 554 510 582 adulterinum
542 554 721 582 sacerdotium
736 555 879 583 custodivr.
895 553 972 588 Quod
992 553 1014 580 si
1030 552 1206 587 principatus,
1223 556 1268 578 aut
1281 551 1434 579 sublimium
1451 552 1608 580 thronorum
1622 553 1711 581 studio
1729 553 1777 581 du-

146 604 206 626 ctus
220 607 290 631 sum,
313 605 360 627 aut
386 602 577 635 imperatorum
607 603 682 630 aulas
704 603 811 631 calcare
845 603 956 638 appetii.
978 608 1114 636 nunquam
1128 600 1200 628 aliud
1214 600 1361 636 quidquam
1382 601 1533 636 splendoris
1563 602 1690 637 consequi
1711 603 1776 630 mihi

146 643 293 678 contingat,
312 649 366 674 aut,
384 644 406 671 si
419 651 580 673 consecutus
595 645 682 679 fuero,
698 648 788 674 statim
801 647 864 674 illud
876 647 1011 682 projieiam
1024 651 1105 679 atque
1120 645 1250 672 amittam.

180 689 223 715 K'.
242 689 275 715 Τί
294 686 341 716 οὖν
356 690 429 716 ἐστιν
441 691 454 716 ὃ
469 699 558 726 φημις
579 692 616 717 Οὐ
629 691 683 727 γὰρ
696 692 812 727 ἄμισθος
820 691 875 727 ἐγὼ
886 692 936 727 τῆς

144 735 247 770 ἀρετῆς
264 735 393 771 ἐργάτης,
413 736 474 763 οὐδ’
494 738 534 768 είς
559 737 686 764 τοσοῦτον
717 738 817 774 ἀρετῆς
842 737 938 772 ἀφικόο

144 788 209 828 μην.
237 780 317 828 {me
336 790 381 816 μοι
411 782 468 808 τῶν
496 783 586 809 πόνων
601 783 706 818 μισθόν.
730 783 796 810 Τίνα
825 783 934 817 τοῦτον;
951 801 973 828 Β

145 827 202 861 Οὐχ
237 826 266 852 ὃν
301 826 335 853 ἄν
365 836 439 859 τινες
467 828 627 856 ὑπολάϐοιεν
669 829 724 856 τῶν
760 829 849 856 πάντα
881 830 930 865 ρᾳ-

142 872 206 899 δὶων
219 881 226 888 ο
238 873 296 900 ἀλλ’
306 874 335 900 ὃν
347 874 409 910 ἐμοὶ
422 875 515 910 ζητεῖν
528 875 658 910 ἀσφαλές.
680 875 867 903 Ἀναπαύσατε
881 875 934 902 τῶν

145 919 259 955 μακρῶν
271 920 358 947 πόνων
371 921 444 956 ἡμᾶς
456 929 463 936 ·
480 921 624 957 αἰδέσθητε
642 921 692 957 τὴν
709 921 805 948 πολιὰν
815 921 933 956 ταύτην·

143 966 277 1000 τιμήσατε
293 965 342 1001 τὴν
371 965 520 998 ξενιτείαν·
544 967 623 994 ἄλλον
636 966 860 1001 ἀντεισαγάγετε,
889 966 934 994 τὸν

143 1011 213 1046 ὑπὲρ
232 1011 310 1047 ὑμῶν
336 1012 391 1048 (48)
409 1012 584 1049 διωκόμενον,
599 1013 674 1045 ὅστις
690 1013 812 1049 καθαρὸς
829 1014 932 1049 χεῖρας,

142 1057 216 1088 ὅστις
229 1057 322 1093 φωνὴν
346 1058 396 1085 οὐκ
412 1059 551 1091 ἀσύνετος,
579 1060 653 1091 ὅστις
678 1059 769 1091 ἱκανὸς
795 1059 829 1086 τά
845 1059 933 1087 πάντα

142 1103 208 1138 ὑμῖν
226 1103 398 1139 χαρίζεσθαι,
416 1105 463 1131 καὶ
479 1105 668 1141 συνδιαφέρειν
685 1105 733 1137 τὰς
743 1105 934 1141 ἐκκλησιαστι-

143 1149 195 1181 κὰς
206 1149 350 1185 φροντίδας
365 1150 421 1185 (49)
431 1158 438 1165 ·
452 1151 546 1185 ἐπειδὴ
560 1150 663 1177 τούτων
681 1151 736 1187 (50)
753 1152 871 1187 μάλιστα
885 1152 933 1180 νῦν

141 1195 155 1222 ὁ
169 1195 275 1231 καιρός.
299 1196 376 1231 Ἐμοὶ
389 1196 416 1222 δὲ
428 1197 509 1231 ὁρᾶτε
523 1196 569 1223 καὶ
582 1197 613 1223 τὸ
628 1196 707 1232 σῶμα
724 1197 762 1229 ὼς
775 1197 831 1233 ἔχει
843 1197 931 1230 τοῦτο,

140 1242 188 1269 καὶ
204 1242 304 1278 χρόνῳ,
321 1243 370 1269 καὶ
387 1243 467 1278 νόσῳ,
489 1243 537 1270 καὶ
564 1243 637 1279 πόνῳ
661 1243 826 1279 δαπανηθὲν.
845 1245 876 1271 Τί
892 1244 933 1271 δεῖ

140 1288 267 1324 γέροντος
275 1289 338 1324 ὑμῖν
349 1289 448 1321 δειλοῦ,
462 1289 509 1315 καὶ
521 1289 664 1326 ἀνάνδρου,
678 1290 725 1317 καὶ
736 1290 931 1326 καθ’ἑκάστην,

139 1335 177 1367 ὡς
188 1336 285 1366 εἰπεῖν,
304 1335 524 1368 ἀποθνήσκοντος
538 1335 587 1370 τὴν
600 1335 720 1371 ἡμέραν,
731 1335 762 1362 οὺ
776 1335 815 1371 τῷ
826 1335 931 1371 σώματι

140 1381 232 1415 μόνον,
251 1381 321 1408 ἀλλὰ
332 1381 379 1408 καὶ
394 1382 454 1413 ταῖς
470 1381 609 1417 φροντίσιν
620 1390 627 1396 ·
644 1381 674 1413 ὃς
693 1381 770 1417 μόλις
782 1382 829 1408 καὶ
845 1382 931 1409 ταῦτα

139 1427 204 1462 ὑμῖν
226 1427 386 1462 διαλέγομαι
409 1427 483 1462 (Si);
509 1427 556 1463 Μὴ
578 1427 746 1463 ἀπιστήσητε
767 1429 842 1463 φωνῇ
862 1427 932 1454 διδα-

138 1473 238 1501 σκάλου
250 1481 258 1488 ·
270 1473 382 1509 καὶγὰρ
395 1473 456 1500 οὐδὲ
468 1474 638 1509 ἠπιστήσατε
653 1473 772 1501 πώποτε.
782 1474 929 1510 Κέκμηκα,

1025 689 1084 716 XX.
1101 689 1170 722 Quid
1186 689 1267 724 igitur
1283 693 1334 722 est,
1349 691 1421 725 quod
1446 691 1523 719 dico?
1538 690 1595 719 Non
1619 691 1691 719 enim
1715 699 1777 727 gra-

989 736 1071 764 tuitus
1086 736 1196 763 virtutis
1213 743 1272 764 sum
1284 736 1381 770 cultor,
1398 745 1449 765 nec
1463 738 1490 765 iu
1511 746 1570 766 eam
1588 739 1695 767 virtutis
1718 746 1777 766 ma-

988 781 1154 816 gnitudinem
1172 782 1290 816 perveni.
1310 781 1444 810 Laborum
1460 784 1600 818 praemium
1623 784 1689 812 mihi
1703 784 1774 812 date.

988 828 1064 861 Quod
1082 827 1208 854 tandem?
1225 828 1282 855 Non
1309 828 1380 862 quod
1403 830 1521 856 nonnulli
1550 829 1664 857 fortasse
1679 838 1712 858 ex
1730 831 1773 862 iis,

988 874 1032 908 qui
1048 874 1081 900 ad
1096 874 1201 908 quidvis
1215 874 1409 909 suspicandum
1426 875 1607 908 adducuntur,
1621 877 1700 912 762
1715 878 1776 905 exi-

987 920 1139 952 stimarint;
1161 920 1207 947 sed
1221 920 1293 955 quod
1312 921 1376 948 mihi
1395 925 1451 949 tuto
1464 922 1599 956 postulare
1614 923 1686 950 licet.
1712 923 1774 950 Diu-

988 966 1075 994 turnis
1092 965 1229 994 laboribus
1244 974 1293 993 nos
1312 966 1410 998 levate,
1424 974 1456 994 ae
1467 972 1598 995 recreate.
1609 967 1715 995 Moveat
1727 976 1775 996 vos

987 1012 1046 1040 hinc
1063 1012 1195 1045 canities;
1208 1013 1242 1039 sit
1257 1013 1327 1046 apud
1340 1019 1388 1039 vos
1402 1013 1496 1040 honori
1512 1018 1603 1040 nostra
1620 1013 1774 1048 peregrina-

987 1057 1034 1084 tio.
1052 1057 1140 1084 Alium
1154 1057 1310 1092 subrogate,
1333 1057 1379 1091 qui
1409 1064 1456 1092 pro
1483 1057 1558 1084 vobis
1586 1061 1710 1089 vexetur,
1727 1056 1773 1091 qui

986 1103 1060 1137 puris
1076 1103 1110 1129 sit
1125 1101 1258 1135 manibus,
1271 1101 1316 1136 qui
1330 1109 1396 1128 voce
1406 1109 1457 1129 non
1470 1101 1613 1134 inerudite,
1625 1101 1670 1136 qui
1685 1100 1773 1128 omni-

985 1148 1036 1176 bus
1051 1148 1077 1175 in
1089 1148 1169 1175 rebus
1189 1147 1265 1175 vobis
1286 1148 1409 1182 obsequi,
1423 1154 1556 1182 curasque
1576 1147 1773 1174 ecclesiasticas

985 1195 1064 1223 simul
1078 1194 1198 1229 perferre
1213 1194 1315 1230 possit;
1329 1194 1547 1229 quandoquidem
1573 1193 1640 1221 tales
1659 1201 1773 1228 praeser-

987 1242 1033 1269 tim
1050 1242 1101 1269 hoc
1116 1247 1220 1276 tempus
1248 1241 1361 1277 llagitat.
1376 1243 1410 1269 At
1429 1241 1492 1268 tnihi
1507 1241 1618 1268 cernitis
1629 1249 1682 1275 quo
1694 1241 1773 1267 modo

985 1295 1085 1322 corpus
1101 1287 1182 1316 etiam
1198 1288 1250 1315 hoc
1273 1296 1303 1316 se
1320 1288 1427 1318 habeat.
1449 1287 1576 1314 nimirum
1594 1293 1620 1313 ct
1641 1292 1771 1320 tempore.

984 1338 1012 1360 et
1024 1333 1129 1367 morbo,
1141 1338 1167 1360 et
1180 1332 1272 1360 labore
1289 1332 1451 1360 confectum.
1468 1331 1537 1364 Quid
1553 1332 1628 1359 vobis
1643 1332 1734 1359 tiruido
1745 1338 1772 1359 et

985 1379 1083 1414 ignavo
1100 1387 1165 1406 sene
1176 1386 1243 1414 opus
1257 1383 1310 1411 est,
1323 1383 1403 1412 atque
1425 1378 1450 1405 in
1467 1378 1523 1406 dies
1544 1378 1674 1413 singulos,
1689 1383 1717 1405 ut
1735 1378 1771 1405 ita

985 1425 1092 1460 loqtmr,
1109 1433 1162 1453 non
1182 1433 1295 1460 corpore
1322 1429 1436 1456 tantum,
1453 1425 1499 1452 sed
1518 1425 1598 1451 etiam
1619 1425 1692 1452 curis
1712 1433 1772 1452 mo-

985 1472 1091 1500 riente?
1102 1471 1152 1505 Qui
1168 1472 1213 1498 vix
1231 1472 1287 1498 haec
1301 1479 1408 1506 quoque
1422 1472 1454 1498 ad
1468 1478 1515 1499 vos
1531 1471 1646 1506 loquor?
1663 1470 1702 1498 Ne
1715 1479 1772 1498 ma-

137 1519 186 1555 τὴν
203 1519 356 1546 ἐπιείκειαν
375 1518 583 1554 ἐγκαλούμενος.
610 1519 762 1555 Κέκμηκα,
784 1520 831 1547 καὶ
849 1520 931 1555 λόγῳ,

983 1519 1058 1554 gistri
1079 1519 1139 1546 voci
1165 1518 1244 1546 [idem
1262 1519 1415 1554 denegatis;
1433 1525 1522 1553 neque
1549 1519 1621 1546 enim
1651 1525 1769 1553 unquam

138 1566 185 1592 καὶ
205 1565 295 1601 φθόνῳ
308 1565 472 1601 μαχόμενος,
491 1566 537 1592 καὶ
552 1565 702 1601 πολεμίοις,
715 1566 762 1593 καὶ
773 1566 929 1602 ἡμετέροις.

139 1612 171 1638 Ol.
186 1611 236 1646 μὲν
250 1611 284 1638 τὰ
299 1611 398 1646 στέρνα
409 1611 529 1644 παίουσι,
542 1610 589 1637 καὶ
603 1609 683 1647 ἦττον
696 1611 908 1646 ἐπιτυγχάνουσι
919 1619 927 1626 ·

138 1656 167 1682 τὸ
180 1656 235 1691 γὰρ
247 1656 388 1691 προδήλως
399 1656 505 1691 ἐχθρὸν,
520 1655 700 1691 εὐφύλακτον.
716 1657 748 1682 Οἱ
761 1656 800 1687 δὲ,
810 1655 844 1683 τὰ
859 1656 931 1683 νῶτα

137 1711 170 1738 τη
175 1702 319 1737 ροῦσι,ιγ.αὶ
328 1702 428 1738 μᾶλλόν
438 1703 491 1728 εἰσι
503 1702 622 1737 λυπηροί
633 1710 640 1717 ·
656 1701 687 1728 τὸ
695 1702 749 1737 γὰρ
761 1701 928 1734 ἀνύποπτον,

138 1747 329 1784 καιριώτερον.
346 1748 376 1774 Εἰ
393 1747 422 1774 δὲ
439 1747 486 1774 καὶ
505 1747 675 1783 κυϐερνήτης
692 1747 747 1783 (52)
761 1745 807 1783 ἦν,
822 1748 930 1776 καὶτῶν

137 1795 196 1822 λίαν
212 1795 404 1830 ἐπιστημόνων
417 1803 424 1810 ·
440 1791 501 1821 εἶτα
525 1793 608 1829 πολλὴ
626 1794 674 1829 μὲν
688 1792 722 1830 ἦν
739 1794 804 1829 περὶ
824 1795 898 1830 ἡμᾶς
912 1794 929 1830 ἠ

138 1840 261 1868 θάλασσα
283 1840 349 1877 (55),
373 1840 420 1867 ml.
436 1840 502 1876 περὶ
513 1840 563 1876 τὴν
583 1839 650 1867 ναῦν
669 1840 784 1872 ζέουσα·
802 1840 886 1875 πολλὴ
901 1840 930 1867 δὲ

137 1887 191 1914 τῶν
205 1887 380 1922 ἐμπλεόντων
397 1888 414 1922 ἡ
430 1886 525 1918 στάσις
535 1906 543 1919 ,
564 1886 651 1914 ἄλλων
668 1888 733 1922 περὶ
747 1886 828 1913 ἄλλου
848 1887 929 1921 ζυγο-

141 1933 311 1969 μαχούντων,
340 1933 387 1959 καὶ
417 1932 656 1960 ἁντικτυπούντων
683 1933 809 1969 ἀλλήλοις
835 1941 864 1959 τε
882 1933 930 1960 καὶ

136 1981 193 2011 τοῖς
205 1979 321 2015 κύμασι,
335 1979 419 2005 πόσον
436 1978 566 2014 ἀντέσχον
574 1978 606 2005 ἂν
622 1978 731 2005 ἐπὶτῶν
748 1979 849 2006 οἰάκων
864 1978 929 2005 καθ-

135 2026 246 2060 ήμενος,
268 2024 341 2051 ὥστε
372 2024 420 2051 καὶ
437 2024 562 2059 θαλάσσῃ
578 2024 625 2051 καὶ
641 2026 698 2056 τοῖς
710 2024 859 2060 ἐμπλέουσι
877 2025 929 2060 μά-

136 2070 243 2106 χεσθαι,
260 2071 308 2097 καὶ
326 2070 472 2102 διασώζειν
483 2069 632 2102 ἀκινδύνως
646 2070 696 2106 τὴν
713 2070 778 2098 ναῦν
791 2072 823 2097 ὲκ
834 2071 927 2098 διπλοῦ

135 2117 183 2144 τοῦ
195 2117 330 2149 κλύδωνος
343 2127 350 2149 ;
370 2114 421 2143 Ὧν
436 2117 490 2152 γὰρ
504 2117 585 2143 παντὶ
601 2117 693 2152 τρόπῳ
712 2118 928 2152 συναγωνιζομέ-

136 2171 200 2193 νων,
209 2162 328 2197 χαλεπὸν
345 2154 378 2197 ἦν
394 2162 425 2188 τὺ
440 2162 491 2197 τῆς
505 2162 658 2197 σωτηρίας,
678 2163 780 2190 τούτων
798 2163 856 2195 πῶς
872 2161 927 2190 οἶόν

137 2215 167 2233 τε
178 2206 437 2242 ἀνταγωνιζομένων
456 2207 493 2242 μὴ
509 2207 709 2240 καταδύεσθαι;

981 1566 1145 1601 denegastis.
1161 1564 1263 1592 Lassus
1280 1572 1350 1597 sum,
1371 1565 1433 1592 dttm
1454 1564 1520 1592 mihi
1545 1565 1625 1593 toties
1646 1573 1772 1593 mansue-

982 1611 1045 1638 tudo
1060 1610 1165 1638 crimini
1192 1610 1317 1638 vertitur.
1334 1610 1434 1638 Lassus
1460 1618 1530 1644 sum,
1555 1610 1630 1643 dum,
1655 1616 1683 1639 et
1707 1618 1768 1639 cum

980 1663 1116 1687 sermone,
1134 1660 1231 1683 etcum
1248 1655 1358 1688 invidia,
1376 1659 1404 1683 et
1425 1663 1487 1682 eum
1504 1655 1639 1690 hostibus,
1655 1660 1682 1683 et
1706 1663 1770 1683 cum

980 1702 1080 1729 nostris
1092 1709 1190 1737 pugno.
1203 1701 1239 1728 llli
1253 1705 1361 1735 pectora
1373 1701 1517 1734 feriunt,et
1528 1701 1626 1734 minus,
1638 1701 1709 1736 quod
1721 1709 1770 1729 cu-

981 1748 1067 1782 piunt,
1085 1753 1284 1782 assequuntur;
1297 1755 1358 1775 nam
1371 1748 1416 1782 qni
1430 1752 1537 1782 apertas
1552 1748 1707 1775 inimicitias
1720 1756 1768 1782 ge-

980 1794 1025 1825 rit,
1038 1792 1118 1820 facile
1136 1793 1228 1820 caveri
1245 1797 1344 1827 potest.
1365 1793 1397 1820 Hi
1415 1797 1503 1820 autem
1523 1797 1597 1828 terga
1614 1793 1768 1824 observant,

979 1845 1007 1869 et
1021 1841 1107 1876 magis
1122 1840 1227 1868 molesti
1240 1845 1320 1873 sunt;
1338 1847 1399 1866 nam
1425 1839 1471 1874 qui
1495 1839 1605 1867 minime
1628 1843 1769 1874 suspectus

979 1891 1031 1920 est,
1045 1886 1172 1914 lethalius
1188 1887 1285 1914 vulnus
1305 1886 1396 1914 infert.
1412 1885 1488 1919 Quod
1513 1886 1535 1913 si
1551 1886 1633 1913 etiam
1658 1886 1752 1914 nauele

980 1941 1035 1965 rus,
1049 1937 1076 1960 et
1095 1933 1202 1968 quidem
1220 1932 1399 1967 peritissimus
1415 1939 1502 1959 essem
1519 1941 1526 1959 ε
1543 1937 1623 1967 atque
1639 1931 1702 1959 hinc
1725 1931 1768 1959 ef-

979 1979 1066 2007 fusum
1080 1986 1154 2006 mare
1172 1978 1198 2005 in
1210 1986 1259 2006 nos
1273 1979 1389 2008 szeviret,
1402 1986 1434 2005 ac
1445 1979 1546 2006 circum
1559 1986 1652 2005 navem
1666 1983 1766 2005 aestua-

979 2029 1036 2057 ret;
1055 2024 1117 2052 hinc
1133 2031 1197 2050 vero
1219 2023 1293 2058 gravi
1311 2023 1443 2050 seditione
1456 2028 1577 2051 vectores
1599 2023 1764 2056 laborarent,

979 2070 1078 2105 aliique
1088 2070 1120 2097 de
1136 2069 1187 2096 alia
1204 2077 1234 2097 re
1257 2069 1460 2102 contenderent,
1481 2075 1572 2104 atque,
1599 2074 1623 2097 et
1647 2069 1765 2104 sibiipsis

978 2121 1081 2147 mutuo,
1106 2119 1133 2142 et
1153 2114 1279 2142 ﬂuctibus
1304 2115 1504 2150 obstreperent,
1524 2115 1642 2150 quandiu
1658 2115 1763 2142 tandem

978 2161 1036 2196 ipse
1050 2161 1183 2189 obluctari
1197 2167 1302 2195 possem
1319 2160 1352 2186 ad
1368 2161 1549 2195 gubernacula
1563 2161 1668 2195 sedens,
1685 2165 1714 2188 ut
1726 2161 1763 2188 si-

944 2203 965 2231 D
982 2208 1047 2240 mul,
1064 2212 1158 2235 etcum
1183 2207 1262 2240 mari,
1282 2210 1309 2233 et
1337 2213 1398 2234 cum
1426 2208 1578 2234 vectoribus
1604 2214 1762 2242 pugnarem.

135 2258 218 2288 atque
253 2261 285 2280 ex
321 2253 419 2287 duplici
450 2257 608 2288 tempestate
639 2261 732 2281 navem
760 2254 818 2281 sine
843 2254 962 2289 periculo
981 2253 1135 2289 eriperem?
1153 2253 1254 2287 Qttibus
1281 2254 1380 2281 etenim
1396 2254 1468 2281 omni
1494 2254 1598 2281 ratione
1623 2254 1764 2281 conniten-

138 2301 210 2328 tibus
235 2304 263 2328 et
289 2301 488 2335 adjuvantibus,
522 2301 636 2328 salutem
673 2306 762 2329 tamen
787 2302 915 2336 consequi
940 2300 1046 2329 difﬁcile
1060 2304 1150 2335 esset;
1181 2301 1274 2329 iisdem
1296 2301 1366 2328 inter
1385 2308 1414 2328 se
1427 2300 1615 2329 dissidentibus
1625 2304 1652 2328 et
1668 2299 1762 2328 conﬂi-

134 2348 269 2383 gentibus.
285 2347 330 2381 qui
346 2347 453 2374 tandem
466 2348 522 2377 ﬁeri
536 2353 635 2385 posset,
648 2354 676 2376 ut
691 2350 765 2376 navis
786 2357 892 2383 pessum
912 2358 964 2377 non
977 2350 1048 2377 iret?

173 2394 238 2420 ΚΝ.
249 2393 281 2419 Τί
292 2393 376 2420 τᾶλλα
387 2393 427 2420 δεῖ
437 2393 540 2428 λέγειν;
558 2393 638 2420 Ἀλλὰ
652 2393 711 2426 πῶς
723 2395 788 2420 οίσω
801 2393 846 2420 τὸν
858 2394 930 2430 ἱερὸν

134 2439 229 2466 τοῦτον
244 2439 300 2474 (54)
314 2439 449 2475 πόλεμον;
464 2439 593 2475 Λεγέσθω
609 2440 663 2475 γάρ
683 2448 726 2472 τις
743 2439 791 2466 καὶ
807 2439 925 2476 πόλεμος

170 2518 193 2534 ⁷⁵
207 2517 217 2545 l
233 2517 300 2552 Reg.
316 2525 368 2550 xu,
379 2517 398 2544 2
410 2525 472 2554 sqq.

168 2598 224 2631 (47)
248 2597 424 2632 Ἐξιλασμα.
452 2597 619 2626 Sacriﬁcium
644 2605 694 2634 pro
719 2598 861 2626 animabus
884 2597 911 2625 in

134 2638 285 2672 peccaturi:
292 2634 382 2672 lapsis.

169 2668 226 2704 (ίὸ)
250 2668 369 2702 ’Υμῶνη
389 2668 416 2694 In
431 2668 577 2700 nonnullis,
590 2668 682 2704 ήμῶν.

169 2703 224 2738 (49)
251 2704 306 2736 Τὰς
329 2703 580 2737 ἐκκλησιαστικὰς
603 2703 779 2738 φροντίδας.
812 2713 821 2730 t
835 2703 920 2730 Curas

134 2739 369 2765 ecclesiasticasJ
389 2738 451 2765 llaec
476 2739 602 2765 videntur
622 2739 722 2766 ironice
739 2740 822 2766 dicta.
847 2738 922 2766 Unde

135 2775 244 2801 Nectas
259 2782 269 2798 ι
281 2773 449 2808 pecuniarias
463 2781 562 2800 curas:
578 2774 778 2808 interpretatur.

170 2807 227 2843 (50)
250 2808 375 2834 Τούτων.
389 2808 522 2843 Βεεηὺιιι,
540 2809 644 2836 τούτου,

171 2843 228 2879 (5|)
243 2843 429 2877 Διαλέτομαι.
445 2842 560 2878 Hervag.
576 2843 741 2879 φθέγγομαι.

1019 2394 1089 2423 XXI.
1107 2394 1177 2428 Quid
1198 2394 1248 2421 alia
1267 2401 1481 2422 commemorare
1501 2392 1614 2421 attinet?
1630 2393 1688 2427 Quo
1703 2397 1762 2420 tan-

978 2440 1039 2468 dem
1057 2441 1137 2468 modo
1150 2448 1257 2469 sacrum
1274 2440 1324 2468 hoc
1338 2440 1434 2468 bellum
1446 2440 1551 2468 ieram?
1570 2440 1676 2467 Dicatur
1688 2439 1760 2466 enim

1005 2595 1060 2662 (52)
1072 2594 1270 2630 Κυϐερνήτης.
1289 2595 1371 2622 Cois].
1395 2595 1413 2622 2
1430 2594 1514 2625 addit,
1530 2602 1582 2626 τις.

1017 2632 1060 2662 55)
1087 2631 1124 2658 Ἦ
1137 2630 1288 2661 θάλασσα,
1299 2637 1351 2658 etc.
1363 2630 1413 2657 Per
1433 2639 1442 2656 ι
1456 2637 1556 2660 mare,»
1571 2630 1582 2656 il

1017 2627 1060 2666 55)
1087 2631 1124 2658 Ἠ
1137 2627 1288 2661 θάλασὶγα,
1299 2637 1351 2658 etc.
1363 2630 1413 2657 Per
1433 2639 1442 2656 ι
1456 2637 1556 2660 mare,»
1571 2627 1756 2666 intelligims‘

969 2663 1032 2694 Suut
1045 2663 1232 2693 hreretieorum
1259 2667 1388 2699 impetus;
1401 2673 1449 2700 per
1461 2673 1470 2690 ι
1481 2671 1590 2696 navem,
1604 2672 1613 2688 ι
1625 2663 1755 2700 Ecclesia;

968 2709 1017 2736 per
1046 2711 1054 2726 ι
1071 2706 1223 2736 vectores,t
1250 2701 1347 2735 partim
1379 2699 1479 2736 populi,
1505 2700 1601 2736 partim
1625 2699 1755 2734 episcOpi,

969 2738 1067 2764 ouihus
1081 2735 1207 2763 munibus
1223 2736 1309 2762 valide
1322 2736 1422 2762 restitit
1440 2735 1596 2769 Gregorius.

1005 2772 1061 2806 (54)
1079 2771 1132 2797 Τὸν
1154 2770 1235 2804 ἱερὸν
1254 2770 1373 2797 τοῦτον.
1398 2770 1499 2806 Alltldit
1509 2771 1553 2806 3dr
1567 2770 1665 2806 bellum
1684 2770 1756 2797 Pho—

968 2804 1060 2838 cense,
1077 2806 1147 2840 quod
1163 2806 1281 2840 quidem,
1299 2806 1363 2840 quia
1376 2805 1497 2840 profano
1509 2804 1634 2839 Delphico
1649 2805 1754 2838 direpto

968 2848 996 2870 et
1011 2841 1128 2877 expilato
1143 2841 1296 2876 gerebatur,
1315 2850 1323 2867 ι
1341 2848 1448 2869 sacrum
1465 2850 1474 2867 ι
1494 2845 1535 2869 est
1551 2841 1662 2869 dictum.
1682 2840 1754 2869 Istud
