2013 3134
255 163 309 191 £83

254 222 334 249 etiam
350 217 483 254 quoddam
499 215 596 244 bellum
623 219 745 246 sacrum,
761 212 984 246 quemadmodum
1012 216 1037 239 et

254 265 434 293 barbaricum.
451 262 590 294 Quomodo
607 261 655 288 hos
667 257 786 286 adversis
798 257 903 284 thronis
917 257 1034 283 insiden-

255 316 306 342 tes,
328 315 408 344 atque
419 308 545 335 adversas
558 306 584 333 in
600 304 733 340 pascendo
747 309 825 338 grege
838 307 929 338 partes
945 302 1035 329 foven-

255 361 295 385 tes
312 359 479 386 connectam,
496 359 578 387 atque
594 352 621 378 in
642 358 722 377 unum
737 349 879 381 adducam,
894 348 1034 383 populum-

254 409 306 436 que
321 401 399 428 simul
415 407 475 427 cum
504 399 569 434 ipsis
583 397 736 430 abruptum,
753 394 902 428 studiisque
927 398 1035 420 contra-

254 447 303 474 riis
317 447 494 477 distractum;
514 440 738 478 quemadmodum
756 439 783 466 in
800 439 832 466 iis
850 438 977 469 hiatibus,
990 437 1035 472 qui

255 500 287 519 ex
305 495 384 518 terrae
396 489 512 517 molibus
534 487 614 522 763
634 484 767 516 accidunt,
783 483 876 510 vicinae
887 488 914 510 et
928 483 1036 517 propin-

255 544 315 572 quae
331 540 422 570 partes
441 533 521 561 simul
543 532 644 560 moveri
659 531 759 562 solent;
783 533 828 556 aut
847 529 874 555 in
904 528 1037 563 pestiferis

255 582 356 609 morbis
369 580 461 608 famuli
473 586 504 606 ac
523 577 662 606 domestici
672 576 749 604 simul
760 575 934 610 abripiuntur,
945 575 1036 601 morbo

256 628 381 655 nimirum
397 627 430 654 ab
450 625 509 652 aliis
524 625 556 651 ad
569 624 635 651 alios
647 622 726 649 facile
738 621 902 648 dimanante.
925 620 979 648 Nec
994 628 1037 655 po-

256 673 346 708 pulum
363 672 460 705 solum,
473 670 520 698 sed
531 670 612 697 etiam
640 668 714 695 orbis
730 671 807 694 terra:
823 671 972 701 segmenta.
989 673 1036 693 eo-

256 720 315 746 dem
331 726 390 745 cum
409 716 601 745 dissidentibus
620 713 715 741 alleetu
727 717 871 743 commota,
887 713 922 738 ita
938 716 968 738 ut
980 711 1035 746 jam

257 765 282 791 in
297 765 363 791 duas
380 762 531 790 contrarias
539 766 630 794 partes
644 759 739 786 Oriens
749 763 776 786 et
791 757 921 785 Occidens
940 757 1036 784 secreti

256 814 339 843 atque
352 808 431 835 divisi
451 807 517 838 sint,
539 813 589 832 nec
601 804 655 838 jam
671 805 760 831 minus
773 803 924 830 animorum
950 807 977 829 et
991 810 1038 829 vo-

257 855 400 885 luntatum,
416 859 496 887 quam
514 851 606 878 ﬁnium
632 853 768 883 segmenta
796 855 856 875 esse
879 847 1037 875 videantur?

207 895 212 901 ’
257 900 402 934 Quousque
412 899 483 926 enim
499 898 556 925 haec
575 896 724 928 audientur,
742 902 817 922 meus
838 899 866 921 et
886 899 956 926 tuus,
972 893 1040 919 anti-

256 953 325 979 quus
342 951 369 972 et
391 951 486 976 novus,
503 941 643 970 facundior
654 945 700 967 aut
726 939 902 974 spiritualior,
925 938 1040 966 nobilior

257 995 303 1018 aut
318 990 470 1025 ignobilior,
490 987 662 1015 multitudine
677 987 828 1021 opulentior
844 991 891 1013 aut
917 985 1044 1013 tenuior?

258 1037 292 1064 ab
303 1037 363 1064 aliis
374 1044 470 1063 nomen
483 1036 618 1062 ducerem.

293 1082 373 1110 XXII.
390 1081 448 1109 Non
466 1080 522 1109 fero
540 1082 628 1110 cirCOs
651 1087 766 1115 vestros,
781 1087 807 1110 et
824 1082 928 1110 theatra
939 1102 947 1116 ,
963 1086 1044 1116 atque

258 1127 382 1154 aenmlum
395 1126 466 1154 hunc
482 1132 535 1154 tant
553 1127 578 1154 in
605 1128 769 1162 sumptibus,
784 1135 864 1162 quam
892 1127 917 1154 in
940 1128 1044 1154 animo-

258 1180 317 1199 rum
329 1172 436 1204 studiis,
449 1171 577 1200 furorem.
590 1172 680 1208 Equos
702 1173 914 1208 transjungimus
924 1191 931 1204 ,
950 1178 1042 1200 contra

255 1218 403 1253 iungimus,
429 1219 551 1245 certatim
568 1218 717 1251 fremimus,
744 1220 936 1254 propemodum
960 1219 1041 1246 etiam

259 1271 348 1291 aerem
367 1264 452 1299 ipsum
468 1264 654 1297 verberamus,
671 1270 700 1292 ut
728 1265 776 1296 illi,
803 1264 991 1299 pulveremque
1015 1265 1042 1292 in

259 1309 357 1336 coelum
374 1313 499 1342 tanquam
517 1309 746 1342 insanijacimus;
764 1316 796 1336 ac
807 1309 856 1336 sub
873 1308 969 1336 alienis
980 1315 1037 1343 per-

260 1355 334 1382 sonis
348 1355 534 1382 contentiones
548 1359 656 1383 nostras
678 1355 828 1390 explemus,
846 1355 963 1390 malique
983 1363 1039 1382 ant-

259 1401 369 1428 bitionis
384 1406 412 1428 et
424 1401 614 1428 muniﬁcentiae
632 1402 725 1429 arbitri
740 1401 878 1434 elIicimur,
896 1406 975 1436 atque
992 1401 1042 1428 ini-

260 1446 305 1480 qui
323 1451 349 1473 et
367 1446 477 1473 absurdi
494 1454 583 1473 rerum
601 1446 715 1481 judices.
732 1446 814 1473 Iidem
834 1446 904 1474 enim
921 1446 1042 1474 homines

260 1491 339 1518 hodie
355 1492 411 1526 pari
429 1491 569 1519 nobiscutn
593 1500 729 1519 sacrorum
748 1491 862 1526 ﬁdeique
880 1491 1043 1519 commercio

259 1537 501 1570 communicantes,
517 1538 538 1563 si
557 1537 592 1564 ita
608 1544 657 1564 nos
671 1537 752 1564 duces
773 1541 800 1564 et
812 1536 944 1563 antistites
958 1536 1042 1563 nostri

260 1581 387 1614 tulerint;
403 1589 462 1609 eras
477 1582 617 1609 comrariae
633 1582 703 1609 sedis
715 1587 742 1609 et
766 1582 906 1609 sententiae
930 1587 1003 1614 sunt,
1019 1582 1042 1608 si

259 1631 355 1653 ventus
369 1626 513 1654 reﬂaverit.
527 1626 622 1654 Odium
656 1633 736 1662 atque
764 1627 910 1654 amicitiam
935 1627 1041 1654 nomine

247 1671 440 1704 seomitantur;
457 1679 515 1704 nec,
530 1672 600 1706 quod
617 1673 804 1707 gravissimum
816 1677 868 1703 est,
895 1672 964 1706 apud
980 1679 1041 1699 eos-

261 1717 320 1744 dem
350 1717 484 1745 auditores
509 1719 641 1745 contraria
667 1718 738 1752 loqui
761 1717 964 1750 erubescimus;
991 1725 1042 1744 nec

261 1763 416 1799 nobisipsis
428 1768 593 1796 constamus,
613 1771 672 1790 cum
691 1763 804 1790 subinde
829 1771 877 1790 nos
904 1763 1041 1790 contentio

260 1811 393 1838 immutet.
411 1808 488 1836 Dicas
499 1808 612 1842 Euripos
626 1808 753 1842 quosdatn
782 1815 852 1840 esse,
874 1815 945 1835 nunc
959 1815 1042 1835 exun-

259 1856 365 1886 dantes,
382 1861 453 1880 nunc
469 1855 606 1888 reciproco
630 1853 711 1879 ﬂuctu
736 1852 914 1880 subsidentes.
944 1852 1043 1885 Quem-

260 1900 403 1927 admodum
419 1899 499 1934 igitur
510 1900 532 1926 si
547 1898 737 1925 adolescentuli
754 1898 780 1925 in
801 1899 888 1926 medio
904 1898 963 1926 foro
979 1899 1042 1926 lusi-

260 1951 358 1980 tarent,
376 1951 452 1981 turpe
471 1946 619 1984 admodum
634 1950 716 1978 esset,
742 1946 871 1980 nobisque
895 1946 1041 1980 indignum,

261 1993 362 2020 relictis
381 1993 480 2019 nostris
497 1993 602 2025 studiis,
619 1992 734 2026 vitasque
745 1991 885 2024 institutis,
903 1999 964 2019 cum
991 1992 1043 2019 illis

260 2038 353 2066 ludere
368 2038 466 2074 (neque
485 2039 557 2066 enim
572 2046 714 2073 puerorum
735 2038 788 2065 ludi
803 2043 968 2066 senectutem
993 2038 1042 2065 de-

259 2086 349 2120 cent);
364 2085 456 2112 eodem
474 2085 553 2112 modo
567 2093 616 2112 nec
630 2086 662 2118 si,
681 2085 739 2113 aliis
750 2090 843 2112 mutuo
857 2092 916 2112 sese
932 2092 1043 2111 versan-

261 2129 332 2157 tibus
343 2129 608 2164 atquejactantibns,
625 2131 720 2157 tuclius
742 2131 867 2164 quiddam
881 2131 939 2164 ipse
963 2137 1042 2164 quam

260 2175 353 2210 vulgus
363 2176 487 2207 sentiam,
505 2183 573 2202 unus
589 2184 681 2202 eormn
698 2183 758 2203 esse
779 2176 881 2206 malim,
898 2183 990 2209 quam,
1014 2179 1044 2202 ut

259 2227 331 2252 sum,
346 2228 405 2247 cum
426 2221 588 2248 obscuritate
608 2221 684 2248 liber.
701 2222 739 2248 Ac
755 2226 884 2256 praetcrea
910 2222 945 2247 ita
972 2227 1039 2255 quo-

261 2325 350 2347 autem
377 2329 386 2346 ‹
399 2328 524 2348 sacrum)
542 2325 582 2348 est
604 2321 765 2355 appellatum
784 2328 798 2347 a
816 2320 956 2355 Gregorio,
974 2321 1035 2354 quia
1053 2324 1074 2350 ι)

261 2356 295 2381 ah
319 2355 450 2391 episcopis
464 2362 490 2382 et
511 2356 694 2383 sacerdotibus
710 2356 742 2382 de
763 2359 841 2382 rebus
856 2364 940 2382 saetas
954 2361 980 2382 et
997 2356 1037 2382 di-

261 2391 331 2417 vinis
348 2392 576 2418 connuiuebatnr.

309 2425 353 2459 55)
367 2425 432 2452 Kal.
449 2425 527 2452 Deest
541 2425 567 2452 in
582 2429 696 2458 quatuor
704 2425 784 2460 liegg.
800 2430 824 2452 el
838 2425 884 2453 Or.
898 2425 925 2451 ‘2.

308 2461 352 2495 56)
372 2461 437 2487 Τόν.
455 2461 533 2487 Deest
546 2461 572 2486 in
589 2460 654 2492 Reg.
670 2461 724 2487 but.

297 2494 352 2530 (57)
367 2495 526 2531 Ὥσπερρν
540 2495 616 2531 τοῖς,
628 2494 673 2521 Sic
685 2495 750 2531 Reg.
766 2495 820 2527 bm,
836 2499 889 2522 tres
896 2494 983 2526 Coll»,
993 2494 1040 2522 0r.
1062 2514 1068 2517 ν

261 2530 288 2562 2,
304 2536 354 2565 etc.
369 2530 396 2557 lu
411 2531 466 2561 ed.,
481 2530 573 2565 ὥσπερ
588 2530 689 2561 αὐτοῖς.

297 2564 354 2599 (58)
373 2566 503 2598 Ἀλλοις.
523 2564 649 2600 Hervag.,
665 2565 756 2600 ἄλλης.

297 2598 353 2635 (59)
369 2600 552 2634 Αἰσχύνομαι
564 2599 597 2626 τὸ
612 2598 715 2634 ᾒρας,
725 2598 778 2628 etc.
793 2599 850 2626 Bill.
868 2609 873 2626 :
894 2609 902 2625 ι
915 2598 1043 2626 Senectu-

263 2635 298 2662 tis
312 2642 354 2662 me
370 2637 459 2670 pudet,
486 2643 547 2662 cum
573 2636 812 2670 aliorutninomine
829 2643 950 2664 censeor,
963 2635 1014 2670 (qui
1029 2642 1043 2660 ιι

262 2670 370 2705 Christo
401 2670 521 2705 salutent
540 2671 642 2705 accepi.
655 2679 664 2696 ι
691 2669 894 2698 Percheimerus
914 2676 921 2695 :
939 2678 948 2694 ι
962 2669 1045 2705 Ιξιηιει

263 2713 307 2732 me
322 2704 442 2737 honoris,
457 2705 479 2731 si
499 2704 533 2732 ab
546 2704 604 2731 aliis
616 2712 712 2732 nomen
731 2706 840 2735 sortior.
859 2712 919 2731 cum
936 2711 950 2730 a
967 2704 1045 2730 Chri-

263 2745 306 2767 SIO
321 2739 438 2766 salvatus
448 2740 509 2766 situ.
523 2749 532 2764 ι
554 2739 663 2766 Videtur
679 2740 783 2775 legisse,
807 2739 902 2775 γέρας,
924 2747 933 2764 t
947 2739 1041 2772 honor,

263 2774 411 2810 prazmiutn,
423 2783 433 2799 ›
451 2782 504 2810 pro
515 2775 613 2810 γῆρας.
631 2784 639 2799 ι
654 2780 786 2810 senectus.
802 2784 811 2800 ι

299 2808 354 2844 (60)
370 2808 472 2835 Κακοι.
488 2808 534 2837 0r.
545 2808 575 2841 ‘2,
591 2810 637 2836 καὶ
652 2809 740 2836 κακοί.

299 2843 356 2879 (61)
372 2844 481 2877 Κριταί.
497 2844 553 2872 Duo
564 2845 651 2878 Colb.,
664 2844 793 2879 λογισταί.

850 155 879 194 S.
899 154 1061 183 GREGORII
1081 152 1253 181 TIIEOLOGI

1815 143 1865 171 464

1052 215 1074 243 Α
1091 209 1171 244 ἱερὸς,
1186 209 1279 244 ὥσπερ
1294 207 1340 234 καὶ
1357 207 1413 244 (55)
1427 205 1602 242 βαρϐαρικός.
1614 203 1676 235 Πῶς
1691 201 1811 236 συνάψω.
1823 201 1866 227 καὶ

1087 257 1125 287 εἰς
1139 255 1167 282 ἓν
1184 255 1279 289 ἀγάγω
1290 254 1354 286 τοὺς
1364 251 1622 287 ἁντικαθεζομένους
1635 250 1746 280 τούτους
1762 247 1810 274 καὶ
1823 247 1866 273 ἀν-

1086 302 1317 337 τιποιμαίνοντας,
1334 301 1380 327 καὶ
1394 299 1439 326 τὸν
1451 298 1507 334 (56)
1523 295 1750 333 συναπεῤῥωγότα
1765 294 1868 324 τούτοις

1087 345 1150 371 λαὸν
1167 345 1214 372 καὶ
1228 345 1366 372 ἀντίθετον
1376 353 1383 360 ·
1396 344 1490 379 ὥσπερ
1500 344 1528 369 ὲν
1543 344 1599 373 τοῖς
1615 341 1670 377 (57)
1680 341 1803 376 χάσμασι
1817 339 1868 365 τῶν

1089 391 1219 425 σεισμῶν,
1246 390 1280 417 τὰ
1294 389 1465 424 γειτονοῦντα
1489 388 1536 415 καὶ
1551 386 1734 422 πλησιάζοντα
1746 393 1754 400 ·
1772 385 1789 421 ἢ
1810 386 1868 416 ταῖς

1087 436 1222 471 λοιμικαῖς
1242 436 1328 467 νόσοις
1347 435 1411 467 τοὺς
1439 433 1606 470 θεραπευτὰς
1621 433 1668 459 καὶ
1682 431 1808 462 οἰκείους,
1823 430 1868 457 ἄλ·

1088 483 1143 514 λοις
1158 482 1212 517 (58)
1226 483 1272 509 ἀπ’
1286 482 1371 509 ἄλλων
1382 480 1565 516 διαδιδομένης
1579 479 1696 510 εὐκόλως
1711 478 1762 513 τῆς
1776 477 1868 512 ἀῤῥω-

1090 528 1165 559 στίας
1174 536 1181 543 ·
1200 528 1229 554 οὐ
1245 528 1323 562 μόνον
1333 527 1371 558 δὲ,
1380 526 1447 553 ἀλλά
1459 527 1505 553 καὶ
1517 526 1552 552 τὰ
1564 525 1613 560 τῆς
1625 525 1699 551 οῑκου
1705 523 1790 558 μένης
1804 522 1868 558 τμήι

1090 582 1162 609 ματα
1175 573 1381 608 συμπεπονοότα
1393 574 1448 603 τοῖς
1461 571 1660 603 στασιάζουσιν,
1685 568 1757 596 ὥστε
1772 569 1818 595 καὶ
1829 569 1868 599 εἰς

1089 618 1231 644 ἀντίπαλον
1243 620 1338 653 μοῖραν
1344 617 1519 652 ἀποκριθῆναι
1527 616 1586 642 τότε
1594 616 1675 651 Ἑῷον
1686 615 1733 642 καὶ
1738 614 1768 641 τὺ
1775 613 1782 621 ’
1788 613 1869 640 Εσπέ-

1090 673 1157 700 ριον,
1174 665 1220 690 καὶ
1231 664 1396 691 κινδυνεύειν
1410 663 1459 699 τῆς
1474 662 1586 698 γνώμης
1607 663 1656 698 οὐχ
1679 659 1759 697 ἦττον
1775 661 1792 697 ἦ
1818 661 1868 687 τῶν

1090 710 1214 745 περάτων
1231 710 1314 736 ταῦτα
1325 709 1450 744 γενέσθαι
1461 710 1606 744 τμήματα;
1628 708 1715 744 Μέχρι
1731 707 1804 739 τίνος
1818 707 1869 742 γὰρ

1089 756 1103 782 6
1122 756 1186 791 ὲμὺς
1200 756 1247 782 καὶ
1260 756 1274 782 6
1289 755 1343 787 σὸς,
1358 755 1405 781 καὶ
1420 756 1434 781 ό
1451 754 1564 786 παλαιὸς
1575 753 1644 780 καὶὸ
1659 753 1728 786 νέος,
1748 753 1763 778 ὁ
1779 751 1870 786 λογιώ-

1090 802 1191 837 τεροςῆ
1203 803 1217 828 6
1230 800 1492 836 πνευματικώτερος,
1503 801 1517 827 ό
1529 800 1716 835 εὐγενέστερος
1727 799 1743 834 ἢ
1755 799 1769 825 6
1780 799 1870 833 δυσγε-

1089 847 1222 882 νέστερος,
1238 847 1252 873 6
1267 846 1304 882 τῷ
1321 846 1415 882 πλήθει
1431 845 1651 881 πλουσιώτεροςῆ
1664 845 1678 870 ὁ
1695 845 1868 880 πενέστεροςς

1055 899 1077 928 Β
1090 893 1256 928 Αἰσχύνομαι
1268 893 1298 919 τὸ
1311 893 1398 928 γῆρας
1418 891 1474 928 (59)
1487 912 1496 926 ,
1521 891 1608 918 ἀλλων
1622 891 1802 926 καλούμενος,
1821 890 1870 916 ὑπὸ

1093 938 1210 974 Χριστοῦ
1230 938 1410 973 σεσωσμένος.

1062 985 1254 1014 Erubescerem
1267 986 1394 1014 canitiem
1407 991 1504 1019 meam,
1521 986 1554 1019 si,
1583 992 1598 1012 a
1626 984 1733 1013 Christo
1743 984 1870 1017 salvatus,

1125 1079 1188 1106 KB’.
1206 1079 1243 1106 Οὐ
1257 1078 1332 1113 φέρω
1344 1078 1405 1109 τοὺς
1417 1076 1545 1107 ἱππικοὺς
1559 1075 1646 1111 ὑμῶν,
1657 1075 1705 1101 καὶ
1715 1073 1750 1100 τὰ
1763 1073 1870 1109 Θέατρα,

1091 1126 1137 1153 καὶ
1154 1126 1202 1161 τὴν
1216 1125 1378 1161 ἀντίρῤοπον
1388 1124 1490 1160 ταύτην
1502 1123 1599 1159 μανίαν
1613 1122 1641 1149 ἐν
1655 1131 1684 1149 τε
1697 1122 1872 1157 δαπανήμασι

1091 1173 1138 1200 καὶ
1155 1172 1351 1207 σπουδάσμασι.
1377 1170 1624 1205 Μεταζεύγνυμεν,
1650 1167 1870 1202 ἀπιζεὺγνυμεν,

1091 1217 1365 1254 ἀντιφρυασσόμεϐα,
1398 1216 1496 1253 μικροῦ
1522 1216 1568 1242 καὶ
1596 1216 1640 1242 τὸν
1656 1215 1724 1251 ἀέρα
1746 1215 1870 1250 παίομεν,

1090 1263 1184 1299 ὥσπερ
1212 1264 1322 1295 ἐκεῖνοι,
1350 1263 1397 1289 καὶ
1426 1262 1558 1298 βάλλομεν
1581 1261 1653 1288 κόνιν
1681 1263 1721 1293 εἰς
1749 1261 1871 1297 οὐρανὸν.

1090 1308 1183 1344 ὥσπερ
1209 1309 1233 1335 οἱ
1254 1308 1445 1344 ἐξεστηκότες·
1466 1308 1514 1334 καὶ
1541 1307 1587 1334 ὑπ’
1604 1307 1692 1338 ἄλλοις
1719 1306 1873 1342 προσώποις

1089 1355 1138 1387 τὰς
1164 1355 1298 1390 ἡμετέρας
1319 1353 1507 1389 ὲκπληροῦμεν
1521 1353 1696 1389 φιλονεικίας,
1717 1353 1799 1379 κακοὶ⁴
1819 1351 1871 1386 (60)

1089 1400 1220 1436 γινόμεθα
1232 1401 1281 1435 τῆς
1294 1400 1449 1434 φιλοτιμίας
1465 1400 1611 1435 διαιτηταὶ,
1628 1399 1675 1426 καὶ
1700 1399 1795 1434 κριταὶ
1819 1397 1872 1433 (61)

1089 1446 1144 1473 τῶν
1155 1446 1322 1481 πραγμάτων
1334 1444 1499 1479 ἀγνώμονες.
1516 1445 1640 1480 Σήμερον
1661 1443 1800 1479 σύνθρονοι
1818 1443 1871 1478 (ϐὶ)

1091 1493 1137 1518 καὶ
1153 1492 1282 1527 ὁμόδοξοι,
1298 1491 1330 1518 ἂν
1345 1490 1415 1517 οὕτω
1432 1491 1550 1526 φέρωσιν
1565 1491 1638 1525 ἡμᾶς
1647 1490 1672 1516 οἱ
1682 1490 1794 1524 ἄγοντες
1802 1488 1869 1524 (63)·

1092 1537 1184 1573 αὗριον
1203 1537 1353 1572 ἀντίθρονοι
1364 1536 1419 1571 (64)
1429 1536 1475 1562 καὶ
1490 1535 1631 1568 ἀντίδοξοι,
1645 1535 1693 1562 ἐὰν
1707 1534 1870 1568 ἀντιπνεύσῃ

1056 1576 1077 1604 C
1093 1584 1123 1610 τὸ
1140 1583 1256 1618 πνεῦμα.
1283 1582 1360 1609 Μετὰ
1385 1583 1433 1618 τῆς
1445 1582 1544 1616 ἔχθρας
1568 1581 1615 1608 καὶ
1631 1581 1680 1616 τῆς
1700 1581 1792 1615 φιλίας
1807 1580 1872 1616 (65),

1091 1629 1138 1655 καὶ
1153 1629 1186 1655 τὰ
1200 1628 1318 1663 ὀνόματα
1327 1636 1333 1643 ·
1350 1627 1406 1660 καὶ,
1421 1627 1450 1653 τὸ
1461 1627 1620 1661 δεινότατον,
1631 1628 1680 1653 οὐκ
1691 1627 1872 1662 αἰσχυνόμεθα

1090 1675 1146 1706 τοῖς
1161 1674 1252 1704 αὐτοῖς
1262 1672 1395 1708 χρώμενοι
1414 1672 1468 1698 τῶν
1483 1673 1610 1699 ἐναντίων
1626 1673 1789 1708 ἀκροαταῖς·
1815 1673 1873 1699 οὐδὲ

1092 1719 1139 1746 ἐπὶ
1151 1718 1204 1745 τῶν
1227 1718 1316 1745 αὐτῶν
1338 1718 1503 1754 βεϐήκαμεν,
1518 1718 1610 1745 ἄλλοτε
1630 1717 1728 1750 ἄλλους
1745 1718 1872 1753 ποιούσης

1091 1766 1165 1801 ἡμᾶς
1180 1765 1229 1800 τῆς
1243 1764 1419 1798 φιλονεικίας.
1447 1764 1575 1800 Εὑρίπων
1590 1764 1735 1800 μεταϐολαί
1758 1773 1838 1796 τινες,
1855 1764 1870 1799 ἦ

1091 1808 1255 1845 ἀμπώτιδες.
1276 1809 1379 1844 Ὥσπερ
1397 1807 1442 1835 οὖν
1463 1810 1486 1835 εἰ
1502 1809 1651 1844 μειρακίων
1666 1810 1694 1835 ἑν
1709 1809 1798 1845 ἀγορᾷ
1811 1817 1872 1835 παι-

1092 1855 1191 1888 ζόντων
1210 1856 1239 1882 ἐν
1254 1855 1328 1890 μέσῳ
1343 1856 1390 1881 καὶ
1404 1855 1585 1890 παιζομένων,
1598 1855 1709 1891 αἰσχρὸν
1723 1854 1757 1881 ἂν
1771 1853 1805 1890 ἦν
1816 1855 1874 1881 λίαν

1092 1902 1138 1928 καὶ
1151 1902 1200 1936 οὐχ
1215 1900 1304 1936 ἡμῶν,
1323 1900 1524 1932 καταλιπόντας
1538 1900 1586 1932 τὰς
1603 1901 1705 1932 οἰκείας
1721 1900 1873 1936 διατριϐὰς,

1092 1946 1205 1978 ἐκείνοις
1221 1947 1409 1982 συμφέρεσθαι
1429 1947 1478 1982 (οὐ
1495 1947 1549 1981 γὰρ
1560 1946 1658 1982 ὡραῖον
1675 1946 1759 1982 γήρᾳ,
1774 1947 1874 1973 παίδων

1093 1992 1268 2028 ὰθύρματα)·
1285 1992 1370 2022 οὕτως
1380 1992 1432 2018 οὐδ’
1447 1993 1482 2024 εἰ,
1496 1992 1631 2028 φερόντων
1646 1992 1692 2018 καὶ
1716 1992 1772 2027 (66)
1790 2001 1874 2028 φερο-

1095 2039 1184 2074 μένων
1195 2039 1249 2065 τῶν
1264 2038 1366 2070 ἄλλων,
1388 2038 1468 2070 αὐτός
1484 2047 1510 2065 τι
1527 2038 1629 2073 βέλτιον
1643 2038 1696 2064 τῶν
1713 2038 1818 2065 πολλῶν
1834 2048 1874 2073 γι-

1093 2083 1220 2116 νώσκων,
1238 2084 1368 2120 δεξαίμην
1383 2084 1415 2111 ἂν
1436 2085 1546 2111 ἐκείνων
1572 2082 1611 2116 εἷς
1625 2082 1695 2112 εἶναι
1713 2085 1830 2120 μᾶλλον.
1846 2085 1873 2121 ἢ,

1093 2130 1159 2165 ὅπερ
1175 2130 1242 2165 είμὶ,
1264 2130 1333 2165 μετὰ
1355 2129 1405 2164 τῆς
1423 2130 1540 2164 ἀφανῐας
1558 2130 1613 2165 (67)
1636 2130 1787 2166 ἐλεύθερος.
1805 2130 1873 2167 Πρὸς

1093 2175 1148 2211 γὰρ
1173 2174 1205 2202 αὖ
1231 2177 1287 2206 τοῖς
1305 2175 1394 2207 ἄλλοις
1418 2175 1514 2210 πάσχω
1534 2184 1560 2202 τι
1581 2175 1627 2202 καὶ
1650 2175 1781 2208 τοιοῦτον,
1797 2177 1827 2203 οὐ
1841 2176 1873 2202 τὰ

1095 2221 1179 2247 πολλὰ
1193 2221 1368 2257 συμφέρομαι
1383 2223 1439 2253 τοῖς
1451 2221 1565 2253 πολλοῖς,
1583 2221 1643 2248 οὐδὲ
1663 2221 1713 2252 τὴν
1730 2222 1815 2257 αὐτὴν
1829 2221 1874 2257 βα·

1122 2321 1177 2356 (62)
1195 2323 1365 2356 Σύνθρονοι.
1393 2323 1446 2350 Eos
1463 2322 1596 2357 intelligit,
1617 2320 1674 2355 qui,
1691 2319 1732 2347 vel
1741 2320 1873 2355 episcopi,

1091 2357 1132 2382 vel
1147 2358 1293 2392 presbyteri
1312 2358 1338 2384 in
1356 2359 1475 2384 sacrario
1489 2356 1624 2387 sedentes,
1643 2363 1694 2382 una
1706 2356 1794 2383 sacris
1812 2363 1871 2383 cum

1090 2392 1199 2426 proprio
1214 2393 1339 2426 episcopo
1354 2399 1462 2426 operam
1474 2392 1583 2419 dabant.

1125 2426 1180 2460 (65)
1207 2428 1238 2453 Οἱ
1262 2425 1394 2462 ἄγοντες.
1431 2427 1538 2454 Nicetas
1563 2425 1682 2462 exponit.
1706 2426 1874 2460 προεστηκὸ-

1089 2469 1145 2492 τες,
1162 2463 1343 2495 (superiores.
1357 2471 1366 2487 ι
1391 2462 1447 2494 Qua
1477 2469 1542 2488 voce
1571 2461 1747 2495 imperatores
1760 2462 1875 2487 maxime

1090 2497 1336 2531 suntintelligendi,
1352 2497 1409 2531 qui,
1435 2501 1465 2522 ut.
1490 2496 1570 2523 tradit
1584 2495 1654 2531 idem
1664 2494 1791 2531 ANipelas,
1815 2500 1875 2522 sunt

1090 2529 1258 2564 potissimum
1279 2541 1288 2556 ε
1301 2529 1396 2558 ventus
1412 2530 1520 2564 reﬂuus,
1535 2541 1544 2557 ι
1565 2537 1618 2564 quo
1632 2529 1783 2562 inferiores,
1805 2531 1876 2557 velut

1091 2565 1196 2598 calami,
1215 2565 1393 2592 inﬂectantnr.

1127 2601 1182 2634 (6i)
1203 2601 1391 2635 Ἀντιθρονοι.
1407 2600 1573 2628 «Contraria:
1591 2599 1671 2630 sedis,
1686 2609 1695 2625 ι
1716 2598 1742 2626 id
1760 2604 1813 2631 est,
1828 2600 1871 2634 qui

1092 2636 1188 2670 studiis
1203 2636 1291 2666 divisi,
1306 2637 1442 2670 oppositos
1456 2641 1603 2663 conventus
1622 2639 1732 2668 cogunt.

1129 2669 1184 2704 (65)
1198 2671 1323 2704 Ἔχθρας
1336 2669 1384 2697 καὶ
1403 2670 1454 2704 τῆς
1470 2671 1580 2704 φιλίας.
1611 2670 1638 2696 ld
1651 2675 1703 2697 est.
1731 2669 1873 2703 quemdam

1091 2705 1133 2731 vel
1152 2705 1304 2732 haeretieum
1334 2706 1376 2732 vel
1392 2707 1569 2732 orthodoxum
1597 2704 1780 2735 nominamus,
1799 2710 1875 2738 prout

1092 2747 1155 2774 erga
1169 2740 1253 2774 ipsum
1275 2747 1366 2766 amore
1384 2740 1425 2767 vel
1438 2741 1500 2768 odio
1515 2740 1657 2767 allicituur.

1127 2774 1182 2808 (66)
1200 2774 1263 2801 Καί.
1281 2774 1346 2809 Reg.
1362 2776 1416 2808 hm,
1430 2775 1457 2810 ἦ.

1125 2810 1183 2852 (67)
1205 2810 1355 2844 Ἀφανιας.
1385 2810 1504 2843 Quatuor
1529 2809 1611 2844 Regg.
1641 2815 1668 2838 et
1682 2810 1730 2839 0r.
1751 2810 1778 2842 2.
1805 2810 1872 2845 ἀφα-

1091 2852 1175 2876 νειας.
