2013 3134
142 154 190 183 485

643 152 772 181 ORATIO
790 152 870 180 XLII.
889 169 923 175 —
943 151 1132 182 SUPREMUM
1154 151 1254 180 VALE.

1698 153 1750 182 486

141 209 219 240 διςειν
240 207 386 244 ἀνέχομαι·
415 208 536 244 θρασέως
563 209 611 244 μὲν
642 210 705 241 ἴσως
725 210 772 235 καὶ
798 209 918 244 ἀμαθῶς,

971 209 1111 236 dammodo
1129 209 1238 242 allicior,
1251 213 1281 235 ut
1297 215 1348 236 non
1364 208 1506 236 admodum
1519 209 1656 237 mihicum
1672 211 1751 246 vulgo

142 255 231 289 πάσχω
249 254 270 280 δ’
286 252 333 281 οὖν
349 255 432 289 ὅμως.
454 255 527 290 ’Λνιᾷ
542 264 574 290 με
590 254 624 281 τὰ
636 254 688 281 τῶν
706 255 792 282 ἄλλων
806 255 919 290 τερπνὰ,

141 300 184 327 καὶ
207 300 341 335 τέρπομαι
360 302 415 331 τοῖς
440 300 540 335 ἐτέρων
563 301 693 336 ἀνιαροῖς.
709 301 791 327 Ὥστε
818 301 868 327 οὐκ
888 301 920 327 ἂν

141 346 305 381 Θαυμάσαιμι
328 346 388 372 οὐδὲ
401 345 480 372 τοῦτο
492 366 499 378 ,
518 347 541 372 εἰ
558 347 604 372 καὶ
627 346 742 382 δεθείην,
757 346 794 378 ὡς
807 347 920 382 δύσχρη-

142 401 207 424 στος,
224 392 269 418 καὶ
285 392 452 427 ἀνοηταίνειν
463 391 569 427 δόξαιμι
587 393 643 424 τοῖς
653 392 769 424 πολλοῖς,
783 393 796 419 ὃ
811 402 851 424 τις
862 393 919 426 (G8)

140 437 240 470 λέγεται
256 437 310 463 τῶν
331 438 396 472 παρ’
417 437 528 472 Ἕλλησι
552 437 791 473 φιλοσοφησάντων
806 438 917 470 παθεῖν,

141 483 275 517 ἐγκληθεὶς
289 483 326 514 ὡς
341 483 437 518 μανίαν
452 483 500 518 τὴν
518 484 704 518 σωφροσύνην,
719 484 759 510 ὅτι
770 484 877 519 διεγέλα
885 484 918 511 τὰ

140 529 232 559 πάντα,
249 528 364 562 γέλωτος
377 528 446 564 ὁρῶν
459 527 522 561 ἄξια
535 529 569 555 τὰ
582 531 636 561 τοῖς
653 529 759 561 πολλοῖς
774 530 919 561 σπουδαζό-

141 582 219 609 μενα·
236 574 252 609 ἢ
272 573 319 600 καὶ
335 573 467 607 γλεύκους
487 574 642 609 νομισθείην
655 572 724 601 εἶναι
748 575 845 610 μεστὸς
858 595 864 606 ,
881 575 919 606 ὡς

141 618 246 654 ὕστερον
259 619 284 644 οἱ
297 618 414 653 Χριστοῦ
441 618 560 654 μαθηταὶ
583 619 622 654 τῷ
647 619 737 646 λαλεῖν
761 619 896 654 γλώσσαις
910 627 917 634 ·

139 664 309 698 ἀγνοηθέντες
325 685 332 696 ,
358 665 398 690 ὅτι
427 664 584 699 [Ινεύματος
603 664 717 700 δύναμις
733 662 766 700 ἧν
779 684 786 696 ,
802 666 832 691 ού
852 673 918 700 φρε-

140 709 189 736 νῶν
202 709 255 745 (69)
273 709 411 740 ἔκστασις.

141 757 173 784 tis
187 765 292 784 summo
309 758 398 785 studio
411 761 573 791 expetuntur
589 768 595 785 :

970 255 1123 287 conveniat,
1147 262 1196 282 nec
1212 255 1335 282 eamdem
1368 255 1438 281 viam
1452 254 1554 290 ingredi
1584 257 1751 290 sustineam;

970 301 1094 328 rusticius
1111 301 1136 328 id
1153 301 1261 335 quidem
1278 300 1394 327 fortasse
1409 305 1488 335 alque
1500 301 1659 335 imperitius,
1671 302 1753 338 765.

969 347 1016 374 sed
1034 351 1121 373 tamen
1135 347 1170 373 ita
1191 346 1302 374 alliciar.
1322 346 1370 378 Ea,
1388 353 1447 381 quae
1462 346 1521 373 aliis
1536 347 1696 381 voluptatem
1711 349 1753 383 gi-

968 397 1063 426 guunt,
1084 391 1148 418 mihi
1165 391 1278 418 molesta
1293 396 1374 420 sunt:
1401 398 1460 426 qua:
1484 396 1572 419 autem
1591 392 1650 420 aliis
1665 393 1752 420 tristia

967 443 992 465 θ’
1007 439 1149 471 injucunda
1162 437 1295 471 videntur,
1313 445 1343 464 ea
1356 438 1472 464 animum
1488 446 1575 465 meum
1602 439 1749 467 oblectant.

968 483 1110 516 Quocirca,
1127 492 1159 511 ne
1175 484 1226 511 hoc
1239 484 1346 518 quidem
1362 484 1426 511 mihi
1444 484 1540 511 mirum
1552 485 1642 518 fuerit,
1657 485 1679 513 si
1691 485 1752 512 viu-

967 529 1033 556 culis
1046 529 1125 556 etiam
1149 529 1292 563 astringar,
1308 533 1336 555 ut
1352 529 1538 557 incommodus
1567 534 1594 556 et
1619 537 1751 563 morosus,

967 582 998 601 ac
1011 574 1144 609 plerisque
1155 575 1277 608 desipere
1290 575 1392 607 videar,
1406 576 1630 609 quemadmodum
1644 576 1752 604 ethnico

968 620 1073 646 cuidam
1094 620 1253 655 philosopho
1268 620 1375 652 accidit,
1392 620 1434 646 cui
1449 621 1588 654 prudentia
1608 621 1683 654 quasi
1709 621 1751 648 itt-

967 666 1044 692 sauia
1058 666 1123 692 vitio
1154 665 1318 698 vertebatur,
1345 666 1471 700 quoniam
1490 666 1580 693 omnia
1606 666 1749 700 irridebat,

968 712 1025 738 risu
1038 711 1163 738 videlicet
1177 719 1209 738 ea
1225 712 1302 746 digna
1315 719 1373 738 esse
1387 712 1560 746 perspiciens,
1579 719 1638 747 quae
1651 720 1666 739 a
1684 713 1754 740 mul-

632 762 677 785 aut
705 759 785 786 etiam
816 762 904 785 musto
932 759 1027 793 plenus
1044 767 1103 786 csse
1115 767 1235 792 censear,
1260 764 1288 786 ut
1309 764 1399 794 postea
1415 759 1514 786 Christi
1535 759 1677 792 discipuli,
1692 767 1752 786 eum

143 803 233 837 linguis
242 803 416 837 loquerentur
426 803 448 818 '”
461 802 618 837 ;ignorante
629 800 914 830 seilicetmultitudiue
934 803 960 830 id
976 803 1092 838 Spiritus
1106 805 1131 831 vi
1163 809 1189 831 et
1219 803 1346 831 facultate
1359 803 1432 836 ﬁeri,
1450 811 1502 830 non
1529 804 1626 831 mentis
1642 804 1752 831 aberra-

142 850 218 877 tione.

174 895 233 922 KF'.
250 876 381 922 Σκοπεὶτε
395 895 448 930 γὰρ
462 895 508 921 καὶ
522 894 600 929 ἡμῶν
619 894 653 921 τὰ
671 894 840 930 ἐγκλήματα.
872 894 921 921 To-

1008 891 1101 919 XXlll.
1113 891 1172 918 Jam
1187 891 1300 918 crimina
1315 898 1422 926 quoque
1432 871 1532 924 nostra,
1543 899 1643 927 quaeso,
1654 900 1754 928 expett-

141 939 230 973 σοῦτος
246 940 352 976 χρόνος,
367 941 457 975 φησὶν,
473 940 503 973 ἐξ
516 933 546 967 οὗ
568 940 616 975 τὴν
649 940 809 976 Ἐκκλησίαν
834 941 919 974 ἄγεις,

143 986 206 1021 μετὰ
219 987 268 1021 τῆς
283 986 331 1012 τοῦ
351 985 446 1021 καιροῦ
459 986 556 1021 ῥοπῆς,
572 985 618 1012 καὶ
630 986 680 1020 τῆς
696 985 743 1013 τοῦ
756 985 920 1022 κρατοῦντος

140 1031 231 1066 ὁρμῆς,
246 1031 374 1058 τοσούτου
385 1031 563 1066 πράγματος·
580 1031 606 1057 τί
621 1031 671 1066 τῆς
683 1030 834 1066 μεταϐολῆς
855 1032 921 1067 ἡμῖν

142 1077 310 1112 ἐπεσήμηνε;
327 1077 407 1103 Πόσοι
422 1076 482 1103 καθ’
505 1076 583 1112 ἡμῶν
609 1076 761 1112 ἔμπροσθεν
778 1076 921 1111 γεγόνασιν

142 1121 275 1156 ὑϐρισταὴ
292 1121 416 1148 Τξδεινδν
428 1122 458 1148 οὺ
473 1121 660 1157 πεπόνθαμεν;
676 1121 731 1157 οὐχ
745 1121 836 1157 ὕϐρεις
847 1130 854 1154 ;
864 1122 921 1148 Οὐκ

140 1166 248 1198 ἀπειλάς
259 1175 266 1199 ;
283 1167 322 1193 Oti
334 1166 421 1200 φυγάς
433 1174 440 1197 ;
453 1166 490 1192 Οὐ
498 1166 646 1201 χρημάτων
659 1166 784 1202 ἁρπαγάς
796 1175 804 1199 ;
819 1166 856 1192 Οὺ
873 1166 920 1201 δη-

143 1213 266 1247 μεύσεις;
290 1213 330 1239 Οὺ
345 1212 535 1248 πρεσϐυτέρων
549 1213 731 1248 ἐμπρησμοὺς
753 1212 809 1247 (70)
825 1212 921 1238 θαλατ-

142 1256 225 1290 τίουςς
247 1257 285 1283 Οὐ
305 1257 386 1288 ναοὺς
408 1256 611 1291 βεϐηλωμένους
627 1257 681 1291 (71)
709 1257 794 1291 ἁγίων
813 1257 920 1291 αἵμασι,

142 1302 185 1328 καὶ
199 1303 361 1338 γενομένους
374 1302 432 1328 ἀντὶ
446 1302 516 1328 ναῶν
530 1302 706 1338 πολυάνδριας
720 1303 756 1329 Οὐ
772 1302 921 1338 πρεσϐυτέ-

143 1356 192 1383 ρων
203 1348 360 1374 επισκόπων
372 1368 378 1380 ,
395 1347 556 1382 οἰκειότερον
581 1348 608 1374 δὲ
632 1348 808 1383 πατριαρχῶν
823 1349 920 1380 εἰπεῖν,

144 1394 243 1427 σφαγὰς
257 1393 410 1429 ὃημοσίαςς
425 1394 462 1420 Ού
477 1394 506 1420 τὸ
520 1393 608 1420 πάντα
623 1394 704 1420 τόπον
724 1394 824 1420 ἄϐατον
848 1392 919 1420 εἶναι

143 1440 195 1470 τοῖς
208 1439 331 1466 εὐσεϐέσι
347 1439 453 1474 μόνοις;
468 1438 523 1474 Οὐχ
538 1439 552 1465 ὃ
567 1448 593 1465 τι
608 1438 640 1465 ἂν
656 1440 726 1466 εἴποι
746 1449 788 1472 τις
799 1439 853 1466 τῶν
867 1439 922 1465 δει-

143 1485 191 1511 νῶν
203 1493 209 1517 ς
222 1482 271 1512 Ὧν
287 1486 315 1512 τί
329 1487 384 1515 τοῖς
399 1486 576 1520 πεποιηκόσιν
588 1485 812 1519 ἀντιδεδώκαμεν,
829 1484 921 1520 ἐπειδὴ

143 1530 171 1556 τὸ
183 1530 278 1562 ἐξεῖναι
289 1532 376 1557 ποιεῖν
389 1528 417 1556 εὖ
431 1530 522 1557 ποιοῦν
532 1529 715 1565 ἀντεστράφη,
726 1530 772 1556 καὶ
783 1529 921 1556 παιδεύειν

973 938 1037 966 dite.
1050 937 1136 964 Tanto
1145 937 1200 970 jam
1217 941 1336 971 tempore
1347 957 1355 970 ,
1371 938 1503 972 inquiunt,
1516 938 1643 966 Ecclesize
1656 947 1752 974 prates,

975 982 1104 1018 temporis
1121 981 1221 1009 auxilio
1245 981 1337 1015 fultus,
1361 987 1442 1017 atque
1466 983 1636 1017 imperatoris
1651 984 1753 1018 favore,

973 1033 1046 1055 tanta
1064 1035 1103 1059 re,
1126 1035 1157 1054 ac
1171 1027 1238 1054 tanti
1252 1027 1391 1054 momenti.
1415 1027 1523 1062 Ecquod
1541 1029 1698 1057 mutationis
1714 1030 1752 1057 si-

971 1081 1052 1109 gnum
1065 1073 1142 1100 nobis
1156 1072 1273 1099 all'ulsit?
1287 1072 1357 1105 Quot
1378 1072 1500 1101 homines
1517 1075 1689 1103 contumeliis
1704 1083 1754 1103 nos

970 1119 1044 1153 prius
1056 1117 1221 1146 all‘ecerunt?
1233 1118 1303 1151 Quid
1317 1125 1368 1144 non
1385 1118 1539 1146 acerbitatis
1553 1119 1624 1154 passi
1642 1120 1754 1147 sumus?

971 1165 1011 1192 An
1027 1171 1078 1191 non
1089 1163 1220 1198 injurias?
1231 1163 1271 1190 An
1285 1170 1337 1190 non
1351 1163 1507 1191 minas?An
1521 1171 1572 1191 non
1585 1164 1697 1192 exsilia?
1711 1166 1752 1192 An

971 1217 1025 1237 nou
1041 1210 1213 1244 pecuniarum
1229 1209 1409 1243 direptiones?
1425 1209 1465 1236 An
1484 1217 1535 1237 non
1547 1211 1677 1237 bonorum
1692 1218 1754 1246 pro-

971 1254 1152 1289 scriptiones?
1165 1254 1205 1281 An
1218 1261 1267 1281 non
1284 1254 1433 1288 presbyteri
1452 1254 1478 1281 in
1497 1256 1585 1282 medio
1600 1256 1666 1283 mari
1681 1264 1754 1284 cont-

971 1301 1062 1329 busti?
1078 1301 1118 1327 An
1135 1308 1187 1328 non
1210 1300 1307 1335 templa
1325 1305 1479 1327 sanctorum
1504 1307 1601 1328 cruore
1621 1301 1755 1328 contami-

971 1353 1043 1379 nata,
1060 1352 1087 1374 et
1099 1355 1132 1374 ex
1148 1347 1254 1380 templis
1275 1346 1302 1373 in
1328 1346 1447 1381 sepulcra
1478 1346 1627 1373 immutata?
1643 1349 1684 1374 An
1701 1354 1753 1374 non

974 1393 1096 1429 publicas
1112 1400 1205 1420 senum
1221 1392 1419 1427 episcoporum,
1435 1397 1491 1423 aut,
1504 1395 1533 1418 ut
1554 1392 1656 1426 aptiora
1671 1393 1755 1420 verbo

973 1445 1047 1470 utar,
1072 1437 1286 1473 patriarcharum
1313 1437 1472 1472 etctles?_An
1495 1444 1548 1464 non
1565 1437 1640 1470 illud,
1660 1443 1689 1464 ut
1703 1438 1754 1472 piis

971 1484 1036 1511 solis
1049 1484 1138 1511 invius
1162 1483 1250 1511 omnis
1275 1484 1349 1510 locus
1379 1483 1468 1510 esset?
1493 1483 1533 1509 An
1563 1490 1615 1510 non
1639 1482 1754 1517 denique

973 1529 1103 1565 quidquid
1118 1529 1280 1556 calamitatis
1292 1529 1352 1556 ullis
1367 1529 1456 1557 verbis
1468 1529 1610 1563 quisquam
1624 1529 1754 1563 consequi

143 1575 192 1602 ἔδει
206 1576 266 1607 τοὺς
283 1576 413 1611 ὑϐριστάς
427 1585 434 1608 ;
454 1575 506 1602 Ἐῶ
517 1575 613 1601 τᾶλλα·
628 1575 662 1601 τὰ
682 1575 710 1602 δὲ
734 1575 864 1611 ἡμέτερα,
879 1575 921 1601 ἵνα

974 1577 1079 1612 possit?
1092 1577 1210 1610 Quorum
1228 1577 1354 1611 quidnam
1376 1576 1418 1607 iis,
1437 1576 1481 1610 qui
1494 1576 1550 1603 haec
1566 1575 1696 1608 fecerunt,
1713 1583 1755 1602 re-

143 1622 178 1657 μὴ
190 1622 223 1648 τὰ
238 1622 271 1649 σὰ
282 1622 408 1657 λέγωμεν
419 1642 426 1654 ,
438 1621 468 1648 ού
483 1621 651 1656 δεδιώγμεθα
664 1629 671 1653 ;
689 1621 745 1656 Οὐχ
756 1620 924 1656 ὑϐρίσμεοα;

142 1669 196 1696 Οὐκ
216 1668 413 1704 ἁπεληλάμεθα
428 1668 589 1703 ἐκκλησιῶν,
614 1666 717 1698 οἰκιῶν,
744 1666 854 1702 ἐρήμων
869 1667 924 1701 (72)

143 1715 238 1747 αὐτῶν,
255 1715 285 1741 τὸ
298 1714 466 1746 δεινότατονῖ
494 1713 552 1740 Ούκ
563 1713 718 1748 ἠνέγκαμεν
734 1712 818 1747 δῆμον
832 1713 924 1747 μαινό-

144 1770 232 1795 μενον;
260 1761 401 1796 ὑπάρχους
425 1760 601 1796 ὑϐρίζοντας;
617 1759 749 1790 Βασιλὲας
778 1758 923 1794 ὑϐριζομέ-

143 1814 200 1838 νους
215 1806 281 1842 (7'5),
294 1806 344 1833 καὶ
367 1806 435 1840 μετά
459 1805 513 1832 τῶν
533 1804 750 1840 προσταγμάτων
762 1812 770 1836 ;
796 1801 862 1830 Εἶτα
876 1803 902 1830 τί
914 1813 921 1836 ;

143 1851 290 1888 Γεγόναμεν
314 1851 497 1887 ἰσχυρότεροι,
526 1851 573 1877 καὶ
592 1850 804 1885 διαπεφεύγασιν
822 1851 846 1876 οἰ
860 1849 922 1876 διώ-

143 1904 240 1928 κοντες.
257 1896 345 1922 Τοῦτο
357 1896 430 1931 γάρ’
458 1895 598 1931 αὐτάρκης
623 1895 685 1930 ἐμοὶ
707 1895 827 1930 τιμωρία
853 1894 923 1921 κατὰ

143 1941 192 1967 τῶν
203 1941 367 1968 ἀδικούντων
380 1941 446 1976 (74),
461 1941 476 1976 ἡ
493 1940 540 1966 τοῦ
550 1940 675 1976 ἁντιδρᾷν
688 1940 806 1973 ἐξουσία.
823 1940 884 1971 Τοῖς
895 1939 922 1966 δὲ

143 1987 188 2022 οὐχ
198 1987 267 2014 οὕτω
281 1987 372 2013 δοκεῖ’
390 1986 451 2013 λίαν
466 1987 519 2022 γάρ
534 1987 602 2012 εἰσιν
617 1985 732 2017 ἐντελεῖς
759 1985 806 2011 κα)⁴
823 1985 922 2011 δίκαιοι

144 2034 203 2068 περ).
214 2034 262 2069 τὴν
275 2033 410 2060 ἀντίδοσιν
420 2041 426 2048 ·
448 2033 494 2059 καὶ
504 2032 547 2059 διὰ
564 2032 642 2058 τοῦτο
657 2031 713 2066 (75)
732 2031 876 2058 ἀπαιτοῦσι
889 2031 923 2057 τὰ

143 2079 185 2105 τοῦ
202 2080 307 2115 καιροῦ.
323 2080 371 2112 Τίς
382 2080 513 2115 ὕπαρχος,
528 2078 621 2114 φησὶν,
638 2077 787 2113 ὲζημίωται
800 2085 806 2109 ;
817 2077 864 2108 Τίς
878 2077 923 2111 δῆ-

146 2132 190 2157 μος
221 2126 451 2161 σεσωψρόνισταις
481 2125 559 2156 Τίνες
589 2124 682 2158 δήμων
706 2122 923 2155 ἁνάπται;Τίνα

143 2170 218 2202 φόϐον
239 2172 305 2207 ἡμῖν
321 2171 412 2203 αὐτοῖς
425 2171 472 2198 καὶ
485 2170 540 2206 (76)
558 2170 626 2205 πρὸς
640 2168 670 2195 τὺ
686 2167 781 2204 μέλλον
796 2167 923 2202 ἐχαρισά-

146 2215 226 2249 uilia;

973 1623 1136 1658 pendimus?
1151 1623 1372 1657 Quandoquidem
1381 1622 1477 1654 versis,
1492 1627 1520 1649 ut
1530 1630 1577 1657 par
1585 1626 1652 1655 erat,
1663 1630 1754 1650 rerum

973 1668 1088 1700 vicibus,
1103 1668 1264 1702 rependendi
1279 1672 1396 1701 potestas
1412 1668 1490 1695 nobis
1508 1667 1579 1695 facta
1596 1672 1647 1699 est,
1673 1672 1755 1702 atque
1782 1670 1786 1672 ’

972 1721 1030 1745 eos,
1049 1721 1063 1740 a
1077 1714 1174 1748 quibus
1193 1721 1240 1748 per
1253 1721 1384 1741 summam
1396 1714 1586 1741 contumeliam
1596 1715 1683 1742 vexati
1697 1713 1755 1742 fue-

972 1766 1073 1791 ramus,
1094 1759 1221 1794 castigari
1237 1760 1387 1793 oportebat.
1401 1759 1443 1792 Et,
1461 1763 1490 1785 ut
1499 1759 1606 1786 omissis
1621 1759 1692 1792 aliis,
1704 1767 1754 1786 no-

971 1809 1036 1836 stra,
1055 1812 1088 1832 ne
1104 1805 1188 1832 dicam
1210 1809 1265 1838 tua,
1282 1812 1533 1838 commemoremus,
1544 1812 1648 1832 “nonne
1664 1812 1756 1840 perse-

971 1851 1105 1878 cutionem
1119 1851 1192 1885 passi
1207 1851 1319 1878 smnus?
1334 1850 1428 1879 Nonne
1445 1851 1615 1879 contumeliis
1630 1852 1755 1880 omnibus

971 1896 1080 1924 allecti?
1096 1895 1190 1924 Nonne
1202 1897 1335 1930 ecclesiis,
1351 1897 1487 1929 domibus.
1500 1901 1529 1924 et
1541 1898 1612 1932 quod
1634 1897 1738 1925 acerbis

971 1943 1069 1969 simum
1087 1946 1138 1974 est,
1155 1943 1345 1970 solitudinibus
1369 1943 1434 1978 ipsis
1448 1943 1516 1977 pulsi
1537 1943 1647 1971 sumus?
1662 1943 1755 1970 Nonne

972 1987 1104 2015 furentem
1123 1989 1248 2023 populum
1276 1988 1401 2015 tulimus?
1417 1988 1630 2016 Contumeliosus
1659 1988 1756 2024 prafe-

971 2034 1050 2061 ctos?
1069 2033 1248 2065 Imperatores
1267 2034 1346 2060 simul
1365 2041 1425 2061 cum
1441 2034 1536 2061 edictis
1550 2035 1606 2062 suis
1616 2040 1756 2062 contume-

970 2079 1037 2106 liose
1065 2079 1191 2114 spretos?
1212 2079 1280 2112 Quid
1304 2080 1568 2114 postea?Fortiores
1592 2080 1754 2115 exstitimus,

971 2129 998 2151 et
1010 2130 1195 2159 persecutores
1210 2126 1293 2152 nostri
1316 2133 1421 2160 poenam
1443 2125 1601 2161 elfugerunt.
1629 2127 1667 2154 Ita
1691 2124 1770 2154 sane‘

971 2174 1022 2201 est,
1035 2169 1154 2203 inquam.
1168 2170 1232 2197 Mihi
1251 2170 1321 2198 enim
1340 2171 1471 2199 adversus
1489 2180 1548 2205 eos,
1563 2173 1608 2207 qui
1629 2172 1754 2207 injuriam

939 2205 962 2233 Ῑ)
975 2215 1133 2248 intulerunt,
1151 2216 1216 2243 satis
1227 2217 1317 2251 gravis
1333 2224 1410 2251 potita
1426 2223 1476 2248 est.
1493 2205 1639 2246 referenda:
1650 2205 1755 2252 injuria:

144 2261 218 2298 765
232 2269 361 2298 potestas.
382 2264 416 2292 At
450 2264 509 2292 istis
537 2263 616 2291 aliter
643 2263 767 2296 videtur;
795 2270 923 2297 perquam
943 2263 1014 2290 enim
1029 2265 1117 2291 exacti
1148 2272 1178 2292 ac
1205 2265 1272 2299 justi
1302 2270 1365 2293 sunt
1391 2265 1424 2292 ad
1450 2263 1649 2297 ulciscendum;
1676 2269 1756 2298 atque

145 2308 240 2336 idcirco
254 2317 369 2345 ea,quae
383 2311 510 2345 temporis
533 2314 606 2341 sunt,
634 2310 754 2344 exigunt.
777 2308 841 2342 Quis
864 2309 1006 2342 praefectus
1037 2309 1164 2338 multatus
1195 2316 1245 2342 est.
1262 2311 1404 2345 inquiunt?
1420 2311 1485 2345 Quis
1499 2311 1611 2346 populus
1641 2310 1756 2345 castigav

146 2359 184 2382 tns
195 2357 206 2382 ?
219 2356 268 2389 Qui
283 2358 371 2392 plebis
385 2357 612 2386 inllammatores?
627 2357 712 2391 Quem
729 2357 814 2384 nostri
835 2361 965 2384 terrorem
981 2358 1144 2385 adversariis
1166 2360 1192 2386 in
1213 2365 1348 2394 posterum
1369 2359 1529 2393 injecimus?

168 2401 189 2417 "
204 2403 261 2430 Act.
276 2411 305 2436 ιι,
321 2403 338 2430 4
357 2411 416 2438 sqq.

145 2446 230 2508 ing?)
293 2457 348 2482 τις.
366 2449 393 2476 ln
407 2449 552 2482 nonnullis,
567 2450 604 2482 ὥς
617 2458 668 2482 τις.
699 2459 709 2476 ι
721 2449 900 2477 Democritum
913 2459 922 2475 ι

219 2490 250 2508 i2:
267 2502 274 2508 .

144 2487 274 2508 ιηιειιιειι.

176 2490 376 2554 (ἓέἓ)ῧὲρενῶν.
393 2519 457 2552 Reg.
471 2518 526 2551 bm,
538 2520 643 2554 φρενός.

177 2551 684 2589 (⁸10)Πρεσϐυτέρώιχὲμπρὴσμούς.
712 2553 810 2581 Alludit
831 2553 863 2580 ad
892 2552 926 2580 80

144 2587 323 2623 presbyteros,
354 2595 423 2621 quos
451 2587 550 2616 Valens
571 2587 725 2623 imperator
763 2589 925 2615 Nicomedia:

143 2621 201 2646 navi
222 2622 361 2651 impositos
375 2623 400 2649 in
419 2624 505 2650 medio
516 2624 582 2650 mari
594 2621 739 2651 crudeliter
758 2623 869 2650 exussit.

247 2657 485 2694 B§6q.1wjtérgvc.
499 2658 545 2694 0r.
564 2659 592 2690 9.,
605 2658 825 2694 βεϐηλουμὲνους.

178 2689 231 2731 (172)
258 2689 401 2731 ’ξρήμώνη
428 2689 520 2720 Plures
532 2689 628 2728 Reggl,
638 2689 730 2728 plures
748 2692 825 2720 Colb.
837 2696 863 2720 et
874 2691 921 2719 Or.

143 2722 161 2748 2
183 2722 229 2751 ton
235 2722 313 2751 μιῶν.

179 2732 397 2798 ἴῖῗᾍμὲἒέζτλέας
407 2761 628 2798 ξιξεριζομένους,
644 2767 694 2789 etc.
710 2761 773 2789 Haac
785 2761 818 2788 de
829 2761 925 2798 rTheo—

144 2792 228 2831 dtgsio'
249 2795 373 2830 intelligit
384 2792 392 2794 “
407 2792 524 2824 Nicetas.
561 2806 571 2823 ‹
586 2792 746 2825 ΡὶέτιιιΙῙῐηιιε
756 2816 763 2827 ,
778 2805 787 2821 ι
829 2797 924 2831 inquit,

148 2827 318 2868 LValcntem,
336 2827 379 2865 qui
406 2833 533 2859 adversus
547 2840 596 2860 nos
617 2832 716 2868 aliquid
738 2827 882 2868 edixerat'.
896 2827 922 2860 ,ζ

145 2859 452 2893 ϐηνίεείιηυιη”ιιιιιεηι
482 2871 510 2894 et
534 2859 860 2896 maxime-calamitosum
884 2868 926 2893 es‘

975 2449 1045 2477 ferre
1059 2449 1247 2483 imperatorem
1264 2449 1425 2476 contumelia
1440 2448 1574 2475 affectum.
1586 2457 1595 2474 ι
1612 2448 1656 2483 7E1
1669 2452 1754 2480 certe,

975 2482 1103 2511 Catholici
1127 2492 1158 2512 ac
1186 2485 1330 2517 Gregorius
1357 2485 1421 2518 ipse,
1461 2483 1582 2518 quamvis
1609 2482 1753 2514 Theodosii

981 2520 1120 2553 ipsiusque
1132 2520 1281 2546 edictorum
1296 2520 1455 2545 auctoritate
1471 2523 1497 2544 et
1517 2518 1665 2553 patrocinio
1684 2518 1754 2548 furti,

974 2552 1066 2588 gravia
1077 2552 1164 2581 tamen
1177 2561 1209 2581 ac
1226 2554 1339 2589 plurima
1363 2554 1431 2580 mala
1446 2553 1480 2580 ab
1494 2552 1628 2579 harreticis
1639 2553 1755 2586 pertule-

973 2594 1044 2616 rant.

1009 2623 1065 2657 (74)
1091 2622 1292 2650 Ἀδικούντων.
1327 2621 1355 2649 In
1390 2622 1570 2657 quibusdam,
1601 2621 1754 2657 ἀντιδίκων,

977 2667 986 2684 ι
999 2659 1107 2684 adversa
1113 2659 1221 2684 riorurn.
1237 2668 1246 2682 ι

1008 2692 1064 2727 (75)
1080 2692 1132 2719 Kal
1155 2692 1204 2719 διὰ
1232 2692 1329 2724 τοῦτο,
1349 2696 1401 2719 etc.
1432 2691 1544 2727 Quidam
1564 2698 1582 2727 β
1611 2691 1757 2720 CatholiCIs

973 2727 1102 2761 Gregorio
1112 2727 1282 2759 objiciebant,
1300 2727 1380 2761 quod,
1403 2726 1543 2762 Theodosii
1561 2726 1652 2762 favore
1665 2733 1757 2762 prote-

972 2768 1042 2794 ctus,
1057 2767 1182 2797 acceptas
1197 2762 1231 2789 ab
1244 2762 1380 2789 haereticis
1404 2761 1516 2796 injurias
1540 2769 1593 2791 non
1613 2761 1756 2790 ulciscere-

974 2802 1026 2825 tur.

1009 2831 1065 2866 (76)
1085 2832 1149 2860 Καί.
1164 2831 1230 2868 Reg.
1247 2832 1302 2866 bm,
1316 2831 1377 2861 κᾶν.
