2013 3134
221 174 274 204 48⁸1

826 167 855 197 S.
876 165 1042 196 hREGORll
1062 165 1238 195 TllEOLOGl

1800 169 1853 199 ιω

253 232 349 261 XXIV.
367 231 437 266 Quin
453 231 511 260 hate
529 238 638 267 quoque
654 231 769 258 fortasse
803 229 882 257 nobis
908 236 1008 264 expro-

1096 228 1159 255 KA'.
1180 228 1257 263 Τάχα
1273 227 1296 255 δ’
1318 226 1351 255 ἂν
1374 227 1421 255 καὶ
1437 227 1524 255 ταῦτα
1541 228 1606 264 ἡμῖν
1621 221 1780 256 ὀνειδῗσαιεν
1798 229 1854 264 (καὶ

218 279 356 307 braverint
372 277 435 313 (iam
450 277 523 304 enim
537 275 765 312 exprobrarant);
782 275 856 310 quod
871 282 922 302 nec
936 275 1010 302 lauta

218 331 245 353 et
257 325 368 360 opipara
383 330 476 351 mensa
488 343 495 355 ,
514 329 566 350 nec
587 321 729 358 magnifica
743 327 818 350 veste
833 321 944 356 utimur,
961 328 1011 348 nec

218 371 359 407 splendide
376 370 402 398 in
421 369 559 405 publicum
576 368 733 403 prodimus,
750 375 800 395 nec
814 375 879 400 eos,
899 367 947 402 qui
963 374 1012 393 nos

219 418 330 450 adeunt,
343 416 465 452 graviter
480 423 512 443 ac
527 415 649 442 fastuose
664 414 825 449 excipimus.
849 413 1011 441 Nesciebam

219 465 334 497 scilicet,
351 463 429 491 nobis
442 470 504 490 cttm
520 462 689 493 consulibus,
707 466 734 488 et
748 460 883 496 prarl'ectis
894 480 902 493 ,
917 460 1012 487 claris-

219 510 350 544 simisque
374 507 436 536 belli
465 506 596 541 ducibus,
622 506 667 542 qui
694 511 732 533 tot
755 506 852 541 opibus
871 506 1013 540 copiisque

219 554 428 587 circumﬂuunt,
444 559 473 581 ut
484 574 491 586 ,
508 561 561 589 quo
580 561 629 580 sua
646 552 798 587 projicianl,
813 559 867 579 non
882 552 1010 584 habeant,

219 602 416 630 aemulationem
432 606 459 628 et
474 604 612 628 certamen
630 606 712 632 esse;
739 598 859 633 illudque
874 604 1011 634 oportere,

220 655 250 677 ut
265 654 293 677 et
310 648 386 676 nobis
397 667 405 681 ,
421 654 570 682 pauperum
595 646 674 673 bonis
693 645 726 672 ad
752 646 845 672 luxum
857 650 885 673 et
899 645 1012 673 delicias

221 695 412 726 abutentibus,
430 698 525 721 venter
545 693 667 728 undique
688 692 896 727 comprimatur,
919 695 946 719 et
965 699 1012 718 ne-

219 743 340 771 cessaria
363 741 389 768 in
412 748 455 767 res
477 739 629 774 superﬂuas
651 738 837 772 eﬂundantur,
851 743 933 773 atque
948 737 1012 765 alta-

219 789 261 816 ria
286 789 342 823 ipsa
371 786 494 814 molibus
521 786 623 813 nostris
646 784 879 812 contaminemur.
904 784 1012 811 Nescie-

221 837 294 867 ham,
308 841 357 862 nos
369 834 447 868 equis
465 831 620 866 insignibus
631 836 658 859 et
672 831 780 859 lascivis
797 831 872 863 ferri,
885 830 1012 864 sellisque

221 885 249 907 et
265 879 389 906 curribus
406 876 549 912 magniﬁce
564 877 662 910 attolli,
679 884 711 904 ac
727 883 790 904 cum
802 875 875 903 fastu
892 880 920 903 et
936 883 1012 910 poru-

1062 274 1117 309 γὰρ
1130 274 1298 308 ὠνειδικασι)
1309 280 1318 289 ⁸
1336 274 1365 301 τὸ
1381 274 1410 301 δὲ
1422 275 1471 310 τῆς
1484 275 1623 310 τραπέζης
1635 274 1777 311 φιλότιμον
1784 275 1852 311 (77),

1060 321 1091 347 τὸ
1105 321 1133 347 δὲ
1151 321 1202 356 τῆς
1223 320 1337 356 ἐσθῆτος
1359 320 1509 356 αἰδέσιμον,
1530 321 1559 347 αἱ
1578 321 1607 347 δὲ
1629 321 1747 357 πρόοδοι,
1771 322 1801 348 τὸ
1823 323 1854 349 δὲ

1062 367 1176 403 σοϐαρὸν
1199 368 1266 403 πρὸς
1288 368 1349 400 τοὺς
1378 367 1601 403 ἐντυγχάνοντας.
1635 368 1766 402 Ἦγνόουν
1789 369 1853 405 γὰρ,

1061 414 1102 441 ὅτι
1122 414 1189 449 προς
1204 414 1325 446 ὑπάτους
1340 414 1406 449 ἡμῖν
1422 414 1469 441 καὶ
1491 414 1630 450 ὑπάρχους
1644 414 1661 450 ἡ
1679 414 1791 450 ἆμιλλα,
1807 415 1856 442 καὶ

1062 460 1224 496 στρατηγῶν
1238 460 1301 492 τοὺς
1315 460 1560 495 εὐδοκιμωτάτους,
1576 460 1601 487 οἳ
1617 460 1654 496 μὴ
1668 460 1776 496 ἔχουσιν
1786 460 1854 496 (78),

1061 507 1122 533 ὅποι
1144 507 1178 533 τὰ
1203 506 1308 533 ἑαυτῶν
1329 506 1511 542 ρἔουσιΠ9).
1543 507 1598 533 Καὶ
1619 506 1659 532 δεῖ
1686 507 1856 543 περιστένειν

1063 552 1113 589 μὲν
1135 553 1200 588 ἡμῖν
1229 553 1278 588 τὴν
1307 552 1429 588 γαστέρα
1458 553 1653 588 κατατρυφῶσι
1677 553 1731 579 τῶν
1754 562 1857 589 πτωχι-

1062 597 1117 625 κῶν
1126 597 1193 634 (80),
1209 597 1246 630 ὠς
1261 598 1290 624 δὲ
1304 599 1343 629 εἰς
1359 597 1392 624 τὰ
1405 598 1520 633 περιττὰ
1533 598 1684 633 κεχρῆσθαι
1699 600 1756 631 τοῖς
1769 599 1855 634 ἀναγ-

1061 643 1161 676 καίοις,
1172 643 1283 670 καὶτῶν
1297 643 1498 679 θυσιαστηρίων
1510 644 1735 679 κατερεύγεσθαι.
1747 645 1856 677 Ἵπποις

1060 689 1089 716 δὲ
1103 690 1231 725 φέρεσθαι
1247 691 1404 725 τρυφεροῖς,
1422 690 1468 716 καὶ
1482 689 1584 725 δίφρων
1598 690 1796 726 ὑπεραίρεσθαι
1810 699 1857 717 πε-

1064 735 1236 772 ριλάμπρως,
1262 735 1507 771 προπομπεύεσθαί
1529 744 1559 762 τε
1579 736 1626 762 καὶ
1650 736 1856 772 περιποππύζε-

1063 780 1135 813 σθαι,
1144 780 1191 807 καὶ
1204 780 1308 812 πάντας
1322 781 1473 816 ὑποχωρεῖν
1486 781 1563 816 ἡμῖν,
1572 781 1666 817 ὥσπερ
1681 781 1796 817 θηρίοις,
1809 783 1856 808 καὶ

1062 826 1278 862 περισχίζεσθαι,
1294 827 1310 862 ἢ
1326 827 1373 853 καὶ
1388 827 1529 862 πόρρωθεν
1544 825 1612 854 εἶναι
1625 827 1721 863 δήλους
1738 829 1856 864 ἐπερχο-

1065 872 1172 907 μένους.
1193 872 1224 898 El
1245 872 1332 899 ταῦτα
1351 872 1426 899 δεινὰ
1445 872 1551 907 γέγονε,
1573 871 1762 909 παρελήλυθε·
1779 874 1857 910 χαρί-

222 933 255 960 pa
268 925 380 957 detinet,
401 923 530 957 velutque
544 922 644 950 blanda
664 929 745 949 manu
763 921 910 949 demulceri
931 928 1013 956 opor-

1066 919 1147 945 σασϐἑ
1159 918 1214 953 (81)
1233 928 1278 954 μοι
1293 920 1342 956 τὴν
1362 920 1469 947 ἀδικίαν
1491 920 1604 956 ταύτην.
1625 921 1722 948 Ἀλλον
1737 923 1857 958 προστή-

223 976 292 1003 tere,
310 975 392 1005 atque
405 977 500 997 omnes
515 969 602 1002 nobis,
616 969 728 1003 perinde
745 976 777 995 ac
795 968 902 1000 belluis,
920 969 953 995 de
969 968 1012 995 via

223 1017 362 1048 decedere,
378 1020 406 1043 et
422 1017 448 1043 in
465 1020 609 1050 utramque
629 1015 679 1041 vim
698 1019 804 1050 partem
815 1014 903 1041 scindi
914 1021 946 1040 ac
958 1014 1013 1041 dis-

223 1063 304 1095 trahi,
335 1063 479 1090 autetiam
498 1066 598 1088 tantam
616 1059 796 1095 praeeuntium
821 1059 927 1086 turbam
941 1066 1013 1091 esse,

223 1115 253 1137 ut
270 1109 363 1145 procul
381 1109 503 1136 incessus
526 1113 619 1136 noster
642 1107 803 1142 magniﬁcus
824 1111 964 1142 appareat.
985 1105 1014 1133 Si

224 1158 282 1183 haec
302 1156 396 1191 gravia
420 1155 497 1182 vobis
518 1159 545 1182 et
565 1154 663 1181 acerba
691 1153 782 1186 fuere',
800 1152 1012 1187 praeterierunt:

224 1201 295 1228 hanc
319 1200 446 1236 injuriam
468 1199 535 1226 mihi
555 1200 718 1227 condonate.
738 1199 896 1226 Antistitem
919 1198 1013 1230 alittm,

224 1247 269 1282 qui
292 1246 456 1274 multitudini
478 1245 601 1281 placeat,
626 1250 739 1272 create:
755 1245 820 1272 mihi
840 1249 931 1272 autem
952 1244 1015 1271 date

224 1292 415 1325 solitudinem,
434 1296 462 1319 et
479 1292 678 1324 rusticitatem,
707 1295 734 1318 et
755 1291 856 1323 Deum,
888 1291 932 1318 cui
964 1290 1014 1318 soli

225 1338 306 1365 etiam
330 1345 378 1372 per
400 1342 509 1364 tenuem
532 1337 633 1364 victum
654 1336 812 1370 cultumque
836 1336 1012 1370 placebimus.

226 1381 261 1407 At
277 1388 359 1416 grave
381 1382 433 1408 est’
444 1381 636 1412 concionibus,
653 1383 681 1407 et
702 1381 835 1413 coetibus,
855 1385 882 1407 et
901 1380 1015 1415 publicis

225 1426 402 1454 conventibus
414 1445 421 1458 ,
441 1430 468 1453 ct
484 1425 621 1460 plausibus
639 1425 680 1453 his
692 1445 699 1458 ,
717 1432 733 1452 a
748 1425 846 1460 quibus
862 1424 937 1459 quasi
951 1432 1016 1459 pen—

225 1473 268 1499 nis
283 1473 310 1500 in
329 1472 443 1500 sublime
459 1471 583 1504 ferimur,
600 1477 628 1498 et
643 1471 839 1503 familiaribus,
862 1476 889 1498 el.
909 1471 1014 1505 amicis,

225 1524 253 1546 et
263 1519 422 1551 honoribus,
433 1522 460 1546 et
473 1518 547 1546 urbis
563 1518 764 1553 pulchritudine
775 1525 807 1545 ac
819 1517 1014 1552 magnitudine,

226 1568 252 1591 et
265 1564 316 1591 hoc
333 1564 449 1598 denique
464 1562 580 1598 fulgore,
596 1563 642 1597 qui
657 1569 715 1596 eos,
727 1563 773 1598 qui
789 1562 847 1590 hate
859 1563 1013 1597 intuentur,

1065 964 1212 1000 σασθε(82)
1229 965 1274 992 τὸν
1303 966 1437 1001 ὰρέσοντα
1458 967 1516 998 τοῖς
1540 967 1662 999 πολλοῖς·
1689 969 1752 1003 ἐμοὶ
1769 968 1797 994 δὲ
1814 969 1857 995 δό-

1063 1019 1093 1037 τε
1104 1011 1160 1047 (85)
1173 1011 1221 1047 τὴν
1234 1012 1364 1047 ἐρημίαν,
1379 1011 1427 1038 καὶ
1438 1012 1487 1048 τὴν
1497 1013 1651 1048 ἀγροικίαν,
1664 1014 1712 1040 καὶ
1722 1013 1767 1040 τὸν
1779 1013 1855 1046 Θεὸν,

1063 1052 1086 1090 ᾧ
1102 1056 1185 1092 μόνῳ,
1207 1057 1255 1083 καὶ
1275 1057 1319 1084 διὰ
1337 1057 1388 1092 τῆς
1408 1058 1557 1091 εὐτελείας,
1574 1059 1858 1096 ἁρέσομενίὸι).Δει-

1064 1102 1120 1135 νὸν,
1135 1103 1159 1129 el
1180 1103 1369 1139 στερησόμεθα
1384 1104 1481 1139 λόγων,
1499 1105 1547 1132 καὶ
1568 1105 1716 1140 συλλόγων,
1735 1107 1783 1133 καὶ
1803 1115 1857 1133 παν

1064 1148 1218 1184 νηγύρεων,
1243 1150 1289 1176 καὶ
1307 1149 1361 1176 τῶν
1379 1151 1482 1186 κρότων
1502 1151 1606 1178 τούτων
1620 1152 1665 1186 ὑφ’
1684 1149 1855 1188 ὧνπτερού-

1067 1195 1148 1230 μεθα,
1172 1196 1219 1222 καὶ
1235 1195 1354 1228 οἰκείων,
1373 1197 1422 1223 καὶ
1439 1196 1534 1232 φίλων,
1551 1198 1599 1224 καὶ
1614 1197 1712 1232 τιμῶν,
1728 1198 1777 1225 καὶ
1791 1198 1857 1225 κάλ-

1065 1241 1128 1273 λους
1146 1241 1250 1273 πόλεως
1268 1242 1314 1268 καὶ
1332 1242 1473 1277 μεγέθους,
1494 1243 1605 1278 καὶτῆς
1622 1243 1791 1278 πανταχόθεν
1810 1253 1858 1270 πε-

1066 1285 1202 1322 ριλαμπού
1208 1295 1257 1322 σης
1273 1287 1416 1323 ἀστραπῆς
1429 1287 1486 1323 (85)
1499 1288 1562 1319 τοὺς
1577 1288 1644 1324 πρὸς
1658 1288 1727 1315 αὺτὰ
1745 1289 1859 1324 βλέπον-

1065 1340 1125 1364 τας,
1142 1331 1212 1358 ἀλλὰ
1227 1332 1264 1368 μὴ
1280 1332 1346 1359 εἵσω
1361 1333 1571 1365 συννενευκότας
1581 1343 1588 1349 ·
1606 1333 1663 1360 ἀλλ’
1674 1334 1752 1361 οῠπω
1764 1335 1860 1362 τοσοῦ-

1064 1386 1110 1404 τον
1124 1379 1186 1406 ὅσον
1206 1379 1261 1414 (86)
1285 1380 1309 1406 εἰ
1332 1379 1520 1415 θορυϐήσομαι
1536 1380 1583 1407 καὶ
1600 1380 1789 1417 χρανθήσομαι
1803 1382 1860 1413 τοῖς

1066 1425 1095 1451 ὲν
1113 1425 1188 1460 μέσῳ
1199 1425 1329 1460 ταράχοις
1343 1426 1389 1452 καὶ
1404 1426 1553 1462 βράσμασι,
1568 1427 1615 1453 καὶ
1631 1428 1691 1459 ταῖς
1714 1427 1782 1463 πρὸς
1795 1428 1860 1459 τοὺς

1066 1470 1180 1502 πολλοὺς
1195 1471 1396 1506 μετακλίσεσιν.
1413 1472 1451 1498 Οὐ
1470 1472 1525 1508 γὰρ
1540 1472 1665 1508 ζητοῦσιν
1681 1473 1775 1509 ἱερεῖς,
1790 1473 1859 1500 ἀλλὰ

1067 1517 1201 1552 ῥήτορας·
1227 1517 1288 1543 οὐδὲ
1306 1517 1401 1552 ψυχῶν
1426 1519 1594 1554 οἰκονόμους,
1618 1519 1685 1546 ἀλλὰ
1709 1521 1860 1555 χρημάτων

1067 1563 1206 1597 φύλακας·
1234 1563 1295 1590 οὐδὲ
1321 1563 1405 1595 θύτας
1432 1563 1580 1600 καθαροὺς,
1607 1565 1675 1592 ἀλλὰ
1704 1566 1860 1601 προστάτας

226 1615 278 1635 nec
291 1596 431 1636 oculorum
452 1609 537 1635 aciem
556 1608 628 1636 intro
655 1608 795 1636 collectam
818 1608 936 1642 habent,
961 1609 1013 1636 cir-

1067 1596 1203 1645 lraxupotiq.
1219 1609 1437 1645 Ἀπολογὴσομαι
1448 1618 1474 1636 τι
1487 1596 1550 1646 περὶ
1561 1596 1651 1638 αὐτῶν
1660 1619 1667 1625 '
1681 1596 1769 1643 οὕτως
1779 1596 1861 1648 ἡμεῖς

226 1651 380 1680 cumfundit
402 1656 430 1681 et
453 1653 605 1686 illuminat,
631 1654 742 1688 privari.
759 1653 860 1681 Verum
876 1655 927 1682 hoc
948 1655 1013 1682 mihi

1066 1655 1163 1687 αὐτοὺς
1180 1655 1392 1691 ἑπαιδεύσαμεν,
1410 1655 1435 1682 οἳ
1455 1656 1522 1683 πᾶσι
1539 1657 1627 1683 πάντα
1647 1657 1793 1693 γινόμεθα,
1811 1658 1861 1684 οὐκ

227 1697 318 1725 minus
329 1705 412 1733 grave
427 1697 518 1732 fuerit,
533 1705 614 1733 quam
627 1699 649 1726 si
663 1699 764 1726 diutius
779 1699 805 1727 in
821 1699 937 1727 tumultu
950 1708 1013 1728 ver—

1066 1699 1122 1728 οἶδα
1139 1701 1263 1738 πότερον,
1285 1702 1329 1728 ἵνα
1349 1701 1482 1738 σώσωμεν
1498 1703 1613 1736 πάντας,
1629 1704 1645 1740 ῆ
1661 1704 1858 1739 ἁπωλέσωμεν.

228 1750 282 1775 ser,
298 1750 330 1770 ac
343 1743 431 1771 civilis
442 1744 606 1772 vita-turbis
634 1749 661 1772 et
672 1745 827 1773 fervoribus
857 1746 1051 1781 commaculer,
1072 1752 1153 1783 atque
1175 1748 1209 1775 ad
1226 1748 1299 1783 vulgi
1318 1755 1409 1776 mores
1430 1749 1564 1784 rneipsum
1586 1749 1722 1778 inﬂectere
1751 1757 1861 1778 necesse

227 1791 352 1819 habeam.
368 1791 428 1819 Non
454 1793 526 1820 enim
554 1793 725 1825 sacerdotes,
744 1793 792 1820 sed
833 1793 957 1822 rhetores
972 1802 1115 1829 quaerunt;
1151 1803 1201 1823 nec
1239 1797 1393 1823 animarum
1419 1796 1638 1830 dispensatores,
1664 1798 1710 1826 sed
1731 1799 1860 1833 pet-unia-

227 1844 288 1865 rum
315 1839 455 1870 custodes;
480 1846 530 1866 nec
548 1846 629 1873 puros
649 1838 807 1872 sacriﬁcos,
827 1840 873 1867 sed
905 1840 990 1868 fortes
1023 1848 1055 1868 ac
1075 1841 1202 1870 robustos
1228 1842 1398 1870 defensores.
1423 1841 1551 1870 Nonnihil
1576 1851 1623 1871 eos
1649 1843 1785 1871 excusabo
1800 1854 1806 1871 :
1821 1844 1861 1871 sic

228 1890 276 1911 eos
299 1884 484 1918 erudivimus,
511 1884 557 1920 qui
581 1884 708 1913 omnibus
726 1884 818 1912 omnia
839 1884 1019 1919 eﬂicimur",
1041 1886 1112 1914 haud
1129 1887 1186 1915 scio
1220 1891 1330 1917 utrum.
1362 1891 1497 1915 utomues
1510 1888 1592 1925 766
1612 1888 1701 1916 salvos
1717 1888 1858 1917 faciamus.

227 1939 262 1959 an
278 1936 307 1959 ut
324 1933 478 1966 perdamus.

263 1977 348 2005 XXV.
365 1978 434 2012 Quid
450 1979 559 2007 dicitis?
572 1980 640 2008 Num
653 1989 702 2009 vos
715 1982 758 2009 his
772 1981 863 2010 verbis
876 1990 1018 2018 permove-

227 2031 299 2056 mtts,
315 2032 347 2051 ac
361 2025 503 2052 victoriam
513 2027 698 2056 obtinuimus?
709 2028 750 2055 An
762 2029 853 2063 potius
867 2029 900 2056 ad
912 2034 1018 2057 vestros

227 2070 335 2097 animos
362 2070 541 2099 inﬂectendos
565 2073 679 2100 validior
700 2074 777 2101 nobis
799 2075 951 2103 adhibenda
977 2081 1019 2103 est

213 2113 335 2141 ὀι-ιιῑὶοἳ
352 2115 404 2143 Vos
419 2123 483 2152 ergo
504 2124 551 2152 per
568 2117 731 2145 Trinitatem
752 2120 837 2154 ipsam
848 2142 856 2152 ,
870 2128 951 2156 quam
970 2129 1018 2149 nos

228 2158 358 2192 colimus,
386 2166 414 2188 ct
436 2169 482 2189 vos
509 2163 615 2195 colitis,
637 2172 680 2199 per
708 2173 880 2195 communem
899 2173 1016 2196 nostram

1101 1983 1164 2010 KE’.
1181 1982 1214 2009 Τί
1230 1990 1314 2017 cpta-cs;
1329 1982 1463 2018 Πείοομεν
1481 1981 1552 2017 ὑμᾶς
1566 1981 1623 2012 τοῖς
1636 1980 1728 2015 λόγοις
1742 1979 1856 2012 τούτοις,

1066 2029 1114 2056 καὶ
1125 2029 1307 2064 νενικήκαμεν
1317 2037 1324 2062 ;
1334 2027 1369 2054 Ἢ
1376 2028 1416 2055 δεῖ
1429 2028 1478 2055 καὶ
1494 2026 1678 2063 στερροτέρων
1690 2027 1777 2061 λόγων
1794 2028 1858 2062 ἡμῖν

1067 2076 1135 2113 πρὸς
1151 2076 1182 2103 τὸ
1200 2076 1320 2110 πείθειν;
1338 2077 1402 2109 Ναὶ,
1420 2077 1490 2113 πρὸς
1508 2077 1558 2112 τῆς
1579 2076 1694 2112 Τριὰδος
1715 2076 1811 2112 αὐτῆς,
1826 2076 1858 2110 ἣν

1066 2123 1254 2159 πρεσϐεύομεν
1267 2124 1312 2150 xal.
1327 2123 1504 2159 πρεσϐεύετε,
1520 2123 1588 2159 πρὸς
1604 2123 1654 2158 τῆς
1672 2123 1764 2158 κοινῆς
1779 2121 1857 2158 ἡμῶν

1069 2169 1186 2202 ἐλπίδος,
1208 2170 1255 2196 καὶ
1280 2171 1329 2206 τῆς
1352 2170 1398 2198 τοῦ
1423 2171 1488 2198 λαοῦ
1511 2171 1588 2198 τοῦδε
1602 2171 1658 2207 (87)
1681 2170 1856 2207 ουρ-πήξεως,

228 2211 319 2238 spem,
346 2209 427 2240 atque
453 2207 532 2241 hujus
553 2209 644 2244 populi
660 2213 924 2246 coagmentationem
939 2215 1013 2241 oble-

1067 2214 1126 2241 δότε
1142 2223 1186 2250 μοι
1205 2216 1254 2251 τὴν
1274 2216 1354 2253 χάριν
1373 2217 1490 2254 ταύτην·
1510 2218 1578 2254 μετὰ
1597 2218 1684 2253 εὐχῶν
1700 2219 1774 2253 ἡμᾶς
1789 2218 1856 2244 ἁπο-

227 2255 305 2277 Stor:
322 2250 371 2278 hoc
393 2251 458 2278 mihi
473 2253 633 2281 beneﬁcium
650 2255 714 2282 date
733 2265 739 2283 :
758 2264 818 2284 cum
834 2259 960 2293 precibus
974 2267 1017 2287 tne

227 2295 376 2324 dimittite:
394 2298 446 2325 hoc
466 2298 530 2326 mihi
551 2300 587 2326 sit
613 2301 798 2330 dimicationis
823 2305 988 2338 prmeonium
1007 2314 1013 2333 :

227 2341 364 2370 missionis
379 2342 498 2371 libellum
517 2345 581 2372 milli
595 2346 666 2379 date,
684 2349 913 2382 quemadmodum
929 2351 1014 2386 impe—

227 2391 331 2414 ratores
347 2388 476 2416 militibus
490 2390 596 2423 solent;
612 2399 653 2423 ac,
670 2392 692 2418 si
712 2393 820 2427 quidem
852 2401 942 2423 vestra
969 2404 1012 2424 vo-

227 2431 317 2460 luntas
327 2432 426 2466 tulerit,
438 2441 498 2461 cum
511 2434 600 2462 fausto
611 2440 639 2463 et
649 2437 780 2471 prteclaro
788 2437 876 2473 elogio
890 2443 918 2466 ct
935 2440 1011 2467 testi-

260 2524 285 2540 ⁷⁸⁸
302 2523 386 2552 lCor.
406 2534 444 2559 ιι,
458 2525 504 2552 22.

226 2613 484 2677 llézzzozﬁ‘azéfnq
513 2618 679 2653 φιλότιμον.
706 2619 858 2648 Familiaris
883 2620 1013 2658 Gregorio

337 2686 472 2726 ξξχρυσι.
492 2687 557 2726 fles.
574 2688 653 2726 phel
665 2689 746 2726 Coisl.
766 2690 893 2726 μέχωσι.

337 2720 481 2762 Ὲίψουσι.
499 2720 555 2762 Ριῖο
571 2720 655 2762 Ερὶει.
671 2730 698 2752 et
708 2720 797 2762 On},
813 2720 922 2762 βίψωσι,

261 2755 316 2788 (80)
334 2757 548 2796 Κα-τατριὶφῶᾳι
564 2759 624 2796 τῶῖ
639 2755 909 2795 πτωχικῶιάᾝῖιίεὶ.
923 2762 950 2796 2,
969 2763 1015 2790 καὶ

227 2792 417 2829 κατειτρυφώσι
436 2793 488 2819 τῶν
519 2793 653 2829 ψυχικῶν,
671 2805 680 2820 ‹
699 2792 882 2829 spiritualibus
902 2792 988 2826 bonis.
1003 2809 1012 2824 ι

335 2828 514 2866 ξςιρίσαςγθε.
527 2825 576 2866 Di".
590 2830 617 2866 2,
630 2825 804 2866 χαρίσασθαι.

226 2861 565 2922 σθὲῗ2)11ροστήσασθε.
596 2861 827 2900 ΙιΓῲιίὶιυδιΙίιιη,
861 2869 1015 2904 προστήσα-

212 2994 231 3024 Ι

1065 2260 1204 2296 πέμψατε·
1221 2261 1290 2297 αὕτη
1310 2263 1430 2296 γενέσθω
1447 2272 1491 2299 μοι
1510 2264 1560 2299 τῆς
1580 2264 1720 2300 ἀθλήσεως
1740 2265 1757 2300 ἡ
1775 2265 1858 2300 ἀνάρ-

1065 2305 1160 2340 ρησις·
1175 2305 1233 2332 δότε
1251 2315 1295 2341 μοι
1307 2307 1362 2343 (88)
1376 2308 1412 2346 τὸμ
1420 2309 1535 2345 γράμμα
1550 2310 1600 2345 τῆς
1613 2310 1747 2344 ἀφέσεως.
1765 2310 1856 2345 ὥσπερ

1063 2351 1120 2381 τοῖς
1139 2354 1344 2386 στρατιωτικοῖς
1369 2355 1394 2380 οἱ
1422 2354 1559 2390 βασιλεῖς·
1585 2356 1642 2388 καὶ,
1669 2356 1694 2382 εἰ
1716 2355 1857 2391 βούλεσθε,

1065 2395 1134 2429 μετὰ
1150 2396 1240 2430 δεξιᾶς
1258 2397 1308 2433 τῆς
1332 2400 1493 2435 μαρτυρίας,
1520 2401 1553 2427 ἵν’
1569 2401 1623 2436 ἔχω
1646 2402 1676 2428 τὸ
1699 2402 1853 2438 ἐπιτίμιον·

1067 2443 1091 2468 εἰ
1107 2441 1135 2468 δὲ
1148 2442 1196 2478 μὴ,
1215 2444 1289 2476 ὅπως
1314 2445 1458 2480 βούλεσθε·
1474 2447 1550 2474 οὐδὲν
1566 2448 1630 2482 περὶ
1645 2447 1741 2474 τούτου
1762 2448 1855 2475 διοίσο-

1067 2660 1073 2666 .
1102 2625 1158 2687 (ΒΞ.)
1176 2626 1253 2661 Ἐμοὶ
1266 2626 1300 2654 δὲ
1313 2626 1390 2654 δότε.
1419 2628 1464 2656 Sic
1477 2628 1559 2655 Cots..
1575 2634 1603 2660 2,
1620 2633 1672 2656 etc.
1701 2633 1780 2657 deest
1797 2629 1854 2656 δότε

1067 2669 1092 2687 hl'l
1121 2671 1146 2687 I.

1067 2669 1092 2687 III
1104 2668 1146 2688 611.

1175 2696 1342 2736 ςᾼρέσομετ.
1360 2699 1424 2736 Reg.
1442 2699 1485 2726 hm
1501 2704 1527 2736 et
1544 2698 1649 2728 Comh..
1661 2699 1807 2736 ἀρέσομαι.

1099 2731 1155 2769 (8.5)
1175 2731 1354 2769 Ἀστραπῆς.
1385 2731 1468 2769 Ιξθεε.
1501 2735 1543 2761 but
1570 2740 1597 2760 et
1621 2737 1655 2769 plt
1680 2731 1794 2768 addunt,
1810 2735 1855 2762 καὶ

1064 2767 1245 2803 φωτιζούσης,
1264 2778 1273 2794 ‹
1287 2767 1593 2803 ειπυεωιιιῖΐηίιζοηκ»
1621 2767 1628 2769 ’
1644 2774 1650 2780 ·

1100 2802 1155 2836 (86)
1168 2802 1268 2829 "Odor.
1281 2803 1361 2830 Deest
1375 2804 1400 2830 in
1419 2802 1555 2832 nonnullis
1566 2804 1645 2832 codd.

1100 2838 1155 2875 (87)
1169 2837 1271 2875 Tatiae.
1290 2839 1370 2866 Coisl.
1385 2839 1404 2875 2
1418 2841 1502 2870 addit,
1518 2839 1606 2875 ἡμῶν.

1100 2873 1155 2907 (88)
1170 2875 1236 2901 Μοι,
1251 2874 1330 2902 Deest
1345 2875 1371 2902 in
1383 2874 1450 2911 Reg.
1467 2875 1522 2902 bm.
