2013 3134
241 139 292 167 ιω

847 137 877 164 S.
897 135 1060 164 GREGORll
1080 134 1251 162 TllEOLOGl
1301 158 1304 160 η

1803 133 1857 160 492

239 204 299 224 rum
325 195 474 228 modestia,
497 195 637 224 viduarum
664 202 690 224 et
718 197 900 231 orphanorum
926 200 1022 228 caelus,

1081 194 1251 230 ριλὸχριστοι,
1272 194 1319 220 καὶ
1341 193 1390 227 τῆς
1407 192 1476 228 ἐμῆς
1494 191 1634 223 ἀσθενείας
1652 191 1857 229 ἀντιλήπτορες,

240 249 387 276 pauperum
400 240 482 272 oculi.
499 241 525 268 in
540 241 622 268 Deum
651 247 679 270 et
704 242 730 268 in
749 249 797 268 nos
813 242 956 268 intuentes.
972 240 1024 267 Va-

241 286 309 317 lete,
330 285 425 313 domus
446 285 592 320 hospitales
613 290 641 313 et
663 286 763 313 Christi
783 290 924 317 amantes,
950 285 1024 312 inlir-

231 331 399 366 lmitatisque
413 338 479 358 mea:
490 332 645 366 adiutrices.
664 332 766 363 Valete.
779 339 933 359 sermonum
955 338 1026 358 meo-

243 383 303 402 rum
315 381 451 404 amatores
464 397 472 409 ,
489 381 517 404 et
531 384 647 410 cursus,-
661 381 688 404 et
703 377 902 409 concursiones,
915 381 943 403 et
955 375 1026 411 styli,

244 426 298 448 tam
314 421 465 456 perspicui,
484 429 562 456 quam
577 421 696 454 occulti,
715 426 797 456 atque
818 421 897 456 hujus
911 421 1028 455 suggesti

244 466 356 494 cancelli
369 486 377 498 ,
404 474 419 494 a
445 466 615 494 multitudine
643 467 791 502 compressi
808 467 965 498 hominum,
981 473 1029 492 au-

246 512 337 539 diendi
350 513 439 539 studio
450 519 510 539 sese
523 516 617 539 mutuo
629 513 856 547 protrudentium.
866 511 968 542 Valete,
979 511 1030 538 im-

246 562 395 592 peratores,
416 562 443 585 et
459 557 558 592 palatia
571 577 579 590 ,
593 566 741 592 omnesque
756 559 924 593 imperatoris
939 556 1030 584 famuli

246 607 274 630 et
287 602 444 630 cubicularii
460 611 467 630 :
481 603 503 630 si
517 603 624 638 quidem
646 603 803 639 imperatori
824 603 932 635 ﬁdeles,
946 602 1031 630 haud-

245 655 380 683 quaquam
393 652 501 676 certum'
512 649 614 682 habeo;
630 649 684 677 Deo
697 655 786 676 autem
799 657 894 684 magna
907 657 939 676 ex
955 653 1032 683 parte

246 693 332 721 inlidi.
360 693 482 722 Manibus
499 695 631 729 plaudite,
658 700 736 723 acute
756 695 879 728 clamate,
898 695 1030 722 rhetorem

246 746 364 767 vestrum
379 741 404 767 in
421 742 534 768 sublime
549 741 642 768 tollite.
666 741 747 768 Siluit
767 741 842 768 vobis
865 740 985 775 improba
1006 744 1033 766 et

1076 240 1203 275 Χαίρετε,
1221 239 1275 266 τῶν
1295 238 1369 274 ὲμῶν
1384 238 1470 272 λόγων
1484 238 1605 273 ἐρασταὶ,
1625 237 1672 264 καὶ
1691 238 1796 274 δρόμοι,
1812 240 1861 267 καὶ

1077 286 1225 322 συνδρομαὶ
1239 284 1287 320 (8).
1305 284 1351 311 καὶ
1372 284 1503 320 τραφίδες
1516 284 1553 319 (9)
1568 284 1683 319 φανεραὶ
1697 283 1744 310 καὶ
1763 284 1862 312 λανθά-

1075 340 1178 363 νουσαι,
1190 330 1239 357 καὶ
1252 330 1269 365 ή
1284 329 1429 365 βιαζομένῃ
1443 328 1560 363 κιγκλὶς,
1576 327 1644 364 αὕτη
1665 329 1721 360 τοῖς
1735 329 1801 365 περὶ
1816 329 1864 356 τὸν

1074 377 1153 411 λόγον
1171 375 1356 410 ὠθιζομένοις.
1377 374 1506 410 Χαίρετε,
1526 370 1549 400 ὦ
1570 372 1699 408 βασιλεῖς,
1717 374 1765 400 καὶ
1786 373 1863 409 βασί-

1075 422 1143 454 λεια,
1169 421 1230 448 ὅσον
1255 429 1284 447 τε
1306 420 1370 455 περὶ
1390 419 1435 446 τὸν
1460 418 1572 454 βασιλέα
1592 419 1788 454 θεραπευτικὸν
1811 419 1862 446 καὶ

1076 467 1198 494 οἰκίδιοψ
1214 468 1238 493 ει
1256 467 1305 502 μὲν
1324 466 1369 493 καὶ
1385 465 1489 501 βασιλεῖ
1510 464 1614 496 πιστὸν,
1631 465 1682 492 οὐκ
1702 463 1779 492 οἶδα·
1800 465 1863 501 Θεῷ

1076 512 1151 539 δὲτὸ
1173 512 1264 538 πλεῖον
1290 511 1403 538 ἄπιστον
1412 510 1478 545 (10).
1504 510 1663 545 Κροτήσατε
1687 511 1791 547 χεῖρας,
1813 510 1862 542 ὀξὺ

1078 557 1302 593 βοήπατεγᾶρατε
1320 558 1359 589 εἰς
1375 556 1442 591 ὕψος
1455 556 1499 583 τὸν
1519 557 1622 592 ῥήτορα
1634 556 1690 591 (11)
1707 556 1794 591 ὑμῶν.
1811 558 1863 583 Σε-

1078 604 1190 638 σεγηχεν
1209 603 1272 638 ὑμῖν
1291 603 1308 638 ὴ
1331 602 1437 638 πονηρὰ
1457 602 1567 635 γλῶσσα
1586 602 1633 628 καὶ
1651 601 1748 634 λάλος’
1761 603 1791 629 οὺ
1809 603 1864 638 μὴν

1079 649 1218 684 σιγήσεται.
1241 648 1411 674 παντάπασιν
1422 647 1477 683 (12)
1490 655 1496 662 ·
1513 647 1664 682 μαχήσεται
1679 647 1733 682 γὰρ
1747 647 1803 683 (15)
1819 647 1864 674 διὰ

1078 693 1168 729 χειρὸς
1191 693 1237 720 καὶ
1265 693 1392 728 μέλανος·
1413 692 1444 718 τὸ
1464 692 1486 718 δ’
1517 689 1564 719 οὖν
1589 692 1675 728 παρὸν
1712 694 1864 728 σεσιγήκα-

1082 747 1141 774 μεν.

246 786 342 820 loquax
360 781 464 820 lingua;
481 793 530 813 nec
551 791 640 813 tamen
677 786 787 813 omnino
801 786 900 813 silebit.
933 784 1065 820 Pugnabit
1084 785 1155 812 enim
1179 791 1260 811 manu
1293 789 1320 811 et
1339 788 1499 811 atramento.
1516 784 1647 813 Ceterum
1672 785 1697 813 in
1721 786 1865 820 praesentia

247 830 432 858 consiluimus.

283 877 390 904 XXVII.
403 877 469 905 Vale
481 898 489 911 ,
513 878 607 905 civitas
634 886 728 914 magna
740 898 748 910 ,
775 883 801 906 et
822 878 923 906 Christi
939 885 1031 905 amore

1117 876 1178 902 KZ'.
1194 875 1289 910 Χαῖρε,
1305 871 1327 900 ὦ
1343 874 1505 909 μεγαλόπολι
1517 875 1563 901 καὶ
1579 875 1734 911 φιλόχριστε
1747 875 1865 911 (μαρτυ-

248 922 359 957 praedita
385 922 457 957 (vera
483 922 553 949 enim
577 923 706 953 testabor,
729 924 780 950 etsi
803 931 855 950 non
882 923 1027 950 secundum

248 967 388 993 scientiam
414 967 458 994 hic
487 967 559 994 zelus
582 972 624 994 est
645 967 685 1000 8';
715 968 885 1003 benigniores
910 976 958 995 nos
975 969 1029 995 dis-

245 1013 351 1046 junctio
369 1013 507 1047 reddidit).
524 1013 563 1039 Ad
595 1013 734 1041 veritatem
751 1014 887 1046 accedite;
914 1013 946 1039 ad
973 1020 1030 1040 me-

249 1060 340 1086 liorem
360 1058 464 1094 l‘rngem
490 1061 596 1087 tandem
623 1061 769 1095 aliquando
796 1067 844 1088 vos
862 1060 1028 1092 convertite;

249 1105 344 1135 Deum,
360 1104 474 1138 amplius
486 1112 564 1138 quam
579 1106 767 1137 consuevistis,
782 1106 871 1132 colite.
885 1104 943 1132 Non
954 1110 1030 1139 turpe

248 1155 289 1177 est
310 1150 470 1177 sententiam
492 1156 613 1183 mutare;
637 1152 684 1178 sed
707 1151 733 1177 in
757 1151 827 1178 malo
847 1158 1030 1185 perseverare,

248 1194 384 1222 ftiiiestum
405 1199 431 1222 et
449 1194 601 1221 exitiosum.
621 1193 703 1226 Vale,
726 1194 824 1222 Oriens
847 1199 874 1221 et
890 1194 1029 1225 Occidens,

248 1247 298 1274 pro
310 1240 406 1274 quibus
419 1245 446 1266 et
458 1247 471 1266 a
487 1240 584 1274 quibus
599 1247 805 1275 oppugnamur;
824 1239 900 1267 testis
917 1240 961 1267 ille
977 1245 1029 1272 est,

249 1287 295 1320 qui
319 1291 427 1320 pacatos
449 1293 497 1313 vos
520 1286 629 1317 reddet,
659 1285 682 1313 si
709 1286 828 1313 nonnulli
853 1287 1030 1313 scaeasionem

249 1337 336 1357 meam
354 1330 505 1357 imitentur.
530 1331 612 1366 768
627 1330 685 1358 Non
708 1331 779 1358 enim
798 1331 844 1359 Dei
865 1339 972 1366 quoque
990 1331 1032 1366 ja-

250 1379 354 1402 cturatn
371 1374 480 1408 facient,
494 1376 539 1410 qui
553 1375 659 1403 throuis
669 1376 815 1409 cesserint;
831 1378 876 1403 sed
888 1384 1031 1411 supernam

249 1420 403 1448 cathedram
417 1420 570 1453 habebunt,
585 1422 628 1448 his
645 1421 727 1448 multo
747 1421 930 1449 sublimiorem
948 1427 976 1449 et
991 1426 1032 1449 tu-

250 1465 356 1492 tiorem.
395 1465 496 1493 Praeter
520 1466 609 1493 omnia
643 1471 670 1494 et
695 1471 756 1494 ante
780 1467 869 1494 omnia
891 1467 1032 1495 clamabo:

252 1511 361 1544 Valete,
386 1512 472 1545 angeli
485 1533 492 1544 ,
518 1512 596 1546 hujus
612 1511 739 1540 Ecclesiae
751 1513 897 1547 praesides,
915 1520 1034 1548 meaeque

1081 923 1155 958 ρὴσω
1161 920 1332 956 γὰρτάληθῆ,
1342 921 1389 946 καὶ
1399 922 1422 947 εξ
1432 921 1468 957 μὴ
1480 921 1539 947 κατ’
1547 921 1691 956 ἐπίγνωσιν
1697 922 1864 958 65,104”)-

1080 967 1212 1002 πεποίηκε
1231 966 1426 1002 χρηστοτέρους
1449 967 1552 1002 ἡμᾶςή
1576 967 1733 1002 διάζευξις).
1752 968 1867 1003 “po-stt:

1079 1014 1113 1048 τῇ
1137 1011 1266 1046 ἀληθείᾳ·
1292 1011 1526 1046 μετασκευάζεσθε
1552 1011 1600 1046 ὀψὲ
1625 1012 1708 1046 γοῦν·
1731 1014 1866 1048 τιμήσατε

1079 1058 1145 1084 Θεὸν
1153 1057 1221 1092 (15),
1238 1056 1318 1083 πλέον
1332 1056 1382 1091 τῆς
1400 1057 1553 1092 συνηθείας.
1572 1058 1628 1093 Οὐχ
1645 1059 1661 1093 ἡ
1677 1058 1820 1093 μετάθεσις
1837 1058 1867 1085 τὸ

1080 1103 1191 1140 αἰσχρὸν
1217 1102 1282 1137 ἔχει,
1308 1102 1364 1129 ἀλλ’
1389 1103 1405 1138 ἡ
1433 1103 1479 1129 τοῦ
1503 1103 1588 1130 κακοῦ
1606 1104 1723 1139 τήρησις
1747 1103 1797 1139 τὴν
1816 1105 1866 1131 ὰπ-

1081 1149 1191 1176 ὡλειαν.
1202 1149 1324 1185 Χαίροις,
1345 1149 1472 1183 Ἀνατολὴ
1494 1150 1541 1176 καὶ
1558 1150 1648 1181 Δύσις,
1672 1150 1743 1185 ὑπὲρ
1759 1146 1806 1182 ὤν,
1822 1151 1866 1176 καὶ

1081 1196 1125 1230 ὑφ’
1135 1192 1172 1222 ὧν
1187 1195 1379 1230 πολεμούμεθα
1389 1203 1396 1209 ⁸
1408 1196 1511 1230 μάρτυς
1521 1196 1534 1222 ὁ
1544 1196 1709 1231 εἰρηνεύσων
1718 1196 1791 1230 ὑμᾶς
1802 1195 1866 1231 (16),

1082 1241 1115 1268 ἂν
1128 1241 1213 1275 ὀλίγοι
1230 1242 1402 1276 μιμήσωνται
1414 1241 1463 1276 τὴν
1480 1241 1548 1277 ἐμὴν
1563 1241 1748 1277 ὑποχώρησιν.
1763 1242 1800 1268 Οὐ
1815 1242 1868 1277 γὰρ

1081 1287 1183 1313 καὶτὸν
1196 1286 1262 1314 Θεὸν
1273 1286 1419 1313 ἀπολοῦσιν
1432 1287 1456 1312 οἱ
1471 1286 1523 1313 τῶν
1536 1286 1637 1322 θρόνων
1650 1287 1866 1322 παραχωρήσαν-

1081 1340 1137 1364 τες,
1152 1332 1208 1359 ἀλλ’
1224 1332 1312 1364 ἕξουσι
1335 1331 1383 1367 τὴν
1406 1332 1461 1359 ἄνω
1482 1332 1626 1367 καθέδραν,
1649 1332 1665 1368 ἢ
1686 1333 1754 1359 πολὺ
1769 1332 1868 1359 τούτων

1083 1378 1156 1404 ἐστὶν
1167 1378 1319 1414 ὑψηλοτέρα
1335 1387 1364 1404 τε
1385 1378 1431 1404 καὶ
1445 1377 1644 1413 ἀσφαλεστέρα.
1668 1378 1730 1404 Ἐπὶ
1751 1379 1818 1404 πᾶσὶ
1840 1387 1867 1404 τι

1084 1423 1139 1459 (17)
1150 1425 1196 1450 κα)¹
1206 1424 1259 1460 πρὸ
1270 1424 1377 1450 πάντων
1384 1424 1526 1459 βοήσομαν
1535 1424 1660 1459 Χαίρετε,
1667 1424 1867 1459 ἄγγελοι,τῆσδσ

1083 1469 1132 1504 τῆς
1153 1469 1316 1505 Ἐκκλησιας
1330 1470 1432 1506 ἔφοροι,
1447 1470 1494 1496 καὶ
1507 1469 1557 1505 τῆς
1575 1470 1645 1505 ὲμῆς
1661 1470 1812 1505 παρουσίας
1824 1470 1867 1496 καὶ

1084 1514 1226 1550 ἐκδημίας,
1242 1516 1321 1551 εἴπερ
1338 1517 1366 1542 ὲν
1390 1515 1462 1551 χειρὶ
1485 1515 1552 1542 Θεοῦ
1573 1515 1607 1542 τὰ
1628 1516 1761 1551 ἡμέτερα.
1785 1515 1868 1551 Χαῐρέ

249 1557 399 1592 praesentia:
418 1565 449 1584 ac
468 1558 692 1592 peregrinationis
704 1579 711 1591 ,
726 1559 748 1585 si
762 1558 840 1585 modo
855 1559 882 1586 in
897 1566 975 1586 manu
988 1559 1031 1586 Dei

1085 1568 1140 1595 μοι,
1154 1557 1282 1595 ὣΤριὰς,
1303 1560 1333 1586 τὸ
1353 1561 1417 1596 ὲμδν
1439 1561 1579 1596 μελέτημα
1601 1561 1647 1587 καὶ
1670 1559 1868 1595 καλλώπισμα·

250 1610 294 1630 res
307 1608 405 1629 nostras
422 1608 495 1630 sunt.
516 1602 594 1636 Vale,
615 1603 733 1631 Trinitas
747 1624 755 1637 ,
775 1605 913 1633 meditatio
927 1613 995 1638 mea,
1007 1611 1034 1633 et

249 1647 333 1674 decus
365 1654 463 1674 meum.
490 1647 537 1675 llis
563 1648 642 1675 velim
667 1649 802 1681 servaris,
823 1649 913 1676 ethos
931 1657 1032 1682 serves,

250 1699 340 1719 meum
357 1693 428 1721 hunc
443 1693 568 1728 populum
584 1694 672 1729 (meus
690 1694 761 1721 enim
778 1700 834 1727 est,
850 1695 930 1722 etiam
950 1695 971 1722 si
985 1695 1035 1722 ali‘

251 1742 293 1764 ter
307 1737 510 1773 gubernemur);
539 1744 620 1773 atque
644 1739 749 1766 audiam
777 1744 802 1767 te
826 1740 962 1774 quotidie.
978 1745 1033 1767 tum

251 1789 386 1815 sermone,
406 1787 461 1810 tum
472 1783 527 1810 vita
543 1789 569 1812 et
585 1784 703 1812 moribus
718 1785 810 1820 augeri
821 1806 829 1818 ,
842 1791 868 1812 et
883 1786 908 1812 in
921 1786 1034 1814 sublime

250 1829 345 1857 attolli.
362 1829 447 1857 Filioli
457 1851 464 1863 ,
479 1831 640 1865 depositum,
654 1839 744 1865 quasso
754 1851 761 1863 ,
777 1832 907 1859 custodite
917 1832 958 1860 3’:
979 1840 1034 1859 me-

250 1883 340 1902 mores
358 1880 444 1902 estote
462 1875 654 1910 lapidationum
677 1884 796 1904 mearum
810 1877 843 1904 ⁸⁵.
864 1877 956 1905 Gratia
977 1877 1032 1904 Do-

251 1920 316 1948 mini
328 1921 411 1948 nostri
425 1920 487 1949 Jesu
501 1921 601 1949 Christi
609 1923 712 1949 sitcutn
729 1923 854 1950 omnibus
869 1923 951 1951 vobis.
972 1925 1068 1952 Amen.

278 1995 302 2014 "
319 1998 397 2025 Rom.
414 2006 441 2030 x,
457 1999 484 2026 2.
522 2000 560 2027 ⁸³1
575 2000 645 2027 Tim.
661 2009 698 2033 vr,
711 2000 755 2027 20.
793 2000 923 2029 “Coloss.
940 2009 975 2034 tv,
995 2001 1035 2028 18.

252 2079 466 2116 καὶμφιλόξενοι,
487 2090 496 2106 ι
509 2081 602 2116 domus
617 2088 762 2115 pauperum
780 2086 807 2107 et
820 2081 972 2116 hospitales.
988 2092 997 2108 ›

286 2114 325 2148 (8)
337 2115 512 2150 Συνδρομαί.
528 2115 592 2149 Reg.
608 2114 830 2150 1)η),⁷συνδρομοί.

288 2124 325 2148 ιδ)
337 2124 512 2176 Διννοριέιαι.
528 2124 592 2149 neg.
609 2124 662 2148 om,
679 2124 830 2150 συνορομοι.

288 2150 325 2184 (9)
345 2151 441 2184 Γραφί
460 2159 501 2183 ες.
521 2160 530 2176 ‹
544 2150 620 2185 Styli,
640 2151 761 2185 graphia,
778 2161 787 2176 ι
808 2159 859 2177 non
881 2151 1009 2184 (calami,
1023 2161 1032 2178 ι

252 2189 282 2211 ut
299 2185 376 2211 vertit
392 2185 462 2217 Bill.,
482 2186 526 2219 qui
550 2185 623 2211 hisce
638 2186 802 2219 temporibus
826 2187 942 2213 nondum
957 2192 1036 2213 erant

252 2219 279 2245 in
299 2227 365 2252 usu;
384 2221 430 2246 sed
445 2221 471 2247 in
487 2220 573 2247 cereis
601 2220 697 2247 tabulis
723 2221 783 2255 styli
811 2221 851 2247 vel
865 2222 968 2256 graphii
984 2230 1034 2256 ope

252 2254 413 2280 scribebant.

251 2259 413 2281 scribebant.

1085 1606 1131 1632 καὶ
1147 1605 1242 1638 σώζοιο
1257 1606 1354 1638 τοῖσδε,
1368 1607 1415 1633 καὶ
1435 1606 1531 1639 σώζοις
1545 1606 1649 1638 τούσδε,
1667 1606 1713 1632 τὸν
1730 1606 1795 1641 ἐμὸν
1808 1606 1868 1633 λαὸν

1085 1650 1160 1686 (ἐμὸς
1176 1651 1240 1686 γὰρ,
1256 1651 1308 1678 κᾶν
1320 1651 1408 1683 ἄλλως
1416 1652 1471 1686 (18)
1481 1651 1710 1686 οἰκονομώμεθα)·
1731 1652 1778 1677 καὶ
1788 1651 1866 1684 ἀγγέ-

1085 1697 1140 1724 λοιό
1151 1697 1207 1733 (19)
1231 1706 1275 1733 μοι
1296 1697 1442 1729 διαπαντὸς
1465 1697 1619 1733 ὑψουμένη,
1644 1697 1692 1723 καὶ
1707 1697 1868 1731 αὐξουμένη,

1086 1743 1133 1769 καὶ
1151 1743 1233 1778 λόγῳ,
1252 1743 1299 1770 καὶ
1314 1743 1444 1779 πολιτείᾳ,
1460 1744 1569 1775 Τεκνία,
1585 1742 1748 1778 φυλάσσοιτέ
1763 1752 1806 1778 μοι

1087 1788 1334 1825 παρακαταθήκην
1355 1789 1494 1824 μέμνησθέ
1521 1798 1570 1824 μου
1598 1788 1652 1815 τῶν
1672 1788 1822 1823 λιθασμῶν.
1838 1788 1868 1813 'H

1087 1835 1166 1871 χάρις
1179 1835 1226 1862 τοῦ
1248 1835 1351 1870 Κυρίου
1372 1834 1449 1870 ἡμῶν
1469 1835 1555 1871 Ἰησοῦ
1579 1833 1696 1870 Χριστοῦ
1717 1834 1786 1870 μετὰ
1804 1833 1865 1860 πὰν-

1085 1888 1138 1906 των
1158 1880 1244 1914 ὑμῶν.
1259 1880 1354 1915 Ἀμήν.

1124 2080 1180 2114 (15)
1198 2081 1281 2107 Geor.
1295 2080 1368 2115 Regg

1125 2115 1180 2150 (16)
1200 2115 1295 2149 Ὑμᾶς.
1314 2114 1371 2150 HSic
1383 2115 1473 2150 plures
1490 2115 1583 2149 chg.,
1598 2114 1680 2142 Coisl.
1695 2114 1713 2141 2
1737 2119 1765 2141 et
1780 2114 1825 2142 0r.
1840 2115 1867 2142 2.

1086 2149 1115 2176 In
1132 2151 1187 2181 etl.,
1207 2151 1290 2185 ἡμᾶς.
1313 2149 1430 2185 Videtur
1449 2150 1491 2177 hic
1520 2149 1666 2183 Gregorius
1688 2149 1806 2176 alludere
1835 2151 1870 2177 ad

1086 2185 1203 2211 schisma
1219 2184 1397 2212 Antiochena‘.
1410 2184 1546 2216 Ecclesia),
1566 2184 1663 2211 Meletii
1686 2189 1773 2211 morte
1791 2193 1870 2211 reno-

1087 2224 1188 2247 vatum.
1206 2220 1271 2247 Vide
1287 2219 1414 2246 Monitum
1433 2227 1460 2246 η.
1479 2220 1502 2246 1.
1530 2220 1632 2246 Idcirco
1647 2219 1685 2245 ait
1708 2219 1870 2254 Theologus,

1091 2263 1100 2280 ι
1112 2254 1249 2282 Orientem
1263 2259 1291 2281 et
1302 2254 1474 2282 Occidentem
1502 2260 1610 2288 pacatos
1627 2254 1694 2284 fore.
1708 2255 1730 2281 si
1749 2254 1870 2281 nonnulli

1371 2101 1377 2108 .
1393 2080 1436 2107 bm
1451 2084 1477 2106 et
1491 2080 1536 2113 ph,
1549 2080 1593 2106 τὸν
1608 2079 1685 2106 Θεόν.

289 2288 344 2323 (10)
357 2290 515 2324 "Amo-tor.
523 2287 673 2324 Eunuchos
684 2287 825 2322 signiﬁcat,
839 2288 883 2324 qui
897 2296 991 2324 magna
1001 2298 1035 2318 ex
1052 2289 1074 2316 Ι)
1088 2289 1264 2324 secessionem
1293 2297 1368 2316 suam
1398 2287 1576 2324 imitarentur.
1588 2299 1596 2314 ›
1624 2288 1718 2324 Magna
1739 2289 1870 2324 siquidem

253 2329 329 2356 parte
342 2325 441 2351 Ariano
465 2328 491 2350 et
507 2323 696 2350 Macedoniano
721 2330 814 2350 errore
838 2323 929 2351 infecti
943 2323 1032 2353 erant.

255 2358 490 2394 Undesuhjttngit,
503 2358 550 2394 ρξὺ
564 2358 690 2394 βοήσατε,
711 2366 720 2383 ι
733 2362 810 2384 acute
823 2358 948 2386 clamate.
961 2369 971 2385 ι

300 2392 344 2426 ll)
364 2392 493 2426 'Prﬁtoba.
511 2392 637 2427 intelligit
649 2397 871 2427 propugnatorem
890 2396 1000 2422 erroris.

301 2427 562 2463 12)Παντάπασιν.
588 2429 667 2455 Deest
694 2427 720 2454 in
744 2428 889 2456 nonnullis.
916 2428 944 2457 In
967 2430 1035 2463 aliis,

251 2461 400 2494 παντελῶς.

303 2497 345 2532 l5)
362 2497 434 2532 Γάρ.
452 2497 519 2532 Reg.
530 2498 566 2532 ph
582 2497 666 2531 addit,
683 2497 729 2525 καί

300 2532 343 2568 id)
359 2532 458 2568 Ζῆλος
491 2542 500 2559 ι
511 2533 607 2561 Zelus»
624 2533 748 2561 nimirum
758 2533 869 2569 injurias
880 2534 1033 2564 ulciscendi.

1088 2323 1140 2350 fuit
1153 2325 1223 2351 inter
1248 2324 1375 2358 przrsules
1397 2325 1431 2350 de
1458 2324 1536 2358 hujus
1562 2323 1689 2351 Ecclesiae
1716 2325 1870 2357 episcopatu

1088 2359 1239 2394 contentio;
1270 2366 1302 2386 ac
1327 2359 1444 2394 demum,
1471 2363 1543 2394 post?
1560 2359 1683 2393 Gregorii
1705 2359 1869 2390 discessum,

1089 2393 1193 2421 concilii
1220 2393 1312 2421 Patres
1339 2393 1494 2421 Flavianum
1521 2393 1620 2421 Meletii
1646 2394 1704 2421 loco
1731 2394 1758 2421 in
1777 2393 1871 2420 Antio-

1088 2428 1172 2456 chena
1185 2429 1248 2456 sede
1258 2428 1432 2456 collocarunt.

1124 2463 1181 2498 (17)
1201 2463 1279 2490 Πᾶσί
1295 2472 1335 2490 τε.
1353 2463 1431 2490 Deest
1446 2471 1475 2489 τε
1491 2463 1515 2489 in
1527 2463 1592 2498 Reg.
1605 2463 1641 2498 ph
1655 2468 1681 2491 et
1693 2463 1779 2492 0r.2.

1121 2497 1178 2533 (18)
1195 2499 1322 2531 Ἀλλως.
1335 2498 1400 2533 Reg.
1417 2499 1470 2530 hm,
1486 2497 1574 2529 ἄλλοςέ

1123 2532 1179 2569 (19)
1207 2533 1365 2568 Ἀγγέλοια
1383 2534 1448 2569 Reg.
1467 2534 1522 2566 bm,
1537 2532 1686 2567 ἀγγέλλοις.
