2013 3134
167 164 218 192 ιςδ
572 162 702 192 OﬂAI‘IO
719 164 810 192 XLIII.
832 179 866 184 —
884 164 917 191 IN
940 163 1081 192 LAUDEM
1101 163 1222 191 BASILII
1243 163 1361 192 MAGNI.
1730 163 1782 194 494

169 240 605 256 πε

512 239 1759 258 m

415 315 498 351 ⁷69
530 322 816 370 MONITUM
857 322 920 366 IN
957 320 1313 368 ORATIONEM
1360 322 1541 367 XLIII.

201 485 226 516 I.
251 485 390 527 Basilius
405 486 552 527 Magnus,
568 487 659 525 cuius
678 487 811 518 virtutes
829 495 864 518 ac
879 487 1017 526 pretiosa
1039 495 1124 517 mors
1141 487 1173 517 in
1192 487 1249 527 bac
1262 487 1389 517 funebri
1407 486 1552 527 oratione
1569 486 1783 527 celebrantur,

159 525 237 563 jam,
249 525 340 564 juxta
361 525 604 562 probabiliorem
621 527 827 563 sententiam,
842 526 993 557 Caesarem
1015 527 1140 557 obierat
1155 526 1307 557 Kalendis
1325 526 1464 556 Januarii
1482 526 1556 556 anni
1575 525 1783 558 379.1nterea

162 565 337 604 Gregorius
362 565 683 604 Constantinopolim,
710 569 746 596 ut
772 565 962 604 periclitanti
985 565 1056 597 fidei
1087 566 1348 604 patrocinaretur,
1378 565 1507 600 aecitus,
1537 568 1611 596 tunc
1637 566 1781 597 debitum

162 604 296 644 pietatis.
309 608 339 634 et
354 604 502 644 amicitiae
515 604 672 644 tributum
691 609 752 644 tam
772 606 869 635 charo
888 605 981 644 capiti
1000 605 1130 635 minime
1144 605 1267 635 solvere
1287 606 1400 643 potuit.
1418 605 1573 644 Utrautem
1593 606 1726 640 primum
1745 615 1783 636 ex

162 643 242 673 urbe
257 642 533 680 Cunstantinopoli
551 643 736 674 discedendi
761 642 1100 678 licentiam'obtinuit,
1132 643 1323 674 Nazianzum
1351 643 1532 676 revertitur.
1561 645 1653 674 «Non
1681 646 1784 676 multo

163 687 245 720 post,
263 693 276 709 ν
297 686 333 712 ut
355 681 474 720 optime
497 683 645 712 observat
661 682 866 713 doctissimus
890 683 1115 713 Tillemontius
1143 683 1216 721 [20].
1243 684 1443 721 «Caesaream
1464 682 1561 720 venit,
1577 695 1590 711 ι)
1621 687 1653 713 ut
1679 693 1784 714 sacros

162 722 256 751 amici
275 721 400 752 cineres
424 721 491 751 suis
509 721 655 760 irrigaret
676 721 836 762 lacrymis,
858 731 893 752 ac
919 722 1044 761 publice
1063 720 1164 761 ipsius
1183 720 1292 753 laudes
1319 720 1416 753 ﬂebili
1439 721 1582 753 oratione
1611 732 1784 763 proseque-

162 765 259 791 I‘PIUI‘.

203 801 249 841 ll,
266 800 428 830 «Illustris
451 803 508 835 est,
538 799 765 841 inquitiBillius
792 802 865 839 [21],
901 801 966 831 haec
983 801 1084 830 oratio
1098 823 1108 841 ,
1125 809 1160 841 ac
1186 800 1331 841 princeps
1350 802 1432 831 inter
1451 810 1502 833 eas
1518 811 1587 841 qute
1604 802 1635 832 in
1651 802 1783 833 demon-

162 840 295 869 strativo
311 847 427 878 genere
443 843 623 869 versantur.
640 840 674 869 In
693 849 728 870 ea
745 841 844 875 enim,
871 844 1016 878 tauquam
1045 839 1157 878 optimi
1182 840 1316 871 artiﬁces
1340 841 1370 869 in
1398 839 1608 879 pulcherrima
1639 841 1782 878 materia,

162 886 274 909 omnes
291 879 414 916 ingenii
431 883 462 908 et
474 879 641 909 industriae
654 879 736 909 vires
746 879 898 910 effudisse
916 880 1051 914 videtur,
1067 879 1335 918 perspicuumque
1349 881 1497 911 omnibus
1509 881 1612 910 facere
1626 881 1780 915 voluisse,

161 922 297 955 quantas
316 927 424 948 secum
442 926 518 956 opes
533 927 571 948 ex
586 918 721 956 [Egypto
749 919 784 948 ad
808 922 921 949 terram
940 922 1076 948 sanctam
1095 918 1304 956 deportasset.
1323 930 1336 946 ι)
1367 919 1455 949 Hanc
1482 920 1693 950 eruditissimi
1720 919 1780 949 viri

162 957 350 995 opinionem
367 957 475 987 libenti
503 957 609 987 animo
626 957 858 996 amplectimur.
877 957 1016 992 Etenim,
1043 965 1173 996 quoquo
1195 958 1287 988 modo
1305 958 1494 996 inspiciatur
1512 959 1577 989 IIEBC
1591 959 1706 995 oratio,
1723 968 1783 989 caa-

164 996 242 1026 teris
258 997 442 1027 nullatenus
460 996 593 1027 inferior
607 998 794 1034 reperietur.
827 997 861 1027 In
887 1005 922 1027 ea
949 997 1070 1035 quippe
1095 996 1202 1036 Basilii
1228 997 1336 1030 vitam.
1365 997 1512 1028 historica
1543 998 1692 1036 quidem,
1725 999 1782 1028 sed

162 1036 367 1077 ornatissima
388 1037 469 1066 serie
487 1037 648 1077 percurrit
665 1036 858 1077 Th‘eologus.
874 1036 1103 1077 ‘Urndeqnaque
1120 1035 1243 1065 nativos
1264 1036 1390 1074 pietatis
1416 1040 1446 1066 et
1463 1035 1664 1077 eloquentiae
1687 1037 1782 1077 ﬂores

159 1074 199 1115 ita
224 1075 366 1115 profuse
397 1075 527 1114 spargit,
560 1079 592 1105 ut
623 1075 730 1109 simul,
761 1080 791 1105 et
819 1075 911 1106 amici
935 1075 1095 1105 tumulum
1121 1083 1288 1112 exornare,
1309 1078 1338 1105 et
1357 1074 1579 1107 remotissimae
1605 1076 1782 1115 posteritati

160 1114 270 1144 Basilii
291 1123 407 1145 nomen
424 1122 611 1145 consecrare
629 1115 783 1145 videatur.

199 1153 257 1184 III.
287 1154 454 1189 Caeterum,
483 1153 571 1184 nullo
587 1153 682 1184 modo
698 1153 875 1191 culpandus
894 1154 1067 1191 Gregorius
1081 1176 1089 1190 ,
1109 1153 1134 1183 si
1154 1153 1306 1192 quasdam
1325 1153 1398 1184 huic
1415 1154 1578 1184 chat-itatis
1596 1153 1699 1185 ofﬁcio
1717 1162 1782 1184 mo-

161 1201 209 1232 ras
242 1193 395 1230 attulerit,
437 1201 519 1232 cum,
556 1197 590 1222 ut
622 1193 689 1232 ipse
716 1193 857 1231 loquitur
888 1194 931 1232 (η.
959 1191 1003 1232 2),
1043 1205 1058 1220 (ε
1089 1193 1218 1231 pulchre
1243 1193 1354 1227 coacti,
1382 1202 1439 1224 nec
1474 1193 1544 1224 sine
1567 1193 1623 1224 Dci
1651 1193 1783 1224 nomine

160 1231 267 1262 forsan
286 1241 418 1271 peregre
435 1231 577 1270 profecti,
595 1231 727 1262 in'verae
740 1231 1114 1270 doctrinm’periclitantis
1133 1232 1260 1270 negotio
1277 1232 1405 1262 interim
1424 1234 1565 1270 occupati
1584 1233 1750 1263 fuerimus.
1768 1244 1782 1259 ιι

160 1271 262 1311 Quam
281 1272 521 1302 excusationem
539 1271 667 1310 ipsimet
681 1271 798 1301 Basilio
816 1271 847 1301 in
865 1272 950 1302 cmlis
967 1271 1161 1308 probandam
1187 1271 1246 1301 sibi
1274 1271 1460 1310 pollicetur;
1487 1273 1606 1310 quippe
1622 1273 1689 1311 qui,
1709 1279 1782 1302 cum

160 1310 239 1340 nihil
274 1321 289 1338 α
306 1311 369 1341 nisi
397 1311 572 1345 veritatem,
597 1311 659 1341 nisi
685 1311 854 1341 salutarem
871 1310 1047 1340 doctrinam
1064 1310 1250 1349 fspirmerit,
1267 1321 1280 1337 ι)
1304 1319 1370 1340 eam
1398 1310 1639 1348 periclitantem
1655 1310 1784 1342 defendi

161 1351 270 1387 potius
289 1350 388 1387 malit,
415 1358 509 1389 quam
532 1359 566 1381 se
585 1349 711 1380 funebri
730 1350 875 1380 oratione
893 1350 931 1379 ab
959 1351 1059 1379 amico
1075 1349 1240 1389 celebrari.
1272 1350 1354 1380 Hinc
1378 1358 1442 1379 non
1464 1351 1623 1380 immerito
1653 1352 1784 1381 censent

160 1389 292 1425 eruditi,
327 1389 408 1420 hanc
427 1388 612 1420 orationem
633 1390 747 1419 dictam
766 1389 867 1420 fuisse
895 1393 964 1427 post
988 1389 1090 1427 ipsius
1105 1393 1128 1418 'e
1146 1388 1493 1426 Constantinopolitana
1515 1390 1591 1420 sede
1608 1389 1782 1420 abdicatio-

161 1436 246 1465 nem,
277 1429 310 1458 in
347 1428 554 1459 celeberrima
581 1428 788 1460 Caesariensis
818 1428 961 1459 ecclesias
990 1427 1168 1465 concione,
1200 1437 1308 1459 mense
1335 1430 1479 1467 Augusto
1520 1428 1566 1459 vel
1606 1427 1783 1468 Septembri

160 1469 234 1497 anni
255 1468 327 1499 381.

194 1516 305 1555 (eam.
322 1518 370 1552 ut,
385 1527 413 1554 ρ.
428 1519 490 1546 5M.

415 1658 598 1702 ΛΟΓΟΣ
616 1655 722 1702 ΜΓ¹.

1039 1517 1093 1552 (BI)
1108 1519 1168 1552 Arg.
1186 1517 1262 1552 hujus
1274 1517 1320 1545 0r.

1216 1661 1407 1698 ORATIO
1437 1660 1597 1699 XLIII“-

160 1750 211 1782 Εἰς
223 1749 280 1776 τὸν
296 1749 392 1783 μέγαν
406 1748 461 1782 (ἓῖ)
474 1749 644 1781 Βασίλειον,
658 1749 826 1775 ἐπίσκοπον
842 1750 951 1776 Καισα-

1005 1747 1084 1782 77o
1099 1746 1227 1774 Funebria
1246 1748 1331 1784 oratio
1348 1748 1375 1774 in
1394 1749 1498 1775 laudem
1517 1748 1609 1775 Basilii
1620 1749 1711 1784 Magni
1724 1749 1785 1778 σω.

301 1785 386 1818 ρείας
399 1784 623 1816 Καππαδοκίας,
639 1784 804 1818 ἐπιτάφιος.

195 1852 235 1878 A'.
252 1851 388 1886 Ἐμελλεν
401 1851 455 1886 ἄρα
469 1851 537 1886 (25),
554 1850 654 1881 πολλὰς
665 1850 729 1884 ἡμῖν
743 1849 886 1881 ὑποθέσεις
897 1849 951 1875 τῶν

161 1897 246 1931 λόγων
256 1898 302 1924 ἀεὶ
311 1896 447 1932 προτιθεὶς
462 1896 517 1932 (24)
533 1898 546 1922 ό
571 1896 657 1931 μέγας
672 1895 810 1927 Βασίλειος
827 1896 884 1930 (καὶ
898 1895 950 1930 γὰρ

162 1944 345 1978 ἐφιλοτιμεῖτο
359 1944 414 1973 τοῖς
433 1943 509 1977 ὲμοῖς
529 1942 628 1975 λόγοις,
641 1941 679 1973 ὼς
693 1940 770 1967 οῠπω
784 1942 839 1972 τοῖς
854 1940 950 1967 ἑαυτοῦ

161 1988 213 2014 τῶν
227 1989 340 2015 πάντων
354 1986 463 2021 οὐδεὶς),
481 1986 576 2013 ἑαυτὸν
589 1986 637 2012 νῦν
649 1987 715 2021 ἡμῖν
730 1985 785 2020 (‘25)
794 1985 949 2021 προθήσειν,

162 2033 290 2059 ὑπόθεσιν
321 2032 433 2066 ἀγώνων
465 2032 596 2067 μεγίστην
614 2033 669 2063 τοῖς
696 2032 759 2066 περὶ
784 2030 878 2065 λόγους
896 2030 951 2065 (26)

163 2079 369 2107 ἐσπουδακόσιν.
394 2077 476 2114 Οἶμαι
491 2077 555 2114 γὰρ,
575 2077 601 2104 EI
611 2086 652 2109 τις
670 2078 720 2112 τῆς
738 2078 766 2103 ὲν
776 2076 864 2110 λόγοις
876 2076 952 2102 δυνά-

165 2133 234 2158 μεως
251 2125 354 2159 πεῖραν
372 2123 542 2158 ποιούμενος,
559 2123 654 2149 ἔπειτα
668 2122 735 2157 πρὸς
749 2123 847 2157 μέτρον
861 2122 952 2156 κρῖναι

163 2169 262 2205 ταύτην
276 2169 411 2204 θελήσειε,
428 2168 492 2204 μίαν
506 2169 538 2195 ὲκ
553 2167 646 2194 πασῶν
660 2168 785 2194 ὑπόθεσιν
800 2167 952 2202 προστησά-

166 2223 252 2250 μενος,
267 2214 397 2250 καθάπερ
413 2215 437 2240 οἰ
456 2213 596 2250 ζωγράφοι
609 2214 672 2245 τοὺς
691 2213 860 2248 ἀρχετύπους
873 2212 952 2239 πίνα-

165 2270 222 2293 κας.
238 2262 344 2296 ταύτην
358 2261 392 2287 ἂν
412 2260 518 2295 ὑφελὼν
534 2260 632 2296 μόνην,
653 2260 690 2291 ὡς
705 2260 783 2294 λόγου
802 2259 952 2295 κρείττονα,

164 2307 216 2333 τῶν
231 2307 322 2334 ἄλλων
341 2307 447 2333 ἑλέσθαι
473 2307 523 2342 τὴν
546 2306 668 2341 πρώτην,
694 2305 825 2332 Τοσοῦτον
844 2305 953 2340 ἔργονή

163 2353 208 2379 τοῦ
223 2354 322 2389 ἀνδρὸς
339 2353 472 2388 εὐφημία,
496 2352 532 2388 μὴ
546 2353 586 2379 ὅτι
600 2361 631 2386 γε
653 2353 719 2388 ἡμῖν
737 2352 793 2383 τοῖς
807 2351 889 2378 πάλαι
901 2351 954 2377 πᾶν

1174 1791 1256 1809 sarem
1268 1783 1294 1808 in
1309 1782 1592 1818 tiappadociatepiscopi
1602 1790 1627 1810 α.

1036 1849 1057 1876 I.
1070 1849 1126 1877 Hoc
1150 1849 1270 1884 profecto
1297 1853 1447 1884 supererat,
1466 1855 1504 1882 ut,
1524 1858 1585 1878 cum
1603 1859 1715 1887 magnus
1741 1853 1785 1880 ille

1003 1895 1116 1922 Basilius
1137 1895 1219 1922 multa
1246 1895 1323 1922 nobis
1345 1897 1499 1922 orationum
1516 1901 1672 1930 argumenta
1684 1905 1784 1932 propo—

1001 1941 1101 1969 suisset
1123 1941 1172 1973 (sic
1187 1942 1258 1968 enitn
1278 1941 1346 1968 meis
1371 1941 1538 1969 orationibus
1558 1943 1733 1977 gloriabatur,
1756 1949 1786 1971 ut

1002 1994 1081 2014 nemo
1095 1994 1211 2021 unquam
1222 1987 1341 2014 omnium
1360 1988 1472 2022 perinde
1486 1988 1563 2024 suis),
1579 1990 1696 2023 seipsum
1715 1997 1786 2016 ntmc

1003 2032 1080 2060 nobis
1094 2037 1268 2067 proponeret,
1282 2037 1468 2066 argumentum
1479 2034 1655 2061 certaminum
1664 2036 1783 2063 omnium

1004 2077 1160 2108 maximum,
1181 2077 1224 2108 iis,
1246 2077 1291 2112 qui
1306 2077 1403 2104 litteris
1433 2082 1460 2104 ct
1487 2077 1647 2112 eloquentiae
1675 2087 1784 2114 operam

1003 2123 1142 2150 dederunt.
1170 2121 1235 2148 Nam
1260 2123 1395 2155 existimo,
1412 2123 1433 2150 si
1452 2123 1512 2158 quis
1534 2131 1609 2151 suam
1632 2124 1657 2151 in
1672 2125 1786 2152 dicendo

1004 2167 1159 2195 facultatem
1174 2169 1302 2203 experiri,
1330 2177 1444 2203 eamque
1470 2174 1562 2203 postea
1583 2169 1655 2197 velut
1671 2170 1703 2197 ad
1722 2178 1786 2197 nor-

1003 2222 1074 2241 mam
1104 2214 1212 2249 exigere
1234 2214 1323 2246 vellet,
1344 2215 1481 2241 materiam
1512 2223 1591 2242 unam
1613 2223 1645 2242 ex
1661 2216 1787 2243 omnibus

1004 2258 1053 2285 sibi
1067 2266 1230 2293 proponens,
1242 2259 1468 2293 quemadmodum
1481 2259 1595 2294 pictores
1606 2268 1653 2287 eas
1670 2260 1786 2292 tabulas,

1003 2312 1036 2331 ex
1054 2305 1150 2339 quibus
1164 2305 1284 2339 exempla
1304 2311 1407 2340 petunt,
1426 2314 1498 2338 eum,
1522 2308 1570 2334 hac
1581 2307 1636 2333 sola
1652 2308 1786 2340 submota,

1005 2350 1235 2377 velutoratoriam
1255 2359 1361 2378 omnem
1375 2352 1426 2378 vim
1450 2357 1604 2386 superante,
1626 2357 1786 2380 cmlerarum

165 2398 193 2424 τὸ
206 2399 348 2434 φιλὸτιμον
365 2398 559 2425 καταλύσασιν·
581 2397 651 2424 ἀλλὰ
665 2397 712 2424 καὶ
724 2394 765 2428 οἷς
783 2396 839 2432 βίος
854 2396 926 2422 ἐστὶν
940 2396 951 2422 ὁ

1005 2397 1118 2436 primam
1142 2403 1278 2431 quamque
1298 2396 1474 2423 delecturum.
1497 2397 1562 2424 Tam
1585 2398 1697 2425 arduum
1720 2406 1787 2432 opus

165 2444 250 2478 λόγος,
272 2445 301 2471 ἒν
319 2444 399 2471 τοῦτο
423 2443 601 2470 ἐσπουδακόσι
616 2443 663 2469 καὶ
685 2442 774 2476 μόνον,
792 2443 851 2473 ταῖς
861 2441 949 2467 τοιαύ-

165 2497 223 2522 ταις
237 2491 294 2525 (27)
326 2490 510 2525 ἐνευδοκιμεῖν
537 2489 705 2516 ὑποθέσεσιν.
727 2488 801 2523 "Exta
819 2487 867 2522 μὲν
884 2486 954 2513 οὕτω

1006 2447 1047 2469 est
1059 2443 1137 2477 hujus
1151 2443 1201 2470 viri
1225 2443 1388 2473 encomium.
1401 2451 1453 2470 non
1474 2444 1655 2476 nobissolum,
1673 2445 1717 2478 qui
1730 2443 1785 2478 jam

1007 2487 1069 2514 olim
1100 2495 1180 2515 omne
1207 2488 1299 2522 gloria:
1328 2488 1445 2515 studium
1474 2488 1664 2521 deposuimus;
1691 2497 1785 2515 verum

213 2554 225 2568 I
251 2548 384 2574 Alias‘20.
408 2548 474 2580 Qum
501 2551 591 2574 autem
606 2547 641 2573 45
664 2550 732 2578 erat,
750 2553 820 2573 nunc
837 2545 881 2571 44.
900 2560 934 2564 -——
954 2544 1050 2572 Habita
1085 2546 1214 2573 Caesareae
1238 2547 1309 2573 circa
1338 2553 1457 2578 mensem
1485 2547 1502 2571 Α
1536 2549 1632 2572 ustum
1675 2545 1718 2572 vel
1742 2547 1788 2573 Se-

165 2589 174 2598 '
184 2580 390 2617 tembremauui
406 2583 468 2609 581.

200 2631 254 2666 (92)
270 2633 324 2662 Εἰς
334 2630 388 2657 τὸν
402 2631 507 2665 μέγαν,
521 2635 573 2658 etc.
602 2631 647 2658 Sic
671 2629 761 2666 plures
782 2628 902 2666 codices.
923 2637 950 2666 tu

165 2663 336 2700 quihusdam,
350 2667 390 2697 εἰς
402 2663 450 2692 ξὺν
463 2667 551 2700 ἆγιον,
566 2670 617 2692 etc.
633 2665 660 2691 In
673 2663 744 2696 aliis,
766 2664 836 2691 sicut
852 2664 878 2690 in
895 2663 952 2690 edi-

167 2702 209 2731 tis,
224 2702 321 2727 desunt
335 2701 380 2727 τὸν
396 2701 493 2736 μέγαν.
504 2707 541 2736 et.
555 2701 600 2727 τὸν
617 2701 704 2734 ἆγιον.

203 2735 258 2770 (275)
276 2733 422 2769 ’Έμελλέν
437 2733 504 2770 ἆρα.
524 2735 560 2762 lla
581 2743 690 2770 prorsus
704 2733 877 2770 anianusin
889 2733 954 2770 Iphi-

166 2768 269 2798 losnulii
290 2768 460 2797 D'etnonaclis
481 2768 588 2797 tandem
602 2777 714 2797 exorsus
733 2778 738 2795 :
754 2768 884 2803 ’Ἐμελλεν
901 2769 955 2803 ἄρα.

169 2805 235 2839 μηδὲ
251 2806 266 2830 ὁ
282 2804 344 2830 καθ’
356 2806 429 2840 ἡμᾶς
446 2805 511 2840 βίος,
531 2811 582 2832 etc.
616 2805 693 2840 Unde
714 2804 843 2840 Muretus,
862 2804 954 2837 penul-

169 2840 233 2865 tituo
252 2847 388 2866 variarum
406 2841 550 2867 lectionum
565 2840 644 2869 libro,
671 2839 708 2865 ait
733 2848 739 2865 :

168 2880 233 2901 vero
248 2882 301 2902 non
329 2874 404 2909 longe
420 2875 592 2902 aberraturus
614 2875 661 2907 sit,
685 2873 782 2908 siquis
805 2873 945 2900 sanctissi-

774 2847 782 2863 ι
795 2837 918 2864 Fortasse.
933 2846 948 2864 a
975 2847 978 2850 ν

1552 2623 1634 2648 "irum
1647 2630 1661 2648 a
1682 2630 1788 2649 summe

1002 2635 1073 2654 mum
1091 2626 1268 2660 eamdemque
1284 2625 1492 2660 eloquentissimg

1565 2658 1665 2692 riptore
1686 2658 1786 2692 aliquid

1001 2662 1155 2702 itnpio,'sed
1173 2662 1243 2688 culto
1267 2667 1356 2688 tamen
1375 2669 1407 2687 ac
1433 2668 1515 2695 poni...

1283 2706 1374 2768 ’Ijt‘gg.
1388 2737 1413 2762 a,
1432 2737 1458 2761 c,
1474 2731 1501 2768 tl,
1516 2727 1632 2768 »ιρξοεις
1666 2761 1684 2768 _
1738 2767 1741 2768 ν
1759 2762 1764 2767 ι

1110 2761 1201 2795 Ἡμῖν.
1225 2761 1269 2792 δῖε
1296 2761 1377 2800 Βεέξς.
1390 2773 1416 2798 a,
1434 2772 1459 2797 c,
1474 2764 1501 2796 (Ι,
1531 2761 1585 2809 bii,
1598 2767 1650 2790 etc.
1666 2761 1744 2789 Deest
1758 2762 1785 2789 in

1005 2801 1093 2870 eaad)
1109 2835 1175 2869 Περὶ
1188 2835 1306 2869 λόγους.
1324 2834 1412 2870 Pass,
1427 2834 1491 2870 περὶ
1502 2827 1597 2870 λόγιον.

1037 2867 1092 2907 (27)
1113 2867 1179 2904 Τάῑς
1194 2867 1351 2902 τοιαύταις.
1379 2869 1407 2897 ιιι
1422 2867 1565 2902 nonnullis,
1581 2867 1611 2894 πὸ
1637 2867 1785 2900 τοιαύταις.
