2013 3134
212 201 262 230 199

791 205 821 234 S.
841 205 1005 233 GREGOKH
1024 205 1196 233 THEOLOGI

1779 205 1828 233 500

212 259 400 292 ternntloum
423 260 510 292 nobis,
531 260 553 287 si
570 257 701 287 arbitratu
723 265 814 287 nostro
832 268 994 288 commemo-

1047 269 1075 286 τε
1093 262 1139 287 καὶ
1170 261 1340 297 Ἡρακλεῖδαι
1356 260 1424 295 (52),
1447 260 1493 286 καὶ
1504 257 1541 287 ὧν
1557 260 1631 287 οὐδὲν
1655 260 1828 296 ὑψηλότερον

212 313 274 332 rare
293 305 396 337 liceret,
413 303 478 332 nihil
498 311 588 334 essent
607 306 748 340 Pelopidae,
766 313 814 333 nec
832 306 995 341 Cecropidae,

213 357 262 376 nec
275 350 452 384 Alctnteones,
478 359 527 378 nec
544 351 671 382 (Eacidaa,
690 359 739 378 nec
762 351 918 383 Heraclidae,
947 359 996 378 nec

212 395 257 421 alii
275 396 372 429 quibus
402 396 467 423 nihil
495 401 536 423 est
563 397 719 430 sublimius;
740 398 784 432 qui
801 398 919 432 quidem,
935 405 995 424 cum

212 441 279 467 nihil
293 442 428 476 proprium
457 442 576 469 habeant
593 443 663 476 quod
683 447 774 478 aperte
795 443 996 477 prazdicent,ad

212 486 326 513 obscura
353 487 526 522 confugiunt,
551 489 684 515 dmmones
714 488 839 516 videlicet
854 488 997 522 quosdam,

1045 307 1143 338 οἵτινες
1158 307 1190 333 ἐκ
1206 307 1259 333 τῶν
1272 306 1378 333 οἰκείων
1405 306 1529 342 φανερῶς
1544 308 1629 333 εἰπεῖν
1653 307 1702 333 οὑχ
1715 307 1827 341 ἔχοντες,

1046 352 1094 377 ἐπὶ
1107 352 1137 378 τὸ
1149 352 1249 386 ἀφανὲς
1262 352 1474 386 καταφεύγουσι,
1496 352 1624 388 δαίμονας
1636 353 1667 387 δή
1686 361 1773 383 τινας,
1785 352 1829 378 καὶ

1046 397 1134 430 θεοὺς,
1149 398 1195 424 καὶ
1211 397 1312 433 μύθους
1324 399 1380 429 τοῖς
1399 397 1540 433 προγόνοις
1556 398 1777 433 ἐπιφημίζοντες.
1793 394 1829 424 ὧν

1046 443 1076 469 τὸ
1098 443 1260 478 σεμνότατον
1289 442 1400 469 ἀπιστία
1414 463 1420 474 ,
1448 443 1495 469 καὶ
1512 443 1590 478 ὕϐρις
1613 443 1643 469 τὸ
1672 445 1830 478 πιστευόμε-

1046 497 1090 514 νον
1104 489 1171 523 (53).

212 535 240 557 et
261 531 335 564 deos,
351 540 382 560 ac
408 533 521 566 fabulas,
546 535 691 567 majoribus
715 534 772 562 suis
797 535 973 563 attribuentes
987 555 995 568 ,
1016 542 1130 569 quorum
1151 541 1185 562 ea‘
1213 539 1255 562 est
1291 535 1368 568 ratio,
1385 540 1412 561 ut
1427 535 1497 569 quod
1521 535 1546 562 in
1560 535 1626 570 ipsis
1642 535 1758 562 maxime
1768 542 1829 569 spe-

215 577 318 604 ciosum
335 583 360 605 et
379 578 482 607 illustre
496 585 547 612 est,
562 581 614 608 [ide
629 586 720 608 careat
733 590 740 614 ;
755 581 824 616 quod
840 586 929 608 autem
942 582 1075 613 creditur,
1096 582 1223 616 probrum
1235 587 1262 608 ct
1275 581 1435 608 contumelia
1451 582 1496 609 sit.

247 637 291 665 ιν.
307 638 437 672 Quoniam
450 645 539 667 autem
559 641 592 668 de
611 649 643 669 eo
657 642 716 669 viro
732 642 796 669 mihi
813 643 899 669 oratio
915 642 995 677 773

213 683 333 711 instituta
344 686 620 720 est,quinobilitatem
628 688 726 715 viritim
738 688 850 722 expendi
862 688 994 720 vult,nee,

213 737 274 756 cum
290 728 382 757 formae
397 737 477 765 atque
490 731 605 764 colores,
625 737 652 759 et
663 733 737 767 equi,
754 738 806 760 tam
825 733 993 766 nobilissimi,

213 783 294 810 quam
310 776 484 810 abjectissimi
506 785 540 805 ex
559 779 654 812 seipsis
675 779 809 813 explorari
824 779 937 811 soleant,
948 787 995 805 nos

213 826 306 849 contra
326 831 373 858 per
383 830 494 858 ea,qu:e
508 829 583 851 extra
607 833 656 852 nos
673 826 759 860 posita
785 831 859 858 sunt,
879 826 994 860 depingi,

213 873 385 902 posteaquam
404 877 485 896 unum
499 875 544 897 aut
556 869 668 898 alterum
684 878 715 898 ex
730 871 774 902 iis,
789 879 851 906 qua:
870 879 885 898 a
910 871 995 905 majo-

215 913 290 941 ribus
304 914 360 948 ipse
373 915 475 948 habuit,
488 922 644 950 qumque,ct
656 917 739 951 ipsius
749 917 810 944 vita:
819 917 994 949 conveniunt,

1084 642 1120 668 A'.
1145 641 1253 677 Ἐπειδὴ
1265 641 1293 668 δὲ
1306 642 1373 676 ὑπὲρ
1389 641 1484 677 ἀνδρὸς
1501 642 1567 676 ἡμῖν
1577 642 1591 667 ό
1611 641 1699 675 λόγος,
1714 641 1774 667 κατ’
1787 641 1831 668 ἇν-

1049 687 1099 722 δρα
1115 687 1255 723 κρίνεσθαι
1272 686 1320 721 τὴν
1335 686 1472 720 εὐγένειαν
1486 686 1541 721 (51)
1560 685 1706 718 ἀξιοῦντος,
1724 686 1770 712 καὶ
1784 686 1828 721 μὴ,

1049 732 1097 764 τὰς
1115 733 1163 767 μὲν
1179 733 1295 768 μορφὰς,
1311 732 1356 758 λαὶ
1366 732 1414 763 τὰς
1426 732 1509 767 χρόας
1526 731 1554 764 ἐξ
1571 731 1674 758 ἑαυτῶν
1689 732 1831 767 δοκιμάζε-

1050 779 1122 810 σθαι,
1134 779 1180 805 καὶ
1189 778 1242 805 τῶν
1256 779 1346 804 ἵππων
1364 779 1424 809 τοὺς
1438 778 1643 812 εὐγενεστάτους
1671 778 1688 813 ἢ
1702 778 1829 813 ἀτιμοτά-

1048 833 1121 857 τους,
1141 826 1214 860 ἡμᾶς
1232 824 1260 851 δὲ
1286 824 1487 859 ζωγραφεῖσθαι
1514 824 1569 855 τοῖς
1582 822 1690 855 ἔξωθεν,
1715 823 1744 849 ἓν
1758 824 1774 858 ἦ
1786 823 1830 849 δύο

1048 870 1102 897 τῶν
1118 870 1147 902 ἐξ
1160 871 1247 906 ἀρχῆς
1274 870 1449 905 ὑπαρχόντων
1471 868 1555 904 αὐτῷ,
1581 869 1629 895 καὶ
1645 868 1731 894 ταῦτα
1747 869 1831 894 οἰκεῖα

1049 916 1087 951 τῷ
1098 917 1201 943 ἐκείνου
1217 916 1277 951 βίῳ,
1302 917 1348 942 καὶ
1366 913 1406 947 οἷς
1423 916 1456 942 ἂν
1474 915 1590 951 μάλιστα
1613 915 1709 950 ἡσθείη
1720 915 1831 950 λεγομέ-

212 965 240 987 et
263 961 406 987 maximam
436 962 472 993 ei,
502 962 525 990 si
551 969 807 995 commemorentur,
835 963 994 998 voluptatem

1048 970 1112 994 νοις,
1127 961 1222 994 εἰπὼν,
1239 963 1282 988 ἐπ’
1304 962 1384 989 αὺτὸν
1400 963 1446 989 καὶ
1463 962 1494 997 δὴ
1512 962 1655 998 τρέψομαι.
1673 961 1769 987 Ἀλλου
1784 961 1830 996 μὲν

213 1006 325 1033 allatura
351 1012 425 1039 sunt,
445 1015 602 1042 exposuero,
627 1009 660 1035 ad
683 1009 768 1043 ipsum
795 1009 939 1036 conl'esum
954 1016 995 1036 me

213 1057 380 1080 convertam.
403 1053 525 1079 Aliarum
549 1054 656 1088 quidem
675 1053 901 1086 familiarum,vel
914 1054 994 1081 etiam

212 1096 347 1131 sigillatim
373 1097 514 1131 cujuslibet
530 1098 660 1130 hominis,
674 1099 725 1125 alia
741 1104 806 1126 sunt
828 1099 954 1134 insignia,
967 1104 993 1126 et

213 1144 392 1174 narrationes,
409 1143 449 1170 vel
467 1143 593 1178 majores,
618 1143 660 1170 vel
683 1145 812 1176 minores,
828 1152 896 1179 qum,
911 1145 1007 1171 instar-

212 1193 331 1221 patcrnze
369 1188 505 1223 cujusdam
543 1189 719 1222 haereditatis,
746 1190 788 1216 vel
813 1190 994 1224 longinquius,

213 1235 254 1259 vel
275 1235 451 1269 propinquius
470 1242 584 1266 exorsat,
606 1236 638 1262 ad
655 1241 775 1270 posteros
792 1235 968 1262 devolvuntur
986 1242 993 1259 :

213 1277 275 1304 huic
300 1283 390 1304 autem
414 1278 554 1313 utriusque
577 1280 683 1314 generis
716 1280 798 1306 decus
825 1280 912 1314 pietas
934 1278 993 1310 fuit,

212 1323 437 1357 quemadmodum
452 1331 522 1351 nunc
533 1325 619 1351 oratio
631 1325 786 1352 declarabit.

249 1368 280 1395 V.
300 1369 456 1397 Persecutio
479 1376 547 1403 erat,
579 1376 607 1397 et
633 1371 740 1405 quidem
775 1371 992 1405 persecutionum

212 1415 332 1442 omnium
358 1415 528 1442 atrocissima
556 1417 725 1450 maximeque
741 1417 875 1444 horrenda
888 1425 895 1448 ;
910 1416 943 1442 iis
956 1416 995 1442 lo—

212 1468 291 1495 quor,
314 1460 412 1494 quibus
432 1460 570 1488 Maximini
600 1462 750 1496 persecutio
779 1466 842 1489 nota
864 1466 915 1494 est,
938 1461 994 1494 qui,

212 1513 272 1532 cum
289 1510 350 1540 post
376 1506 485 1538 multos,
509 1506 554 1541 qui
581 1507 659 1540 paulo
684 1512 746 1533 ante
769 1507 938 1537 exstiterant,
956 1513 995 1532 ιιι-

213 1551 340 1584 gruisset,
361 1551 412 1578 hoc
433 1550 533 1583 eﬂ‘ecit,
558 1557 586 1578 ut
603 1560 696 1578 omnes
722 1552 830 1579 humani
852 1559 884 1578 ac
906 1551 996 1578 faciles

213 1595 298 1623 fuisse
309 1597 473 1628 viderentur,
488 1597 587 1631 ingenti
605 1597 729 1624 nimirum
749 1598 805 1631 ipse
828 1597 939 1624 audacia
956 1597 995 1623 fu-

1046 1004 1091 1032 οὗν
1102 1007 1165 1033 ἄλλο
1176 1016 1201 1033 τι
1215 1007 1359 1043 γνώρισμα
1379 1008 1426 1034 καὶ
1451 1007 1583 1043 διήγημα,
1605 1008 1652 1033 καὶ
1663 1007 1768 1041 γένους,
1786 1007 1830 1032 καὶ

1045 1051 1092 1077 τοῦ
1109 1051 1287 1085 καθέκαστον,
1315 1053 1331 1089 ἢ
1354 1053 1451 1088 μικρὸν
1478 1052 1494 1088 ἢ
1513 1052 1603 1088 μεῖζον
1616 1073 1624 1084 ,
1650 1052 1773 1087 καθάπερ
1792 1059 1831 1083 τις

1047 1098 1145 1133 κλῆρος
1159 1099 1296 1134 πατρῷος,
1315 1098 1331 1134 ἢ
1350 1099 1500 1135 πόρρωθεν,
1515 1099 1532 1134 ἢ
1557 1097 1671 1132 ἐγγύθεν
1685 1098 1829 1133 ἠργμένος,

1046 1144 1167 1171 κάτεισιν
1188 1146 1228 1177 εἰς
1239 1145 1302 1177 τοὺς
1319 1145 1442 1180 ὕστερον·
1461 1145 1548 1180 τούτῳ
1561 1145 1590 1171 δὲ
1605 1147 1693 1179 γενοῖν
1709 1147 1765 1171 τοῖν
1776 1144 1830 1180 (55)

1046 1189 1210 1225 ἀμφοτέροιν
1222 1190 1252 1216 τὸ
1266 1190 1377 1224 εὐσεϐὲς
1387 1190 1531 1226 ἐπίσημον,
1554 1189 1667 1225 δηλώσει
1680 1190 1708 1216 δὲ
1719 1189 1775 1224 (56)
1786 1188 1831 1217 νῦν

1045 1236 1059 1261 ό
1078 1235 1164 1269 λόγος.
1733 1250 1736 1252 -

1083 1368 1120 1394 Ε’.
1135 1368 1259 1403 Διωγμδς
1273 1366 1316 1403 ἦν,
1333 1369 1378 1395 καὶ
1391 1369 1519 1404 διωγμῶν
1528 1371 1542 1396 ὁ
1558 1369 1776 1405 φρικωδέστατος
1785 1369 1830 1395 καὶ

1048 1414 1214 1450 βαρύτατος·
1230 1414 1312 1440 εἰδόσι
1340 1414 1411 1448 λέγω
1434 1416 1478 1442 τὸν
1497 1416 1663 1450 Μαξιμῐνου,
1677 1415 1706 1446 ὃς
1728 1414 1830 1445 πολλοῖς

1045 1463 1102 1492 τοῖς
1117 1461 1172 1496 (57)
1187 1459 1301 1494 ἐγγύθεν
1315 1460 1469 1495 γενομένοις
1485 1461 1626 1495 ἐπιφυεὶς,
1651 1459 1756 1491 πάντας
1773 1459 1830 1494 φιλ-

1046 1505 1204 1542 ανθρώπους
1221 1505 1357 1537 ἀπέδειξε,
1374 1505 1467 1540 θράσει
1482 1514 1511 1531 τε
1525 1505 1612 1540 πολλῷ
1635 1506 1715 1540 ῥέων,
1729 1507 1776 1531 καὶ
1789 1513 1830 1538 φι-

1046 1552 1173 1578 λονεικῶν
1188 1551 1217 1578 τὶ
1231 1551 1281 1586 τῆς
1307 1551 1432 1583 ἀσεϐείας
1455 1552 1554 1587 κράτος
1567 1551 1621 1586 (58)
1638 1551 1828 1586 ἀναδήσασθαι.

1048 1598 1146 1624 Τοῦτον
1160 1598 1250 1624 πολλοὶ
1269 1606 1317 1633 μεν
1330 1598 1479 1633 ὑπερέσχον
1500 1597 1553 1623 τῶν
1579 1597 1720 1632 ἡμετέρων
1735 1597 1830 1630 ἀγωνι-

213 1648 284 1670 rens.
303 1642 537 1676 atqueimpietatis
550 1643 731 1677 principatum
745 1643 870 1676 consequi
888 1650 993 1670 summo

1049 1645 1127 1676 στῶν,
1150 1646 1196 1671 καὶ
1215 1645 1294 1680 μέχρι
1313 1645 1428 1671 θανάτου
1453 1643 1670 1680 διηγωνισμένοι,
1703 1644 1750 1669 καὶ
1779 1643 1831 1677 πρὸ

212 1686 302 1713 studio
321 1688 497 1714 contendens.
521 1687 597 1714 Hunc
622 1687 783 1714 athletarum
811 1688 917 1722 quidem
945 1695 994 1714 no-

213 1738 331 1760 strorum
357 1733 483 1768 permulti
507 1739 677 1767 superarunt,
694 1739 721 1760 et
734 1734 766 1760 ad
781 1738 893 1760 murtem
913 1741 997 1767 usque

213 1779 394 1810 decertantes,
410 1783 437 1806 et
459 1786 526 1814 pene
549 1787 633 1814 usque
662 1782 694 1806 ad
718 1785 847 1812 mortem;
867 1779 997 1806 hactenus

213 1826 338 1854 videlicet
356 1826 452 1860 relicti,
467 1831 495 1852 ut
509 1826 628 1853 victoria:
643 1834 698 1853 sua:
720 1826 876 1860 superstites
894 1830 995 1858 essent,

213 1882 264 1902 nec
277 1882 336 1900 cum
354 1873 419 1908 ipsis
435 1872 627 1900 certaminibus
650 1873 835 1903 abscederent,
854 1873 900 1899 sed
925 1872 996 1904 aliis,

212 1921 322 1948 virtutis
339 1920 427 1954 alipta:
439 1939 446 1951 ,
464 1919 516 1946 vivi
541 1924 683 1953 martyres,
706 1918 837 1952 spirantes
856 1918 996 1949 columna,

213 1966 349 2000 tacitaque
362 1963 495 1999 prwcouia
522 1964 748 1997 relinquerentur,
764 1970 824 1989 cum
845 1963 935 1990 multis
950 1971 997 1989 au-

214 2017 267 2038 tem
284 2011 354 2042 aliis,
373 2015 400 2037 et
415 2009 523 2044 quidem
534 2009 694 2041 celebribus,
712 2009 816 2044 paterni
829 2009 908 2036 etiam
927 2009 997 2036 illius

213 2057 268 2088 avi,
291 2056 398 2091 quibus,
423 2062 484 2082 eum
508 2062 586 2082 omne
610 2055 717 2089 pietatis
737 2061 821 2089 genus
841 2053 996 2086 coluissent,

213 2103 339 2130 eximiam
361 2107 506 2136 tempestas
521 2101 565 2128 illa
581 2101 735 2128 coronidem
762 2100 872 2127 invexit.
892 2099 995 2126 Etenim

215 2149 254 2176 illi
270 2149 377 2183 quidem
403 2148 492 2174 animo
506 2147 542 2174 ita
559 2147 696 2174 constituti
708 2151 735 2173 et
745 2146 892 2180 comparati
907 2150 995 2178 erant,

1048 1691 1162 1717 θανάτου
1179 1691 1291 1726 μικρόν·
1309 1691 1433 1717 τοσοῦτον
1460 1690 1678 1724 ἀπολειφθέντες,
1694 1690 1755 1716 ὅσον
1774 1691 1832 1715 ἐπι-

1046 1736 1140 1763 ϐιῶναι
1154 1739 1187 1772 τῇ
1204 1737 1276 1772 νίκῃ,
1298 1738 1344 1764 καὶ
1363 1738 1400 1772 μὴ
1419 1737 1594 1764 συναπελθείν
1611 1738 1666 1768 τοῖς
1683 1737 1834 1771 παλαίσμα-

1046 1791 1098 1814 σιν,
1119 1782 1176 1808 ἁλλ⁸
1193 1783 1387 1818 ὑπολειφθῆναι
1404 1785 1460 1815 τοῖς
1473 1783 1562 1814 ἄλλοις
1578 1783 1702 1810 ἀλεῖπται
1719 1783 1772 1816 (59)
1783 1783 1832 1816 τῆς

1045 1828 1156 1863 ἀρετῆς,
1175 1828 1274 1859 ζῶντες
1292 1829 1439 1864 μάρτυρες,
1455 1829 1566 1863 ἕμπνοοι
1586 1828 1691 1863 στῆλαι,
1715 1827 1832 1861 σιγῶντα

1046 1874 1220 1909 κηρύγματα,
1235 1875 1282 1900 σὺν
1297 1874 1402 1905 πολλοῖς
1415 1874 1442 1900 δὲ
1456 1876 1510 1905 τοῖς
1522 1874 1733 1909 ἀριθμουμένοις
1749 1873 1793 1900 καὶ
1805 1873 1831 1898 οἱ

1045 1920 1113 1955 πρὸς
1128 1920 1229 1955 πατρὸς
1244 1920 1332 1956 τούτῳ
1346 1920 1474 1956 πατέρες,
1502 1917 1542 1951 οἷς
1564 1921 1653 1946 πᾶσαν
1678 1920 1832 1954 ἁσκὴσασιν

1045 1965 1183 1996 εὐσεϐείας
1208 1965 1265 1991 ὁδὸν
1279 1986 1285 1997 ,
1311 1964 1396 2000 καλὴν
1412 1965 1561 2000 ἐπήνεγκεν
1590 1965 1604 1990 ὁ
1620 1963 1716 1998 καιρὸς
1732 1964 1832 1994 ἐκεῖνος

1044 2009 1093 2045 τὴν
1109 2011 1250 2045 κορωνίδα.
1264 2010 1443 2045 Παρασκευῆς
1459 2010 1506 2045 μὲν
1521 2010 1575 2044 γὰρ
1596 2009 1682 2041 οὕτως
1694 2006 1766 2043 εἶχον
1784 2008 1832 2034 καὶ

1045 2055 1165 2091 γνώμης,
1184 2056 1221 2088 ὡς
1236 2057 1324 2083 πάντα
1337 2055 1435 2091 ῥᾳδίως
1449 2056 1567 2086 οἴσοντες
1580 2075 1587 2086 ,
1608 2055 1637 2088 ἐξ
1650 2051 1687 2081 ὧν
1706 2055 1832 2088 στεφανοῖ

1045 2093 1162 2136 Χριστὸς
1180 2102 1243 2133 τοὺς
1257 2102 1306 2137 τὴν
1319 2101 1423 2128 ἐκείνου
1439 2101 1644 2136 μιμησαμένους
1671 2101 1741 2137 ὑπὲρ
1754 2099 1831 2135 ἡμῶν

1045 2147 1165 2182 ἄθλησιν.

213 2202 245 2223 ιιι
260 2204 291 2223 ea
307 2195 395 2222 omnia
414 2195 492 2222 facile
505 2194 711 2229 perpessuri,ob
724 2201 782 2228 quae
796 2193 920 2220 Christus
933 2200 991 2226 eos,
1014 2194 1058 2228 qui
1083 2194 1165 2229 ipsius
1189 2199 1325 2222 certamen
1355 2198 1445 2221 nostra
1477 2202 1559 2222 causa
1598 2199 1751 2228 susceptum
1770 2193 1831 2220 imi—

214 2249 316 2276 tantur,
335 2251 433 2271 corona
447 2244 537 2271 donat.

249 2302 294 2329 Vl.
310 2301 408 2329 Verum
423 2302 549 2335 quoniam
570 2306 704 2329 certamen
719 2308 825 2336 quoque
845 2301 993 2335 legitimum

1083 2302 1128 2334 ς’.
1151 2300 1227 2327 Ἐπεὶ.
1243 2300 1272 2326 δὲ
1287 2299 1401 2334 νόμιμον
1420 2298 1513 2330 ⁴αὐτοῖς
1533 2297 1586 2324 ἔδει
1607 2297 1654 2324 καὶ
1677 2297 1724 2323 τὸν
1739 2295 1831 2330 ἀγῶνα

213 2350 280 2384 .psis
293 2355 354 2376 esse
364 2348 502 2382 oportebat
515 2347 568 2382 (lex
581 2352 670 2374 autem
683 2347 803 2381 martyrii
817 2347 873 2374 haec
889 2351 939 2378 est,
956 2351 995 2380 ut,

214 2401 265 2421 nec
279 2400 328 2421 nos
343 2392 412 2419 ultro
422 2394 455 2419 ad
469 2397 602 2420 certamen
619 2393 787 2424 accedamus,
804 2392 855 2419 hac
870 2391 995 2419 nimirum

213 2439 321 2467 ratione
347 2443 402 2465 tum
433 2438 672 2473 persecutoribus,
695 2442 750 2465 tum
777 2437 996 2465 imbecillioribus

214 2484 323 2512 athletis
346 2483 526 2516 consulentes.
555 2490 615 2517 nec,
631 2491 691 2511 cum
715 2488 861 2519 prasentes
888 2491 992 2516 sutnus,

251 2596 308 2631 (ΒΞ)
329 2596 520 2630 Ἡρακλεῖδαι.
556 2605 565 2621 ι
579 2595 734 2623 Heraclida.
747 2605 756 2622 ι
787 2595 833 2622 Sic
848 2595 914 2623 dicti
929 2593 997 2621 Her-

215 2631 282 2659 culis
299 2633 408 2666 posteri.

239 2665 307 2727 é(53»)
321 2666 548 2701 Πιστευόμενον.
566 2666 631 2694 Tres
644 2665 727 2701 Regg.
741 2672 767 2692 et
778 2665 865 2698 Pass,
875 2673 999 2692 πιστευο-

253 2710 315 2727 νων.

253 2710 315 2728 νων.

218 2710 315 2770 “5:33.
327 2736 497 2771 Εὑγὲνειαν.
513 2735 599 2771 Pass,
614 2736 761 2767 εὐσέϐειαν,
783 2744 792 2760 ι
811 2736 956 2771 ῃίοιιιιοιιιη
967 2744 975 2760 ι

252 2769 307 2804 (55)
330 2769 425 2804 Τούτῳ
435 2771 468 2797 δὲ
479 2770 578 2805 τενοῖν
588 2771 659 2798 τοῖν.
673 2771 717 2797 Sic
728 2771 815 2805 plures
825 2771 898 2797 codd.
911 2769 995 2805 Coisl,

217 2805 244 2834 ‘l.
264 2806 350 2840 τούτῳ
365 2806 393 2832 δὲ
406 2807 462 2832 τοῖν
478 2803 564 2839 γενοίν
577 2807 631 2832 τοῖν
647 2803 818 2840 ἀμφοτέροιν.
843 2805 870 2832 In
887 2806 940 2837 ed.,
957 2803 995 2838 τῷ

216 2840 245 2867 δὲ
257 2843 343 2874 γονοῖν
367 2840 540 2875 ἀμφοτέροιν.

257 2850 343 2874 γονοιν
367 2850 384 2867 α
408 2850 540 2875 φοτεροιν.

253 2875 308 2909 (56)
328 2875 373 2902 Δέ.
387 2850 510 2902 itionnulli
530 2875 640 2906 addunt,
654 2875 710 2901 καί.

253 2910 308 2945 (57)
330 2911 401 2942 Τοῖς.
415 2910 492 2938 Deest
506 2910 531 2937 in
549 2910 631 2945 liegg.
645 2911 670 2942 ιΙ,
683 2911 728 2944 pli.

1050 2345 1174 2381 γενέσθαι
1192 2345 1290 2381 (νόμος
1303 2344 1331 2371 δὲ
1344 2344 1506 2380 μαρτυρίας,
1521 2345 1588 2378 μήτε
1602 2342 1741 2374 ἐθελοντὰς
1763 2341 1831 2377 πρὸς

1049 2391 1094 2417 τὸν
1106 2389 1199 2424 ἀγῶνα
1214 2391 1322 2425 χωρεῖν,
1351 2389 1436 2423 φειδοῖ
1462 2387 1516 2414 τῶν
1533 2387 1683 2414 διωκόντων
1709 2387 1756 2414 καὶ
1776 2386 1830 2413 τῶν

1049 2435 1250 2471 ἀσθενεστέρων
1262 2455 1270 2468 ,
1289 2436 1358 2471 μήτε
1379 2435 1516 2470 παρόντας
1539 2432 1700 2460 ἀναδύεσθαι
1712 2441 1718 2447 ·
1733 2432 1764 2458 τὸ
1780 2431 1830 2467 μὲν

1049 2481 1103 2516 γὰρ
1118 2481 1251 2516 θράσους,
1271 2481 1301 2507 eo
1324 2480 1353 2507 δὲ
1367 2480 1511 2516 ἀνανδρίας
1531 2479 1585 2514 (60)
1603 2478 1693 2505 ἐστίν·
1709 2479 1755 2505 καὶ
1774 2478 1829 2512 (Gl)

1086 2595 1142 2630 (58)
1161 2594 1284 2628 Κράτος.
1297 2592 1378 2621 Coisl.
1397 2592 1415 2619 2
1430 2591 1528 2626 aliique
1546 2589 1635 2625 plures
1652 2588 1764 2621 addunt,
1781 2588 1822 2614 αὔ-

1049 2630 1103 2656 τότ.
1358 2652 1364 2655 ,

1081 2650 1141 2699 (59)
1167 2663 1324 2699 Ἀλεῖπται,
1342 2652 1480 2699 (‘Aliptag
1501 2671 1510 2686 ι
1533 2660 1625 2699 idest,
1646 2667 1655 2684 ι
1676 2658 1829 2698 cohortatu-

1052 2693 1104 2727 res.
1123 2693 1137 2726 ι’
1155 2698 1231 2731 Mox,
1259 2697 1376 2732 σιγῶντα
1397 2693 1575 2732 κηρύγματαξ,
1597 2703 1607 2719 ‹
1630 2693 1711 2732 tacita
1732 2699 1830 2732 prisco-

1051 2743 1104 2767 nia,
1124 2744 1132 2760 ι
1153 2735 1212 2768 quia
1225 2727 1543 2765 ἠοιι”εει”ιιιοιιίιί”ιιε,ἐει1
1559 2727 1740 2756 membrorum
1761 2727 1830 2753 laee-

1050 2769 1196 2796 ratiouibus
1211 2769 1334 2801 pietatem
1353 2768 1541 2800 prmtlicabant.

1085 2804 1139 2838 (ου)
1166 2795 1344 2836 Ἁνὶινδρίιις.
1353 2795 1384 2838 in
1397 2801 1539 2832 nonnullis,
1552 2799 1722 2838 ἀνανδρείας.
1737 2795 1829 2838 {Prm-

1048 2832 1149 2867 cla‘rum
1164 2843 1215 2871 est,
1231 2847 1240 2863 ι
1259 2832 1345 2871 inquit
1367 2837 1495 2872 Origenes
1518 2832 1663 2864 comment.
1689 2837 1716 2861 iu
1739 2832 1828 2862 -Ιοιμιιι

1755 2875 1765 2892 ί
1779 2873 1831 2892 11011

1085 2909 1140 2944 (6t)
1162 2908 1225 2935 Kal.
1240 2907 1305 2935 Tres
1317 2907 1411 2942 llcgg.,
1428 2906 1488 2933 κᾶν.
