2013 3134
149 217 198 244 501

554 218 683 247 ORATIO
702 218 792 246 XLIII.
814 232 849 239 —
869 218 903 246 IN
923 219 1064 248 LAUDEM
1084 219 1205 247 BASILII
1224 203 1341 248 MAGNI.

1711 217 1770 246 5112⁹

149 275 235 309 τούτῳ
250 274 381 316 τιμῶντες
390 275 488 301 ἐκεῖνοι
498 274 544 301 τὸν
560 276 707 311 νομοθέτην
720 279 739 311 ),
748 285 774 302 τι
793 276 934 311 μηχανῶν-

988 282 1122 304 certamen
1151 278 1350 309 detrectemus;
1377 275 1441 303 illud
1467 275 1564 309 quippe
1581 275 1713 301 temerarii
1732 282 1764 302 ac

149 328 191 346 ται
207 319 281 355 (6‘2);
298 320 405 346 Μᾶλλον
421 320 461 352 δὲ,
490 321 558 356 πρὸς
588 322 614 348 τί
632 322 758 358 φέρονται
783 330 859 357 παρα
884 322 934 356 τῆς

150 366 238 392 πάντα
254 365 290 391 τὰ
303 366 414 392 ἐκείνων
425 366 544 402 ἀγούσης
558 368 704 402 προνοίαςς
722 368 782 394 Ἐπί
801 376 864 394 τινα
881 368 934 394 τῶν

149 411 288 438 Ποντικῶν
303 411 372 447 ὀρῶν
386 412 488 447 λόχμην
502 414 510 448 (
522 413 618 440 πολλαὶ
630 413 659 440 δὲ
675 410 755 440 αὗται
769 415 832 449 παρ’
844 414 935 446 αὐτοῖς

149 458 201 483 εισι
218 457 265 483 καὶ
284 456 399 492 βαθεῖαι,
416 458 463 484 καὶ
480 459 652 486 ὲπιπλεῖστον
676 459 834 494 διήκουσαι)
849 467 933 486 κατα-

152 502 292 536 φεύγουσι,
306 503 364 529 λίαν
376 503 475 537 ὀλίγοις
485 504 632 539 χρώμενοι,
646 505 693 532 καὶ
705 505 754 539 τῆς
770 505 858 539 φυγῆς
874 513 936 532 συν-

152 550 253 583 εργοῖς,
266 549 377 584 καὶτῆς
395 550 498 585 τροφῆς
521 550 679 586 ὑπηρέταις.
704 551 794 577 Ἀλλοι
819 551 868 586 μὲν
889 549 934 578 οὖν

150 594 366 629 θαυμαζέτωσαν
389 594 418 621 τὺ
443 594 490 621 τοῦ
511 595 606 631 χρόνου
633 596 719 631 μῆκος
741 596 805 630 (καὶ
822 597 875 632 γὰρ
890 596 935 623 ἐπὶ

151 640 393 672 πλεῖστονναὺτοῖς,
411 640 448 672 ὥς
465 641 581 675 φασι,τὺ
596 641 644 676 τῆς
673 642 761 676 φυγῆς
783 641 933 677 παρετάθη,

152 685 209 717 ἔτος
220 694 271 711 που
295 685 417 721 ἕϐδομον,
434 686 481 712 καὶ
506 687 603 723 μικρόν
618 696 643 714 τι
658 687 756 722 πρὸς),
784 687 814 714 τό
829 695 859 713 τε
887 687 936 722 τῆς

150 731 255 772 διαίτηὲ
269 732 392 766 σώμασιν
410 729 439 758 εὖ
454 732 577 766 γεγονόσι
600 733 691 760 στενόν
711 742 740 759 τε
764 734 810 759 καὶ
833 734 937 768 παρηλ-

150 777 294 812 λαγμένον,
309 777 346 808 ὡς
357 777 386 803 τὸ
403 778 492 809 εἰκός·
510 778 556 804 καὶ
571 779 601 805 τὸ
618 779 771 815 ὑπαιθρίοις
795 779 850 814 (65)
869 788 935 815 κρυ-

153 824 222 857 μοῖς,
235 824 282 849 καὶ
294 823 417 854 θάλπεσι,
445 824 491 850 καὶ
516 824 629 859 ὅμὸροις
649 825 846 860 ταλαιπωρεῖν·
866 825 882 860 ἥ
907 833 936 851 τε

984 323 1128 357 ρτίιιοίρὶιίε
1148 327 1191 350 est
1209 323 1301 354 animi,
1324 322 1374 349 hoc
1392 321 1477 351 timidi
1501 326 1528 347 et
1551 320 1657 355 ignavi;
1673 320 1698 346 in
1714 320 1765 347 hac

986 375 1093 401 quoque
1116 375 1145 394 re
1168 367 1346 402 legislutorem
1371 366 1474 393 honore
1505 365 1678 399 allicientes),
1700 365 1765 399 quid

986 412 1152 439 moliuntur?
1166 411 1214 439 Vel
1229 413 1327 447 potius,
1344 419 1459 447 quonam
1482 419 1495 438 a
1521 412 1609 439 divina
1624 411 1766 446 providen-

987 459 1034 491 tia,
1047 457 1130 493 774
1145 465 1204 492 qua:
1218 458 1306 484 omnia
1326 466 1418 486 eorum
1432 457 1608 492 gubernabat,
1622 457 1766 485 teruntur?

985 503 1024 530 Ad
1039 504 1179 538 quamdam
1197 503 1366 530 Ponticorum
1383 503 1512 530 montium
1530 503 1625 530 silvam
1643 502 1707 537 (illic
1719 511 1766 529 au-

987 553 1038 575 tem
1061 549 1199 583 permultae
1221 554 1284 575 sunt
1300 553 1327 576 et
1340 548 1478 583 profunda:
1490 556 1522 575 ac
1534 548 1612 582 longe
1628 555 1657 575 se
1677 548 1766 583 porri-

986 594 1087 629 gentes)
1116 602 1176 620 cum
1205 594 1297 628 paucis
1318 593 1472 625 admodum,
1500 599 1553 620 tam
1575 593 1642 628 fuga:
1662 592 1768 620 comiti-

986 641 1045 672 bus,
1061 648 1139 675 quam
1161 640 1214 667 cibi
1244 640 1387 673 ministris,
1402 640 1570 675 confugiunt.
1595 640 1768 667 Adtuirentur

988 686 1031 713 hic
1047 687 1155 720 quidem
1169 686 1214 713 alii
1231 686 1360 720 temporis
1375 686 1576 713 diuturnitatem
1591 685 1664 720 (nam
1676 685 1701 711 in
1718 692 1768 710 an-

987 739 1048 758 num
1064 739 1132 765 pene
1144 731 1299 765 septimum,
1315 735 1394 765 atque
1409 731 1554 766 aliquando
1567 730 1691 765 amplius,
1707 737 1769 765 pro-

989 779 1102 803 tractum
1129 776 1180 803 illis
1206 776 1329 803 exsilium
1351 776 1434 803 fuisse
1458 775 1602 811 narrant),
1616 781 1642 803 et
1662 774 1768 802 vivendi

987 822 1116 848 rationem
1131 823 1289 857 corporibus
1304 823 1442 858 generosis
1460 827 1600 855 angustant
1611 826 1637 848 et
1653 820 1769 848 insolen-

151 867 245 901 ἄφιλος
259 867 370 903 ἐρημία,
388 868 434 894 καὶ
447 868 478 894 τὸ
491 867 672 904 ἀκοινώνητόν
686 878 715 895 τε
732 870 779 896 καὶ
800 869 915 904 ἄμικτον
928 877 934 883 ·

990 871 1053 899 tem,
1068 872 1095 893 ut
1108 867 1252 894 verisimile
1266 873 1327 900 est;
1344 868 1463 902 illudque
1487 867 1561 899 item,
1576 867 1646 900 quod
1660 866 1710 894 sub
1726 866 1770 892 dio

150 913 210 939 ὅσον
223 913 264 944 εἰς
279 913 463 940 κακοπάθειαν
475 916 531 945 τοῖς
553 915 604 940 ὑπὸ
620 914 725 941 πολλῶν
738 915 936 950 δορυφορουμέ-

989 916 1108 946 agentes.
1125 912 1271 946 algoribus,
1293 913 1437 946 caloribus,
1452 912 1548 946 pluviis
1561 911 1768 942 divexarentur;

151 966 204 988 νοις
220 958 268 983 καὶ
284 958 448 993 τιμωμένοις
461 967 468 991 ;
487 959 556 993 Ἐγὼ
567 959 605 992 δὲ,
620 959 634 986 ὃ
647 960 750 986 τούτων
768 947 862 995 ’μεέζόν
877 947 934 987 ἐστι

988 965 1018 984 ac
1038 958 1152 992 denique
1173 958 1277 990 amicis,
1295 963 1375 992 atque
1397 958 1534 984 hominum
1558 958 1720 984 commercio
1743 962 1770 983 et

150 1003 195 1028 καὶ
209 1000 434 1038 παραδοξίγτερον,
455 1002 538 1035 λέξων
550 1003 664 1038 ἔρχομαι
676 1013 681 1018 ·
699 1004 844 1040 ἀπιστήσει
857 1004 934 1030 δὀὐ-

988 1002 1115 1029 societate
1137 1003 1289 1029 destitutam
1315 1002 1506 1034 solitudinem;
1526 1009 1585 1036 qua:
1613 1008 1667 1042 res,
1688 1008 1769 1035 quam

149 1048 213 1079 δεὶς,
227 1047 245 1082 ἦ
260 1048 334 1078 ὅστις
354 1047 429 1074 οὐδὲν
451 1048 521 1082 μέγα
543 1049 627 1074 οἴεται
652 1049 714 1080 τοὺς
733 1049 802 1084 ὑπὲρ
817 1048 934 1084 Χριστοῦ

988 1048 1076 1082 gravis
1095 1052 1121 1075 et
1141 1055 1289 1075 azrumnosa
1316 1047 1348 1074 iis
1383 1046 1466 1074 fuisse
1490 1046 1605 1081 putanda
1623 1052 1674 1078 est,
1694 1045 1770 1080 quia

149 1095 286 1129 διωγμοὺς
300 1095 346 1120 καὶ
361 1094 509 1128 κινδύνους,
525 1095 617 1127 κακῶς
639 1095 778 1130 γινώσκων
804 1096 851 1122 καὶ
875 1095 935 1122 λίαν

989 1093 1081 1120 multis
1095 1095 1188 1128 stipari
1206 1099 1285 1128 atque
1299 1094 1401 1120 honore
1418 1093 1486 1120 allici
1498 1092 1638 1119 solebant?
1653 1091 1708 1126 Ego
1718 1098 1771 1118 au-

149 1138 336 1169 ἐπικινδύνως.

989 1145 1051 1172 tem,
1068 1140 1138 1175 quod
1153 1139 1194 1167 his
1207 1140 1292 1174 majus
1304 1145 1332 1167 et
1348 1139 1532 1166 admirabilius
1551 1142 1601 1170 est,
1616 1144 1767 1172 exponam;

151 1194 200 1213 nec
219 1187 288 1214 mihi
309 1186 450 1222 quisquam
470 1186 548 1214 ﬁdem
578 1186 727 1220 abrogabit,
740 1186 792 1214 nisi
808 1187 852 1221 qui
869 1186 935 1214 nihil
955 1194 1080 1221 magnum
1108 1194 1168 1214 esse
1185 1187 1344 1214 existimarit
1375 1186 1577 1221 persecutiones
1609 1190 1636 1212 et
1652 1183 1770 1219 pericula

150 1229 250 1257 Christi
275 1237 356 1258 causa
375 1235 511 1264 suscepta,
532 1237 613 1263 prave
637 1232 728 1265 utique
743 1235 770 1258 et
787 1231 929 1258 admodum
950 1231 1100 1266 periculose
1114 1231 1246 1265 judicans.

185 1278 222 1304 Z’.
249 1277 377 1303 Ἐπόθουν
405 1286 431 1303 τι
452 1276 568 1303 καὶτῶν
587 1277 655 1313 πρὸς
681 1277 778 1312 ἡδονὴν
802 1277 826 1303 οἱ
841 1277 933 1311 γεννά-

150 1322 192 1349 δαι
205 1323 274 1358 (64),
289 1323 328 1358 τῷ
341 1323 428 1358 χρόνῳ
444 1323 593 1358 κάμνοντες
607 1344 615 1357 ,
641 1324 687 1350 καὶ
704 1323 757 1349 τῶν
780 1323 937 1357 ἀναγκαίων

149 1369 224 1401 ὅντες
244 1371 383 1405 ὲπικορεῖς
402 1369 457 1404 (65)
472 1377 479 1384 ’
502 1369 549 1396 καὶ
562 1369 596 1395 τὰ
611 1369 660 1404 μὲν
686 1368 733 1395 τοῦ
758 1367 866 1404 Ἰσραὴλ
888 1369 938 1395 οὐκ

151 1416 317 1450 ἐφθέγξαντο
331 1417 340 1449 (
347 1416 378 1442 οὐ
392 1415 447 1451 γὰρ
459 1413 528 1451 ἦσαν
543 1415 693 1449 γογγυσταὶ
703 1414 774 1441 κατὰ
793 1415 856 1446 τοὺς
868 1414 939 1440 ὲκεί-

150 1470 212 1493 von;
225 1461 282 1497 (66)
297 1462 326 1487 ὲν
351 1463 385 1497 τῇ
412 1462 509 1497 ἐρήμῳ
532 1460 773 1496 ταλαιπωροῦντας
789 1460 845 1495 (67)
871 1460 939 1495 μετὰ

150 1507 198 1543 τὴν
212 1507 243 1540 ἐξ
267 1507 405 1542 Αἰγύπτου
428 1507 526 1541 φυγὴν,
540 1507 576 1538 ὡς
593 1506 648 1541 ἄρα
672 1506 782 1542 βελτίων
804 1506 938 1540 Αἴγυπτος

151 1553 241 1584 αὐτοῖς
269 1553 312 1588 εἴη
337 1552 386 1588 τῆς
401 1552 537 1587 ἐρημίας,
558 1552 658 1587 πολλὴν
679 1551 733 1578 τῶν
757 1551 877 1587 λεϐήτων
893 1551 938 1577 καὶ

151 1596 203 1622 τῶν
220 1597 311 1632 κρεῶν
331 1596 386 1632 (68)
411 1596 568 1632 χορηγοῦσα
590 1596 638 1632 τὴν
666 1596 812 1631 ἀφθονίαν,
832 1595 886 1624 τῶν
907 1604 936 1622 τε

152 1641 250 1675 ἄλλων,
273 1642 323 1668 ὅσα
343 1643 431 1668 ἐκεῖσε
457 1642 602 1669 ἀπέλιπον·
617 1643 634 1677 ἡ
660 1643 714 1678 γὰρ
725 1641 849 1669 πλινθεία
862 1642 909 1669 καὶ
924 1643 938 1668 ὁ

152 1687 234 1722 πηλὸς
247 1687 324 1714 οὐδὲν
334 1685 368 1723 ἦν
383 1688 476 1720 αὐτοῖς
494 1688 555 1714 τότε
570 1688 614 1714 διὰ
628 1688 676 1723 τὴν
696 1687 817 1723 ἄνοιαν),
830 1687 897 1714 ἄλλα
911 1687 938 1714 δὲ

151 1733 188 1764 ὡς
202 1733 395 1769 εὐσεϐέστερα,
412 1734 459 1760 κα).
475 1734 631 1769 πιστότερα.
655 1733 687 1759 Τί
703 1734 756 1769 γάρ
775 1735 856 1765 ἐστιν,
884 1734 939 1760 ἕλε-

153 1787 208 1812 γον,
223 1778 278 1805 τῶν
294 1778 426 1811 ἀπίστων,
442 1780 466 1805 εἰ
479 1779 492 1805 ό
506 1779 560 1805 τῶν
575 1779 734 1814 θαυμασίων
749 1780 814 1811 Θεὸς
824 1801 831 1812 ,
855 1781 869 1806 ὁ
882 1780 939 1816 θρέ-

152 1823 204 1858 ψας
217 1824 355 1855 πλουσίως
363 1825 392 1850 ὲν
404 1824 498 1860 ἐρήμῳ
511 1824 583 1856 ξένον
593 1824 667 1856 λαὸν,
685 1825 731 1851 καὶ
743 1825 858 1859 φυγάδα,
869 1825 938 1851 ὥστε

153 1870 199 1895 καὶ
212 1869 297 1904 ἄρτον
313 1869 460 1904 ὀμϐρῆσαι,
476 1870 522 1896 καὶ
533 1869 629 1904 βλύσαι
643 1870 753 1906 ὄρνιθας
764 1891 771 1903 ,
787 1870 892 1906 τρέφων
908 1870 938 1897 οὐ

153 1916 208 1946 τοῖς
222 1914 383 1948 ᾲναγκαίοις
399 1915 488 1949 μόνον,
507 1915 576 1941 ἀλλὰ
591 1916 637 1942 καὶ
650 1917 705 1947 τοῖς
716 1917 853 1951 περιττοῖς
863 1924 869 1931 ⁸
885 1916 910 1942 εἰ
925 1917 939 1942 ό

153 1959 242 1994 τεμὼν
253 1959 401 1991 θάλασσαν,
416 1960 462 1986 καὶ
476 1960 576 1995 στήσας
591 1960 676 1994 ἥλιον,
688 1960 734 1986 καὶ
747 1961 867 1996 ποταμὸν
877 1961 940 1987 ἀνα-

154 2005 249 2040 κὰᾇας,
267 2004 313 2031 καὶ⁹
327 2005 410 2032 τᾶλλα
424 2005 455 2040 δή
473 2005 644 2037 ὑπειπόντες,
660 2006 710 2033 ὅσα
729 2007 861 2042 πεποίηκε
877 2006 885 2041 (
894 2016 934 2041 φι-

155 2050 193 2078 λεῖ
203 2053 258 2086 γὰρ
274 2054 304 2078 ὲν
318 2054 374 2084 τοῖς
384 2053 516 2084 τοιούτοις
529 2053 691 2088 φιλιστορεῖν
704 2053 759 2088 (69)
772 2055 787 2089 ἡ
800 2053 882 2089 ψυχὴ,
895 2054 940 2080 καὶ

155 2097 259 2130 πολλοῖς
274 2098 411 2133 θαύμασιν
439 2099 567 2134 ἁνυμνεῖν
594 2099 638 2126 τὸν
655 2099 756 2134 Θεόν)·
779 2096 866 2131 οὗτος,
895 2100 940 2126 ἐπ-

153 2141 229 2177 ῆγον,
247 2143 296 2170 καὶ
313 2144 385 2178 ἡμᾶς
391 2143 498 2178 θρέψειε
510 2144 628 2179 σήμερον
635 2145 689 2176 τοϊς
700 2145 750 2179 τῆς
764 2145 868 2181 τρυφῆς
878 2145 940 2176 τοὺς

154 2188 200 2223 τῆς
209 2189 353 2221 εὑσεόείας
367 2189 423 2224 (70)
437 2189 608 2224 ἀγωνιστάςς
621 2190 717 2217 Πολλοὶ
733 2190 782 2225 μὲν
797 2191 879 2226 θῆρες
890 2190 939 2223 τὰς

1027 1277 1080 1304 Vll.
1096 1277 1240 1305 Suaviores
1267 1277 1394 1311 quasdam
1415 1275 1508 1310 epulas
1531 1275 1631 1311 egregii
1652 1283 1700 1304 VII‘I
1725 1283 1771 1303 ex-

991 1324 1129 1357 optabant,
1150 1327 1178 1350 ut
1194 1323 1240 1357 qui
1259 1322 1386 1357 temporis
1398 1321 1590 1356 longinquitate
1606 1321 1768 1353 laborarent,

991 1376 1022 1395 ac
1038 1368 1253 1396 necessariorum
1266 1367 1387 1395 ciborum
1407 1367 1543 1394 fastidium
1560 1367 1770 1394 contraxissent.

988 1412 1042 1440 Nec
1059 1412 1158 1439 idcirco
1173 1417 1261 1440 tamen
1282 1412 1464 1448 [sucularum
1474 1412 1643 1439 sermonibus
1658 1412 1769 1439 uteban-

989 1463 1030 1485 tur
1045 1459 1110 1493 (non
1129 1459 1203 1486 enim
1226 1459 1331 1493 queruli
1349 1463 1376 1486 et
1404 1464 1619 1486 murmuratores
1639 1463 1726 1491 erant,
1742 1463 1770 1484 ut

988 1504 1035 1536 illi.
1052 1513 1124 1537 cum,
1139 1511 1202 1540 post
1225 1505 1313 1541 fugam
1337 1513 1370 1533 ex
1394 1505 1520 1540 Egypto,
1537 1505 1665 1532 utrumuis
1681 1505 1706 1531 in
1721 1505 1770 1531 de-

989 1555 1060 1577 serto
1080 1557 1264 1584 premerentur
1274 1551 1314 1585 3';
1334 1551 1458 1578 nimirum
1471 1550 1613 1578 solitudine
1633 1550 1769 1577 meliorem

989 1597 1038 1623 sibi
1053 1601 1131 1632 atque
1150 1598 1333 1632 optabiliorem
1349 1597 1495 1633 Aa‘gyptum
1513 1605 1574 1624 esse
1599 1598 1661 1630 rati,
1682 1602 1710 1624 ut
1725 1598 1770 1631 qui

989 1643 1177 1676 amplissimam
1219 1643 1332 1671 ollarum
1368 1648 1394 1670 et
1431 1643 1568 1674 carnium,
1605 1643 1772 1676 aliarumque

988 1690 1106 1715 omnium
1123 1696 1221 1721 rerum,
1238 1697 1305 1724 quas
1322 1689 1375 1716 illic
1390 1688 1563 1723 reliquerant,
1582 1689 1686 1723 copiam
1707 1688 1772 1722 ipsis

988 1734 1220 1768 subministraret;
1238 1743 1288 1762 nec
1304 1735 1449 1769 enimjam,
1462 1743 1513 1770 qua
1530 1735 1665 1762 dementia
1681 1740 1771 1766 erant,

988 1782 1077 1815 gravis
1101 1781 1166 1815 ipsis
1184 1780 1297 1808 laterum
1313 1780 1447 1807 confectio
1466 1784 1492 1807 et
1515 1780 1599 1806 lutum
1621 1787 1681 1806 esse
1700 1779 1772 1805 vide-

990 1827 1077 1861 batur)
1089 1836 1096 1859 ;
1113 1834 1204 1854 verum
1218 1826 1281 1859 alia,
1297 1833 1356 1860 qum
1368 1826 1496 1859 majorem
1509 1825 1634 1858 pietatem
1647 1831 1679 1851 ac
1693 1823 1772 1850 [idem

990 1872 1156 1905 redolebant,
1180 1872 1370 1906 loquebantur.
1391 1870 1461 1903 Quid
1481 1870 1564 1901 enim,
1590 1869 1709 1901 aiebant,
1727 1870 1769 1896 lie-

991 1916 1048 1944 rine
1062 1916 1112 1943 hoc
1127 1916 1228 1950 nequit,
1245 1920 1272 1941 ut
1288 1914 1358 1942 Deus
1375 1914 1419 1941 ille
1437 1914 1640 1945 miraCulorum,
1654 1913 1700 1947 qui
1724 1920 1772 1947 pe-

990 1962 1125 1996 regrinum
1151 1966 1178 1988 et
1204 1961 1344 1996 fugitivum
1362 1960 1487 1995 populum
1510 1960 1577 1987 adeo
1594 1960 1666 1994 large
1684 1965 1710 1986 et
1724 1967 1771 1986 co-

989 2007 1063 2042 piose
1078 2007 1103 2034 in
1124 2007 1231 2034 deserto
1255 2005 1361 2037 aluit“,
1376 2011 1404 2032 ut
1426 2009 1453 2032 et
1475 2012 1583 2040 panem,
1599 2010 1626 2032 et
1637 2012 1700 2032 aves
1715 2010 1773 2032 tan-

990 2060 1068 2088 quam
1088 2060 1121 2080 ex
1137 2052 1211 2080 fonte
1226 2051 1409 2086 profunderet,
1426 2058 1478 2077 non
1491 2050 1577 2077 solum
1596 2051 1769 2083 necessariis,

989 2099 1035 2126 sed
1055 2099 1136 2126 etiam
1157 2098 1297 2133 superﬂuis
1313 2097 1380 2124 cibis
1402 2104 1464 2124 eum
1483 2097 1623 2129 nutriens;
1642 2098 1685 2131 qui
1699 2104 1773 2123 mare

990 2145 1108 2177 scidit",
1124 2145 1189 2172 solis
1211 2151 1319 2172 cursum
1339 2144 1544 2179 compressit“,
1566 2143 1675 2170 tluvium
1698 2143 1771 2170 inhi-

990 2190 1086 2222 buit",
1099 2189 1204 2225 aliaque
1231 2189 1328 2217 deinde
1347 2189 1548 2225 subjungentes,
1564 2194 1729 2224 quaecunque
1739 2188 1776 2215 ab

152 2234 205 2261 τῶν
219 2234 356 2262 πλουσίων
374 2235 550 2270 διαφυγόντες
561 2235 710 2272 τραπέζας,
732 2236 804 2272 ᾇπερ
819 2235 852 2271 ἦν
873 2245 937 2263 ποτε

989 2243 1021 2264 eo
1045 2241 1119 2271 gesta
1143 2235 1248 2263 fuerant
1264 2235 1345 2271 (solet
1363 2235 1437 2263 enim
1462 2236 1488 2263 in
1517 2234 1669 2269 hujusmodi
1693 2235 1773 2261 rebus

154 2279 198 2306 καὶ
211 2281 290 2314 ἡμῖν,
309 2281 365 2311 τοῖς
378 2280 452 2315 ὄρεσι
465 2280 570 2311 τούτοις
581 2280 780 2315 ὲμφωλεύονσι’
805 2281 896 2307 πολλοὶ
911 2281 939 2308 δὲ

989 2281 1096 2308 animus
1113 2285 1218 2308 veteres
1233 2280 1359 2308 historias
1376 2280 1490 2307 libenter
1517 2279 1654 2315 persequi,
1673 2287 1704 2306 ac
1725 2279 1772 2306 Dei

154 2324 257 2360 δρνιθες
269 2325 326 2352 τῶν
346 2325 486 2361 ἐδωδίμων
502 2327 565 2358 τοὺς
583 2326 731 2358 ποθοῦντας
754 2327 827 2362 ἡμᾶς
855 2327 938 2362 ὑπερ-

989 2325 1101 2360 gloriam
1118 2333 1150 2353 ex
1172 2325 1261 2353 multis
1288 2325 1428 2353 miraculis
1451 2325 1618 2359 celebrare);
1633 2325 1701 2352 idem
1716 2325 1773 2358 ipse

156 2371 292 2403 ίπτανται,
306 2367 344 2398 ὧν
363 2371 389 2398 τι
405 2371 441 2407 μὴ
451 2371 603 2407 θηράσιμόν
618 2372 723 2408 (71)σοι
735 2371 875 2407 θελήσαντι
889 2372 939 2406 μό-

989 2372 1070 2404 Deus,
1090 2371 1251 2404 inferebant,
1273 2379 1320 2399 nos
1340 2379 1448 2407 quoque
1471 2371 1579 2406 pietatis
1593 2371 1708 2397 athletas
1724 2371 1773 2396 ho-

128 2413 132 2451 1
155 2423 215 2448 νονς
229 2417 314 2444 Ταῦτ’
327 2417 432 2452 ἔλεγον,
445 2418 494 2446 καὶ
506 2418 523 2454 ἡ
539 2418 609 2455 θήρα
622 2419 722 2454 παρῆν,
733 2418 799 2453 ὄψον
819 2418 940 2453 αὐτόμα-

989 2418 1083 2446 dierno
1097 2418 1143 2446 die
1157 2418 1318 2445 lautioribus
1335 2418 1456 2446 obsoniis
1473 2416 1588 2452 pascat?
1603 2415 1691 2443 Multae
1708 2415 1772 2442 lene

126 2495 127 2506 χ
155 2470 209 2494 τον,
225 2463 455 2499 ἀπραγμάτευτος
481 2464 639 2496 πανδαισία,
656 2464 749 2499 ἔλαφοι
775 2463 829 2490 τῶν
850 2463 938 2498 λόφων

989 2463 1100 2491 divitum
1115 2465 1227 2498 mensis,
1239 2464 1333 2499 quales
1348 2463 1483 2499 quondam
1497 2460 1578 2498 775
1593 2462 1671 2489 nobis
1683 2466 1771 2494 erant,

541 2531 644 2560 "'ibid.
663 2532 704 2569 ιδ.
755 2531 778 2548 ³⁷
792 2531 876 2560 Exod.
897 2539 949 2563 xtv.

988 2531 1007 2558 ι.
1059 2518 1152 2559 ιίιοε.
1169 2538 1208 2564 ιιι,
1227 2530 1269 2558 is.
1306 2523 1506 2562 δωρειιε.

155 2597 165 2613 ι
183 2597 234 2626 non
249 2596 377 2626 recusare
389 2589 597 2626 confessionem,
611 2598 659 2618 nec
672 2589 795 2617 dubitare
806 2591 872 2617 mori
890 2598 937 2625 pro

1023 2589 1079 2626 (65)
1104 2587 1277 2626 'Enrxopet'c.
1293 2587 1386 2626 Plures
1402 2587 1494 2626 codd:
1508 2586 1652 2626 διακορεῖς.

154 2623 274 2650 Veritate.
295 2623 352 2651 Non
370 2625 458 2651 minus
481 2629 568 2651 tamen
598 2626 648 2652 hoc
674 2625 755 2652 etiam
782 2621 936 2660 praeclarum

994 2659 1000 2660 ί
1024 2621 1079 2659 (66)
1099 2624 1179 2660 Kurd
1200 2621 1271 2657 eos,
1293 2623 1440 2660 ἐκείνους.
1462 2622 1507 2649 Sic
1531 2621 1696 2657 sex'Regg”
1712 2627 1772 2650 octo

153 2663 204 2688 e4.
229 2666 282 2685 non
300 2660 365 2686 dare
387 2666 494 2686 causam
517 2660 562 2686 tali
590 2660 743 2694 periculo...
776 2657 826 2687 non
850 2661 936 2687 solum
986 2657 1074 2691 Colb.,
1089 2664 1142 2686 etc.
1159 2659 1232 2686 Deest
1253 2657 1315 2694 τούς
1330 2658 1354 2684 in
1367 2658 1410 2694 ed.

153 2693 224 2726 quod
240 2694 359 2721 incertus
379 2694 455 2721 nobis
474 2699 513 2721 est
529 2691 727 2728 ejus'eventus;
743 2702 835 2722 verum
855 2695 936 2722 etiam

1021 2693 1076 2729 (67)
1086 2693 1359 2729 Ταλαιςῑωροῦιρτας.
1370 2691 1464 2718 Comb.
1475 2712 1481 2722 .
1494 2692 1769 2729 ταλαιπωρήσαντας,

155 2735 186 2754 ne
201 2735 281 2764 causa
300 2729 393 2761 simus,
409 2736 458 2755 cur
474 2726 644 2757 scelestiorcs
662 2726 725 2757 sint
738 2730 936 2764 majoribusque

1022 2726 1076 2763 (68)
1097 2727 1215 2754 Kalan
1234 2737 1262 2754 κ.
1274 2728 1317 2755 Sic
1331 2728 1413 2764 Ἄρες,
1427 2734 1463 2764 a,_
1475 2728 1518 2761 ph.
1537 2726 1616 2764 lieest
1628 2726 1716 2764 τῶνῑι]
1726 2729 1767 2753 ρει.

154 2763 270 2799 pereatis
281 2771 309 2790 se
324 2758 516 2799 uolitantinent.
535 2773 544 2790 ι
780 2758 788 2764 ’
893 2758 902 2764 ¹

992 2798 995 2799 ν
1024 2758 1081 2799 (69)
1101 2763 1295 2797 Φιλιστορεῖν.
1341 2758 1423 2789 (ἷᾶἰὲι.
1454 2758 1481 2794 1,
1513 2761 1666 2797 πολυῖστωρ
1692 2758 1771 2789 εἶναι.

189 2797 244 2834 (οξ)
266 2797 530 2834 Μῃχυνῶὶνταιηυν.
546 2799 573 2826 2.
587 2800 760 2834 μηχάνονται.
776 2833 779 2834 ν

989 2797 1062 2829 Pas"
1077 2798 1298 2834 πολυίστορείναι.

191 2832 244 2869 (li?)
270 2832 452 2869 Ύπιιιυρίως.
475 2833 522 2869 Sic
543 2831 642 2865 plures"
657 2833 750 2869 chg.,
765 2833 818 2860 duo
841 2833 934 2866 (ὶοὶδι.Ι

1025 2834 1080 2868 (70)
1103 2832 1174 2865 Τοὺς
1187 2831 1241 2866 τῆς
1256 2832 1419 2865 εὐσεϐείας.
1440 2831 1485 2859 Sic
1499 2831 1588 2866 plures
1601 2832 1679 2858 codd.
1695 2831 1773 2858 Det-st

154 2863 200 2903 0r.
260 2871 314 2903 etc.
331 2863 614 2903 ln‘:€II.,>t')ﬁ1L09'£OU;‘.
696 2863 727 2869 W
743 2863 748 2866 ’
928 2863 933 2866 ’

989 2863 1037 2903 τῆς
1051 2863 1076 2894 in
1093 2869 1136 2903 ῳ.

191 2901 245 2935 (lii)
267 2901 421 2937 Γεννίξδαι.
443 2903 487 2929 Sic
513 2901 594 2937 Rege.
611 2911 637 2937 a,
652 2912 676 2936 c,
693 2905 720 2937 d,
740 2903 830 2932 decem
847 2903 933 2937 Colb.,

157 2933 273 2963 Pass.'et
287 2935 339 2963 Ji-s.
355 2936 382 2963 In
398 2939 452 2969 eil.,
468 2933 601 2971 γεννάὲες.

186 2531 209 2547 ⁸³
224 2531 309 2559 Exod.
325 2539 380 2565 xvr,
395 2531 413 2558 2
424 2539 483 2566 sqq.

1024 2903 1080 2938 (⁵11)
1099 2900 1154 2929 Ὧν
1169 2903 1196 2938 τί
1206 2903 1248 2937 μὴ
1260 2902 1432 2936 θηράσιμον.
1449 2902 1494 2930 Sic
1508 2909 1599 2929 omnes
1609 2901 1683 2928 codd.
1701 2900 1772 2928 MCllr

989 2935 1052 2965 doSe
1064 2935 1089 2964 i'n
1108 2939 1160 2972 ed.,
1177 2935 1213 2964 ὧν
1225 2938 1249 2964 τί
1267 2935 1481 2973 μᾶιθηράσιμον.
