2013 3134
227 186 281 214 505

813 189 841 217 S.
863 189 1026 217 GREGORII
1047 189 1220 217 THEOLOGI

1799 188 1850 216 5M

226 245 288 280 fuga
307 245 404 279 elapsa;
426 245 452 272 in
483 244 525 272 his
551 245 686 272 montibus
709 245 887 278 delitescunt;
921 247 1010 274 multa:

1067 247 1143 273 ποθὲν
1163 247 1364 282 ὑπερφανέντες
1394 247 1508 282 ἀθρόως.
1536 247 1578 279 Ὡς
1606 248 1653 282 μὲν
1675 248 1847 283 εὖμεγέθειςῐ

227 290 369 317 esculcntze
384 297 446 316 aves
465 297 544 323 supra
560 298 619 322 nos,
634 291 679 326 qui
701 297 746 318 eas
761 292 924 325 expetimus,
939 293 1007 319 voli-

228 339 304 362 tant:
320 342 433 370 quorum
452 336 517 370 quid
535 336 646 363 omnino
665 342 716 370 est,
729 337 799 370 quod
815 342 851 367 le,
866 338 907 365 vel
922 338 1009 366 solum

227 386 372 413 annuente,
392 389 443 408 non
460 381 537 409 facile
550 382 606 417 capi
623 383 725 417 possit?
742 383 803 410 llrec
820 391 911 410 eorum
930 386 1010 411 verba

227 432 303 455 erant
317 435 365 455 :ac
389 427 477 462 pratda
504 428 649 455 verborum
675 436 765 455 comes
786 434 854 460 erat,
870 429 1011 456 obsonium

228 472 299 499 ultro
320 472 450 504 oblattnn,
468 473 620 500 convivium
639 473 711 500 nttllo
728 474 818 500 labore
838 474 1010 504 instructum,

229 518 300 544 cervi
315 526 330 545 e
344 518 453 545 tumulis
466 523 576 552 repente
600 524 770 553 apparentes.
788 519 872 552 Quam
891 520 1009 554 proceri!

229 563 313 596 Quam
340 564 466 598 pingues!
488 563 572 597 Quam
593 565 625 590 ad
643 565 744 592 caedem
771 566 885 599 prompti
903 570 930 592 et
955 566 1011 591 ala-

228 610 302 637 rrcs!
316 609 512 644 Propemodum
533 617 579 636 eos
594 611 756 643 conjiceres,
774 611 844 645 quod
863 618 914 637 non
930 611 1009 637 citius

229 655 314 681 vocali
328 659 429 686 essent,
443 655 554 682 moleste
571 655 653 683 ferre.
674 655 711 682 Illi
731 655 846 690 capitum
865 660 932 682 ttutu
953 655 1011 682 alli-

1062 292 1100 322 ὡς
1114 292 1141 318 δὲ
1155 292 1258 323 πίονεςῖ
1275 288 1312 323 ὡς
1329 291 1357 318 δὲ
1377 291 1509 326 πρόθυμοι
1524 292 1592 326 πρὸς
1607 293 1713 326 σφαγήν
1728 293 1733 318 !
1747 293 1850 318 Μονονα

1063 338 1124 372 ουχὶ
1153 338 1200 364 καὶ
1225 337 1303 363 τοῦτο
1327 337 1445 369 εἰκάζειν
1470 335 1525 372 ἦν,
1549 338 1589 363 ὅτι
1618 337 1654 372 μὴ
1673 337 1730 372 (72)
1756 338 1848 372 τάχιον

1065 383 1227 418 ἐκλήθησαν,
1245 382 1442 417 ἐδυσχέραινον.
1460 383 1490 409 ΟΞ
1510 382 1558 418 μὲν
1573 379 1662 408 εἷλκον
1678 384 1734 413 τοῖς
1750 383 1850 417 νεύμα-

1067 437 1118 460 σιν,
1134 429 1158 455 οἱ
1171 428 1198 454 δὲ
1208 429 1315 464 ἤγοντο.
1339 429 1417 460 Τίνος
1441 427 1584 459 διώκοντος
1601 428 1617 463 ἦ
1634 429 1849 461 συναναγκάζον-

1065 481 1125 505 τος;
1143 473 1266 505 Οὐδενός.
1297 474 1384 500 Τίνων
1410 473 1533 505 ἱππέων;
1557 473 1644 500 Ποίων
1666 473 1720 508 (75)
1744 473 1848 505 κυνῶν;

1065 519 1142 550 Τίνος
1161 519 1273 553 ὑλακῆς,
1286 519 1302 553 ἢ
1314 519 1446 555 κραυγῆς,
1462 518 1478 553 ἣ
1502 518 1568 544 νέων
1591 519 1850 553 προκαταλαϐόντων

1063 563 1113 594 τὰς
1126 563 1258 595 διεξόδους
1272 566 1328 595 τοῖς
1344 564 1428 599 θήρας
1444 564 1551 598 νόμοις;
1576 563 1666 599 Eii-[71;
1684 564 1786 599 δέσμιοι
1803 565 1850 590 καὶ

1063 609 1168 640 δικαίας
1179 610 1322 644 αἰτήσεως,
1337 610 1384 641 Τίς
1393 610 1462 643 ἔγνω
1473 609 1592 636 τοιοῦτον
1603 609 1713 645 θήραμα
1724 610 1777 636 τῶν
1789 610 1848 642 νῦν,

1064 655 1081 690 ἢ
1096 655 1149 681 τῶν
1163 655 1288 687 admota;

229 701 346 732 cit-bant,
367 701 392 727 hi
408 701 599 735 sequebantur.
631 701 688 734 Quo
713 702 873 734 insectante,
906 706 932 729 et
951 701 1080 736 cogente?
1100 701 1221 729 Nemine.
1244 701 1346 734 Quibus
1380 702 1477 736 equis?
1497 701 1599 735 Quibus
1630 701 1760 728 canibus?
1791 702 1849 735 Quo

229 747 338 779 latratu.
360 753 406 774 aut
430 748 555 780 clamore,
571 753 615 774 aut
639 749 764 784 iuvenum
796 748 895 781 studio,
928 748 1031 774 viarum
1051 747 1148 779 exitus.
1185 753 1213 774 ut
1239 747 1388 774 venationis
1411 747 1482 781 leges
1510 747 1610 778 lerunt,
1636 748 1848 782 occupantium?

229 793 365 820 Orationis
389 798 492 821 tantum
513 794 646 828 justaeque
671 793 807 828 petitionis
828 792 934 819 vinculo
950 793 1098 819 constricti.
1134 793 1212 825 Quis,
1245 792 1286 819 vel
1302 797 1405 825 nostra,
1438 792 1479 819 vel
1502 793 1631 824 omnium.
1665 794 1710 827 qui
1730 801 1847 828 unquam

230 841 347 873 fuerunt,
369 842 511 873 memoria,
540 841 618 868 talem
637 841 805 868 venationem
836 848 867 868 ac
894 841 1008 875 praedam
1029 840 1175 873 cognovit?

265 885 331 913 Vlll.
345 886 367 914 Ο
382 894 436 913 rcm
450 887 653 913 admirandam!
673 886 723 921 Ipsi
739 887 834 920 praedm
849 893 904 913 sua:
919 885 1012 913 arbitri

1100 884 1140 911 H'.
1159 885 1190 910 Ὢ
1206 884 1251 910 τοῦ
1264 884 1401 919 ϐαύματος
1414 884 1420 910 ί
1435 884 1515 911 Αὐτοὶ
1529 884 1576 911 τοῦ
1600 884 1757 920 Θηράματος
1779 883 1848 920 ἦσαν

230 937 317 960 eranl.
330 933 463 966 Quidquid
483 932 614 967 placebat,
628 933 763 959 voluntate
787 936 889 958 tantttm
906 932 1014 959 teneba-

231 985 290 1010 tur;
310 977 379 1011 quod
398 981 546 1011 supererat,
574 977 606 1003 ad
626 977 707 1004 silvas
727 977 752 1003 in
776 977 921 1004 secundam
939 984 1015 1004 men-

230 1030 288 1049 sant
304 1022 483 1056 relegabatur.
501 1021 585 1055 Coqui
601 1022 809 1056 extemporales.
824 1029 900 1050 coma
918 1022 1014 1056 exqui-

231 1069 294 1099 sita,
310 1067 429 1094 conviva:
450 1067 530 1101 grati,
556 1074 674 1101 praesens
697 1067 855 1094 miraculum
888 1071 1014 1101 tanquam

231 1114 387 1148 prtelttdium
410 1113 545 1148 quoddam
567 1121 657 1140 rerttm
684 1113 709 1139 in
734 1120 782 1147 spe
801 1113 950 1147 positarum
968 1113 1016 1140 ha-

232 1160 336 1186 bentes.
361 1158 400 1185 Ex
421 1166 475 1192 quo
503 1158 584 1185 etiatn
607 1158 640 1185 ad
660 1165 719 1185 eam
741 1157 956 1191 dimicationem,
981 1159 1015 1186 ob

231 1214 310 1239 quam
327 1206 384 1232 haec
403 1205 456 1231 illis
474 1209 572 1239 przesto
593 1208 680 1234 erant,
701 1203 848 1231 alacriores
864 1203 1016 1230 reddeban-

233 1256 285 1277 tnr.
303 1251 340 1277 Ac
357 1251 421 1277 talia
444 1251 551 1285 quidem
576 1255 648 1279 sunt.
661 1257 721 1283 quze
739 1251 874 1277 narranda
890 1257 1015 1283 suscepe-

233 1305 300 1324 ram.
315 1297 354 1323 Tu
374 1304 437 1323 vero
456 1296 553 1323 Dianas
573 1300 643 1327 tuas,
668 1301 695 1323 et
720 1295 842 1328 Oriones,
864 1301 892 1323 et
915 1297 1016 1324 Acmo-

234 1351 291 1375 nes,
312 1343 433 1370 infelices
459 1342 519 1370 illos
543 1347 696 1375 venatores,
713 1342 777 1368 mihi
798 1349 896 1373 narra;
914 1347 952 1375 tu,
975 1343 1016 1369 itt-

233 1397 327 1424 quant,
345 1389 390 1423 qui
414 1395 457 1415 me
475 1388 656 1422 perseqtteris,
679 1387 835 1423 fabttlasque
862 1388 1015 1421 admiraris,

233 1442 266 1462 ac
284 1442 389 1461 cervam
413 1433 509 1468 virgini
533 1433 725 1465 substitutam;
741 1433 762 1460 si
784 1433 848 1467 quid
865 1439 968 1460 tantum
983 1435 1016 1461 ad

233 1480 340 1508 laudem
355 1485 383 1507 et
396 1481 508 1515 gloriam
527 1480 572 1506 tibi
595 1478 722 1513 suppetit,
740 1483 768 1506 ut
787 1479 895 1506 interim
922 1486 1017 1506 narra-

236 1527 335 1553 tionem
352 1527 420 1552 hanc
437 1526 548 1552 minime
562 1525 712 1552 fabulosam
729 1532 789 1552 esse
797 1524 938 1552 donemus.
952 1524 1016 1557 Quae

234 1571 361 1604 deinceps
378 1574 538 1604 scqnttntur,
554 1577 634 1604 qttam
657 1569 744 1604 turpia
763 1570 842 1596 sunt!
860 1569 925 1602 Quae
944 1569 1016 1596 enim
1030 1565 1051 1593 C

235 1618 314 1649 hujus
329 1616 547 1644 commutationis
572 1616 682 1648 utilitas,
701 1616 723 1642 si
744 1623 774 1642 ea
790 1618 822 1643 de
837 1624 918 1643 causa
934 1616 1018 1650 virgi-

234 1671 295 1690 nem
309 1671 324 1690 e
337 1662 454 1697 periculo
471 1662 605 1693 extrahat,
623 1666 651 1688 ut
666 1662 816 1696 hospitibtts
830 1669 923 1689 necem
937 1660 1018 1688 aﬂ‘er-

235 1717 264 1736 re
280 1709 417 1740 doceatur,
432 1712 460 1735 et
476 1707 700 1734 inhumanitatem
717 1714 766 1742 pro
780 1707 949 1734 humanitate
971 1713 1016 1733 re-

235 1755 354 1788 pendere
367 1752 528 1781 condiscat?
541 1753 629 1786 Atquc
657 1752 709 1779 hoc
723 1753 861 1783 hactenus,
878 1759 910 1779 ex
928 1752 1018 1779 multis

235 1808 327 1832 unum,
340 1808 371 1827 ac
386 1807 435 1834 pro
453 1799 556 1830 multis,
577 1806 634 1825 mea
655 1797 763 1833 quidem
784 1798 925 1825 sententia.
941 1797 1017 1830 Quod

235 1847 317 1874 etiam
335 1847 421 1881 ipsum
450 1853 503 1872 non
521 1853 554 1872 eo
568 1845 787 1876 commemoravi,
803 1848 832 1871 ut
843 1845 866 1871 ei
882 1844 1016 1871 cumulum

236 1894 351 1927 aliquem
375 1892 466 1927 gloria:
489 1890 597 1917 aﬂeram
615 1889 688 1925 (nam
705 1897 752 1917 nec
771 1897 845 1916 mare
860 1889 959 1921 ﬂuviis,
971 1889 1016 1924 qui

236 1939 262 1965 in
277 1939 362 1971 ipsum
377 1937 500 1967 inﬂuunt,
517 1943 584 1970 opus
607 1935 697 1966 habet,
713 1935 818 1962 etiamsi
834 1935 942 1969 plurimi
959 1942 1016 1960 ma-

235 1983 356 2017 xltltlljllq
382 1982 580 2009 inﬂuantznec
610 1981 644 2013 is,
675 1988 753 2015 quem
780 1988 849 2008 nunc
866 1981 1016 2012 laudamus,

238 2029 291 2060 his,
306 2037 351 2063 qut
366 2029 398 2055 ad
416 2029 500 2063 ipsius
514 2027 667 2055 encomium
688 2027 788 2060 aliquid
817 2026 956 2061 erogeut);
973 2033 1017 2053 vc-

235 2083 305 2107 rmn,
335 2080 364 2102 ut
391 2064 540 2105 ostendam,
569 2073 665 2107 quibus
691 2072 736 2099 ille
760 2077 835 2099 ortus
860 2072 1018 2106 majoribus,

239 2121 320 2156 776
334 2121 359 2146 in
380 2127 446 2154 qttos
464 2119 537 2145 velut
561 2119 586 2145 in
605 2117 742 2152 exemplar
761 2117 919 2151 respiciens,
937 2125 1019 2151 quan-

238 2171 266 2193 to
290 2166 395 2200 longius
410 2165 543 2200 jacnlatus
566 2164 610 2191 sit.
640 2162 706 2189 Nam
723 2163 744 2189 si
760 2162 820 2189 aliis
839 2170 964 2197 magnum
980 2167 1021 2189 est

1065 931 1171 965 ταμίαι.
1198 931 1279 958 Ὅσον
1299 931 1385 965 φίλον,
1412 930 1500 965 εἴχετο
1525 931 1657 966 οελήμασι
1673 931 1729 965 (74)
1751 932 1846 967 μόνον·

1065 976 1125 1002 ὅσον
1143 977 1278 1011 περιττὸν,
1293 976 1458 1012 ἀπεπέμφθη
1473 979 1533 1008 ταῖς
1546 977 1659 1012 λόχμαις
1670 978 1709 1008 είς
1723 977 1847 1012 δευτέραν

1065 1021 1215 1057 τράπεζαν.
1235 1022 1267 1048 Οἱ
1298 1021 1420 1055 ὀψοποιοὶ
1446 1022 1555 1056 σιέδιοι,
1583 1023 1613 1048 τὸ
1626 1022 1732 1048 δεῖπνον
1752 1024 1847 1058 εὐπρε-

1066 1068 1114 1097 πὲς
1125 1066 1192 1102 (75),
1209 1067 1233 1093 οἱ
1247 1066 1405 1103 δαιτύμονες
1417 1067 1581 1103 εὐχάριστοι,
1593 1068 1734 1103 προοίμιον
1746 1068 1848 1104 ἔχοντες

1065 1113 1114 1148 ἤδη
1132 1113 1186 1139 τῶν
1204 1112 1399 1148 ἐλπιζομένων,
1416 1113 1447 1139 τὸ
1471 1114 1558 1149 παρὸν
1575 1113 1677 1149 θαῦμα,
1701 1114 1746 1146 Ἐξ
1761 1111 1790 1140 οὗ
1803 1114 1848 1140 καὶ

1066 1158 1132 1192 πρὸς
1151 1158 1201 1194 τὴν
1212 1159 1334 1194 ἄθλησιν,
1345 1159 1415 1194 ὑπὲρ
1426 1156 1459 1194 ἧς
1477 1159 1560 1186 ταῦτα
1571 1157 1604 1194 ἧν
1619 1158 1719 1190 αὐτοῖς.
1734 1159 1849 1194 ἐγίνοντο

1066 1203 1274 1240 προθυμότεροι.
1287 1204 1405 1231 Τοιαῦτα
1416 1205 1450 1232 τὰ
1461 1205 1516 1240 ἐμὰ
1529 1205 1696 1240 διηγήματα.
1714 1206 1750 1232 Σὺ
1763 1205 1791 1232 δέ
1806 1213 1848 1240 μοι

1066 1250 1128 1284 λέγε
1142 1250 1191 1281 τὰς
1204 1249 1403 1285 Ἐλαφηϐόλους
1420 1250 1474 1285 (76)
1485 1259 1542 1283 σου,
1561 1252 1609 1278 καὶ
1630 1252 1693 1281 τοὺς
1711 1251 1847 1286 Ὠρίωνας,

1066 1299 1113 1325 καὶ
1128 1299 1189 1330 τοὺς
1213 1298 1387 1330 Ἀκταίωνας,
1405 1300 1468 1330 τοὺς
1484 1299 1683 1334 κακοδαίμονας
1707 1299 1848 1334 θηρευτὰς,

1066 1345 1080 1371 ὁ
1093 1345 1159 1378 ὲμὸς
1185 1344 1312 1380 διώκτης,
1328 1346 1342 1371 ὁ
1357 1346 1421 1377 τοὺς
1450 1345 1551 1380 μύθους
1568 1344 1725 1380 θαυμάζων,
1747 1346 1792 1371 καὶ
1803 1344 1849 1379 τὴν

1066 1390 1248 1416 ἁντιδοϐεἰσαν
1264 1390 1362 1424 ἔλαφον
1375 1391 1424 1426 τῆς
1442 1391 1576 1426 παρθένου
1592 1390 1658 1424 (77),
1678 1391 1744 1416 εἴτι
1759 1389 1850 1416 τοσοῦ-

1065 1445 1110 1462 τον
1138 1437 1177 1467 εἰς
1204 1436 1360 1471 φιλοτιμίαν
1378 1436 1436 1463 ἔστι
1467 1445 1516 1468 σοι,
1535 1437 1585 1462 κᾶν
1600 1436 1690 1471 δῶμεν
1717 1436 1754 1472 μὴ
1771 1436 1851 1471 μῦοον

1067 1480 1134 1508 εἶναι
1147 1482 1177 1508 τὸ
1189 1482 1378 1518 ἱστορούμενον
1393 1482 1460 1515 (78).
1479 1483 1522 1513 Ὠς
1532 1482 1565 1508 τά
1577 1490 1608 1515 γε
1622 1482 1686 1517 ἑξῆς
1700 1482 1747 1508 τοῦ
1762 1482 1849 1514 λόγου,

1067 1527 1113 1553 καὶ
1126 1527 1184 1554 λίαν
1197 1528 1307 1563 αἰσχρά.
1323 1528 1354 1554 Τί
1374 1528 1427 1563 γὰρ
1440 1527 1535 1561 ὄφελος
1555 1527 1604 1562 τῆς
1620 1528 1780 1559 ἁντιδὸπεως
1793 1548 1800 1559 ,
1827 1529 1850 1554 εῐ

1069 1574 1149 1606 σώζει
1164 1573 1307 1609 παρθένον,
1323 1575 1365 1600 ἵνα
1385 1573 1547 1606 ξενοκτονεῖν
1572 1574 1692 1609 διδαχθῇ,
1710 1573 1853 1609 ἀπαιιορωο

1070 1619 1134 1646 πίαν
1155 1619 1276 1654 μαθοῦσα
1300 1619 1504 1655 φιλανθρωπίας
1528 1620 1676 1651 ἀντίδοσιικ
1699 1621 1784 1646 Τοῦτο
1803 1620 1852 1655 μὲν

1067 1662 1113 1690 οὖν
1129 1663 1255 1690 τοσοῦτον
1267 1665 1299 1690 ἐκ
1314 1664 1418 1690 πολλῶν
1438 1663 1476 1695 ἓν,
1491 1665 1538 1690 καὶ
1556 1664 1615 1690 ἀντὶ
1641 1664 1757 1696 πολλῶν,
1775 1665 1812 1696 ὠς
1837 1666 1851 1691 ὁ

1067 1709 1131 1744 ἐμὸς
1149 1709 1204 1742 (79)
1219 1709 1307 1742 λόγος.
1328 1710 1380 1735 Καὶ
1392 1709 1470 1735 τοῦτο
1492 1709 1595 1744 διῆλθον
1608 1730 1614 1740 ,
1633 1710 1682 1744 οὐχ
1698 1710 1731 1736 ἵν’
1756 1711 1853 1745 ἐκείνῳ

1068 1753 1177 1789 προσθῶ
1189 1763 1214 1780 τι
1229 1754 1278 1789 τῆς
1302 1754 1423 1786 εὐδοξίας
1452 1754 1524 1789 (οὔτε
1550 1754 1604 1791 γὰρ
1623 1755 1746 1782 θάλασσα
1772 1756 1857 1781 δεῖται

1066 1799 1120 1825 τῶν
1135 1799 1294 1834 εἰσρεόντων
1310 1800 1350 1830 εἰς
1364 1800 1449 1835 αὐτὴν
1476 1801 1621 1836 ποταμῶν,
1645 1799 1696 1827 κᾶν
1714 1801 1855 1835 εἰσρέωςιν

1068 1845 1108 1871 ὅτι
1128 1845 1249 1872 πλεῖστοι
1267 1846 1315 1872 καὶ
1332 1846 1466 1880 μέγιστοι,
1482 1845 1544 1872 οὔτε
1566 1846 1619 1873 τῶν
1641 1847 1810 1873 εἰσοισόντων
1829 1855 1856 1872 τι

1067 1890 1135 1925 πρὸς
1151 1891 1299 1926 εὐφημίαν,
1313 1891 1382 1918 ὀνῦν
1397 1892 1599 1927 ἐπαινούμενος)
1612 1900 1618 1907 ·
1635 1892 1693 1918 ἀλλ’
1708 1892 1741 1918 ἵν’
1756 1892 1856 1919 ἐπιδεί-

1067 1936 1155 1971 ξαιμι,
1169 1937 1232 1964 οἵων
1248 1937 1305 1973 (80)
1320 1937 1393 1972 αὑτῴ
1407 1938 1460 1964 τῶν
1475 1937 1593 1973 ὲξαρχῆς
1607 1938 1796 1973 ὑπαρχόντων,
1809 1939 1857 1964 καὶ

1071 1982 1138 2018 πρὸς
1152 1983 1166 2008 δ
1182 1983 1354 2019 παράδειγμα
1369 1984 1485 2018 βλέπων.
1496 1985 1557 2010 ὅσον
1573 1984 1856 2019 ὑπερηκόντισενβι).

1072 2027 1102 2053 Εἰ
1117 2028 1171 2063 γὰρ
1185 2028 1255 2062 μέγα
1269 2030 1324 2060 τοῖς
1340 2028 1429 2060 ἄλλοις
1441 2029 1471 2055 τὸ
1485 2029 1648 2065 προσλαὸεῖν
1666 2038 1694 2056 τι
1710 2030 1785 2064 παρὰ
1803 2029 1857 2055 τῶν

1071 2073 1173 2100 ἄνωθεν
1189 2075 1229 2106 εἰς
1244 2075 1397 2110 φιλοτιμίαν
1407 2095 1413 2106 ,
1444 2074 1534 2110 μεῖζον
1548 2075 1645 2110 ἐκείνῳ
1672 2075 1704 2101 τὸ
1730 2075 1857 2110 προσθεῖ-

1072 2127 1114 2144 ναι
1132 2118 1187 2153 (82)
1201 2120 1257 2151 τοῖς
1269 2119 1324 2146 ἄνω
1337 2119 1400 2156 παρ’
1419 2119 1526 2151 ἑαυτοῦ,
1551 2119 1675 2155 καθάπερ
1690 2119 1744 2155 (85)
1759 2120 1855 2154 ῥεύμα-

1072 2172 1116 2195 τος
1138 2165 1340 2201 ἀνατρέχοντος.

236 2211 336 2246 aliquid
363 2219 377 2237 a
403 2211 549 2244 majoribus
572 2209 604 2236 ad
624 2209 738 2243 gloriam
762 2208 911 2243 accepisse,
932 2209 1018 2243 majus
1037 2209 1158 2241 profecto
1174 2211 1224 2245 ipsi
1262 2217 1304 2238 cst
1318 2211 1464 2245 majoribus
1479 2213 1534 2239 suis
1553 2212 1641 2239 laudis
1673 2211 1809 2238 cumulum
1823 2217 1857 2237 ex

237 2270 266 2289 se
281 2261 425 2296 adjecisse,
443 2261 517 2289 velut
529 2261 611 2288 ﬂuctu
629 2259 826 2293 reciprocante.

273 2307 319 2335 IX.
339 2307 498 2342 Quanquam
512 2313 600 2335 autem
619 2309 737 2344 conjugii
753 2312 896 2343 parentttm
922 2307 1016 2342 ipsius,

1105 2308 1141 2335 8’.
1159 2308 1214 2343 Τῆς
1227 2307 1255 2334 δὲ
1270 2307 1323 2334 τῶν
1338 2308 1463 2343 πατέρων
1476 2307 1616 2341 συζυγίας,
1631 2306 1680 2341 οὐχ
1694 2305 1775 2342 ἦττον
1785 2305 1857 2331 κατὰ

235 2354 307 2388 quod
331 2362 384 2381 non
407 2355 496 2381 minus
518 2354 644 2388 virtutis,
669 2362 748 2389 quam
773 2361 916 2388 corporqu
941 2358 1018 2386 erat,

255 2421 329 2491 E(7"?)
349 2421 413 2448 Ὅτι
428 2421 480 2456 μή.
494 2421 559 2456 Reg.
575 2422 619 2456 ph,
637 2423 678 2448 ὅτι
693 2422 717 2448 εἰ
730 2422 777 2457 μή.
795 2421 829 2448 Et
843 2422 868 2448 in
882 2420 928 2448 Or.
945 2421 972 2453 2,
986 2422 1023 2453 ὡς

276 2466 295 2491 μ
317 2477 324 2483 .

237 2466 262 2483 ει
276 2466 324 2491 μη.

273 2492 330 2526 (75)
350 2492 455 2519 Ποίων.
468 2491 496 2518 In
509 2491 653 2526 nonnullis,
667 2492 757 2518 τίνων.

273 2523 329 2562 (74)
350 2526 511 2561 Θελήμασι.
524 2523 610 2562 Regg.
631 2535 658 2558 a,
675 2535 699 2558 c,
724 2528 750 2558 d,
771 2526 853 2554 Coisl.
879 2526 904 2558 ll,
928 2526 974 2554 0r.
995 2527 1023 2559 2,

237 2567 302 2589 etc..
315 2561 454 2596 θελήσασι.

274 2596 331 2630 (75)
351 2595 516 2631 Εὐπρεπές.
539 2596 621 2632 Regg.
639 2604 662 2628 σε,
673 2596 699 2632 id,
718 2602 745 2623 et
766 2597 857 2623 decem
875 2595 960 2628 Colb.,
979 2595 1024 2622 εὐ-

237 2632 348 2667 τρεπές,
366 2642 375 2657 ‹
391 2636 494 2664 parata.
513 2641 522 2657 ι
538 2632 584 2658 Sic
595 2632 660 2665 legit
672 2631 775 2659 Billius.

274 2667 330 2701 (76)
357 2667 590 2700 Ἐλαφηϐόλους.
610 2675 619 2692 t
639 2667 744 2693 Dianas.
764 2676 773 2692 ›
796 2665 870 2693 Dicta
885 2671 927 2693 est
949 2665 1025 2692 Ἐλα-

239 2701 354 2737 φηϐὁλος
370 2702 463 2733 Diana,
478 2703 554 2736 quasi
573 2709 667 2729 cervos
689 2701 868 2737 sciterﬂgens,
886 2706 932 2737 aut
948 2706 1023 2728 certo

239 2737 292 2763 ictu
305 2737 415 2764 feriens.
433 2737 494 2764 Haec
504 2737 596 2764 Orioni
612 2741 639 2763 et
649 2736 768 2763 Aclazoni
784 2737 863 2767 irata,
880 2736 993 2762 alterum
1008 2743 1024 2762 a

239 2772 379 2805 scorpione
404 2771 617 2806 percutiendum,
637 2771 749 2798 alterunt
767 2771 880 2798 suismet
900 2772 1024 2798 manibus

239 2806 438 2833 dilacerandum
449 2806 558 2839 obiecit.

274 2840 330 2875 (77)
353 2840 568 2868 Ἀντιδοθεῖσαν
575 2841 690 2876 ἔλαφον
697 2840 751 2875 τῆς
761 2841 917 2875 παρθένου.
934 2850 942 2866 ι
957 2840 1026 2867 Sub-

239 2876 360 2902 stitutam
384 2876 480 2910 virgini
499 2884 615 2902 cervam.
633 2886 642 2901 ι
658 2876 790 2910 Iphigenia
816 2877 1025 2910 Agamemnonis

241 2911 305 2943 lilia,
323 2919 383 2938 cum
397 2911 486 2938 Diana:
507 2912 531 2937 itt
554 2912 714 2938 sacrtliciuxn
732 2916 804 2938 esset
822 2911 922 2944 oblata,
942 2911 1023 2938 Diana

1072 2353 1103 2379 τὸ
1113 2354 1161 2388 τῆς
1171 2354 1271 2389 ἀρετῆς
1282 2354 1420 2388 ὁμότιμον,
1432 2353 1448 2388 ἢ
1465 2353 1511 2380 καὶ
1526 2354 1560 2379 τὰ
1572 2352 1683 2387 σώματα
1693 2352 1759 2388 (84),
1772 2351 1859 2377 πολλὰ

1078 2421 1251 2448 miseratione
1290 2426 1423 2456 permota,
1457 2420 1540 2455 ipsius
1567 2418 1626 2456 loco
1650 2424 1763 2456 cervam
1791 2416 1859 2456 sub-

1073 2456 1170 2483 stituit.
1194 2456 1259 2488 Quaa
1283 2452 1374 2487 postea
1396 2452 1486 2483 Dianae
1501 2454 1627 2481 sacerdos
1648 2452 1728 2488 facta,
1747 2452 1860 2488 hospiti-

1073 2491 1124 2531 bus
1137 2487 1232 2518 manus
1248 2490 1357 2524 inferre,
1372 2491 1550 2524 hominesque
1563 2489 1612 2522 ipsi
1634 2487 1775 2514 immolare
1791 2487 1859 2513 didi-

1075 2531 1121 2552 Cll.

1108 2559 1164 2594 (78)
1187 2560 1221 2586 Τὸ
1238 2560 1460 2594 ἱστορούμενον.
1489 2559 1534 2587 Sic
1549 2558 1630 2593 Begg.
1656 2563 1683 2588 a,
1705 2563 1730 2588 c,
1750 2555 1779 2587 d,
1803 2555 1860 2589 bm,

1072 2595 1106 2629 ph
1122 2601 1145 2621 et
1159 2595 1234 2622 Pass.
1253 2595 1329 2621 Deest
1345 2595 1375 2621 τό
1390 2597 1416 2622 in
1430 2596 1473 2622 ed.

1109 2630 1164 2664 (79)
1190 2630 1216 2656 '0
1231 2629 1312 2664 ἐμός.
1324 2629 1370 2657 Sic
1388 2630 1472 2665 Regg.
1488 2636 1513 2661 a.
1529 2635 1553 2660 α,
1566 2628 1594 2660 d,
1606 2627 1664 2659 bm,
1678 2627 1724 2661 ph,
1741 2625 1787 2653 0r.
1802 2625 1821 2652 ‘2
1833 2630 1859 2652 et

1071 2664 1147 2692 Pasx.
1164 2665 1243 2691 Deest
1255 2665 1270 2691 ὸ
1287 2666 1312 2691 in
1325 2665 1366 2691 ed.

1109 2700 1166 2735 (80)
1187 2700 1273 2731 Οἵων,
1300 2704 1352 2727 etc.
1375 2699 1434 2726 Bill.
1457 2707 1493 2735 2»!
1512 2697 1609 2735 quibus
1635 2695 1802 2735 ornamentis
1828 2696 1859 2721 al

1074 2731 1304 2768 inilio'praeditus.
1319 2739 1346 2761 et
1361 2734 1387 2761 in
1403 2733 1474 2768 quod
1487 2731 1625 2766 exetuplar
1638 2731 1755 2768 intuens,
1776 2739 1784 2756 ι
1806 2734 1862 2757 etc.

1109 2766 1175 2804 (81)
1188 2766 1440 2803 Ὑπερηκόντισεὺ.
1451 2767 1497 2795 0r.
1512 2768 1539 2800 2,
1552 2766 1764 2804 ὑλπερκόντησεν.

1108 2802 1164 2838 (82)
1185 2802 1372 2837 Προσθεῖναι.
1387 2805 1433 2832 0r.
1447 2804 1474 2835 2,
1491 2802 1651 2838 προσθῆναι.

1109 2837 1164 2874 (85)
1184 2838 1331 2873 Καθάπερ.
1348 2839 1376 2865 1η
1393 2839 1562 2874 quibusdam,
1575 2837 1623 2867 ὼς.

1111 2869 1168 2908 (84')
1191 2874 1230 2901 "H
1253 2869 1356 2902 καίτὰ
1375 2869 1505 2908 σῶματα.
1527 2872 1554 2899 ln
1581 2871 1725 2904 nonnullis,
1754 2869 1770 2905 ἧ
1790 2870 1864 2896 κατό

1075 2918 1198 2944 σωματα.
