2013 3134
195 184 249 214 507

777 185 806 213 S.
828 185 991 214 GREGORII
1011 187 1182 215 TllEOLOGl

1763 186 1813 214 508

197 245 297 271 tionem
323 243 449 275 fecimus,
463 241 597 277 primitias
615 240 724 267 laudum
742 241 930 275 persolvimus,
948 242 981 268 ad

1043 250 1076 268 Ion
1097 242 1189 276 φωνῆς
1215 242 1315 268 ἐκεῖνον
1345 240 1575 276 ἐγκωμιάζουσιν.
1611 241 1639 266 ’0
1667 239 1720 275 γὰρ
1736 241 1816 273 αὐτὸς

197 290 283 322 ipsum
297 288 353 322 jam
369 288 520 315 oralionem
533 285 715 317 conferamus,
732 289 782 312 hoc
795 291 896 313 tantum
912 294 979 320 prze-

197 333 256 366 fati,
274 334 344 367 quod
365 333 499 360 nemiuem
523 331 581 359 fore
597 336 672 366 puto,
686 331 731 365 qui
747 339 798 358 non
814 332 954 359 verissime
966 339 981 359 a

198 387 240 406 mc
253 379 304 405 dici
319 378 465 410 existimet,
482 377 527 411 qui
541 378 620 403 modo
643 376 718 402 illum
736 377 851 409 noverit,
865 377 941 404 nobis
955 377 980 404 in

198 435 232 454 eo
250 427 383 453 laudando
408 431 489 460 atque
507 425 628 452 ornando
655 425 709 451 sola
738 425 821 459 ipsius
840 432 904 451 voce
917 432 983 459 opus

199 479 269 498 esse.
288 470 359 496 ΙιΙιῚιι
379 470 450 497 enim
467 470 534 503 ipse,
552 473 578 496 et
592 468 729 502 splendida
749 472 791 494 est
810 467 922 494 materia
939 467 982 498 iis,

199 518 245 552 qui
271 515 433 542 laudationis
458 522 556 542 munus
577 513 781 548 aggrediuntur,
793 518 821 540 et
842 513 917 540 solus
935 520 983 544 pro

201 562 299 589 eximia
314 569 362 588 sua
379 561 484 588 dicendi
510 559 637 586 facultate
661 558 724 585 huic
739 559 858 586 materiae
875 566 933 592 par.
950 558 984 585 At

202 606 410 642 pulchritudinis
427 606 547 640 quidem,
568 610 595 632 et
610 604 727 636 roboris,
743 609 770 631 et
793 603 984 639 magnitudinis

202 654 324 684 laudent,
348 652 446 686 quibus
463 652 607 686 plerosque
629 651 754 678 delectari
776 650 923 685 conspicio,
939 657 986 675 vo-

203 699 322 726 lentibus
345 698 544 732 relinquemus;
560 705 611 725 non
633 696 743 731 quodin
763 696 805 723 his
826 696 907 722 etiam
921 703 988 730 quo-

204 752 284 779 quam
305 751 409 776 eorum,
427 743 472 777 qui
497 751 540 770 res
562 749 658 777 parvas
675 742 701 768 in
722 742 808 776 pretio
835 742 944 773 habent,
962 747 989 768 et

205 790 277 817 circa
299 797 397 824 corpus
412 789 575 820 volutantur,
593 788 706 814 inferior
721 791 804 818 esset,
818 795 880 814 cum
901 788 989 814 adhuc

205 839 284 862 aetate
306 834 423 865 ﬂoreret,
443 841 474 860 ac
491 833 607 860 nonduin
631 832 800 866 philosophia
817 839 926 859 carnem
943 833 990 859 do-

1033 287 1159 318 ὑπόῢεσίς
1175 295 1205 313 τε
1231 287 1344 322 λαμπρὰ
1372 288 1428 318 τοῖς
1454 286 1604 317 ἐπαινοῦσι,
1622 287 1668 313 καὶ
1682 287 1762 321 μόνος
1782 289 1814 322 τῇ

1033 332 1080 359 τοῦ
1105 332 1184 367 λόγου
1201 333 1314 367 δυνάμει
1341 332 1390 366 τῆς
1410 331 1565 363 ὑποθέσεως
1587 332 1668 364 ἄξιος.
1695 333 1816 364 uno»;

1036 378 1085 413 μὲν
1099 378 1141 413 δὴ,
1155 378 1200 404 καὶ
1219 376 1324 412 ῥώμης,
1340 377 1387 403 καὶ
1399 377 1540 412 μεγέθους,
1551 374 1592 408 οἷς
1608 378 1670 408 τοὺς
1685 377 1741 412 (97)
1755 377 1816 404 πολ-

1035 424 1097 455 λοὺς
1114 423 1170 459 ὁρῶ
1182 423 1336 458 χαίροντας,
1351 424 1407 453 τοῖς
1426 422 1596 457 βουλομένοις
1624 423 1818 457 παραχωρήσο-

1038 476 1087 502 μεν
1100 467 1155 503 (98)
1166 475 1172 482 ·
1182 467 1230 502 οὐχ
1241 467 1282 493 ὅτι
1296 467 1345 493 κὰν
1358 466 1462 497 τούτοις
1480 466 1588 492 ἔλαττόν
1601 475 1673 497 τινος
1685 467 1817 500 ἠνέγκατο

1036 512 1089 538 τῶν
1108 512 1287 547 μικρολόγων,
1305 512 1352 538 καὶ
1368 512 1432 546 περὶ
1445 510 1475 537 τὸ
1493 510 1572 546 σῶμα
1593 510 1816 545 καλινδουμένων,

1037 559 1089 590 ἕως
1110 556 1144 593 ἦν
1170 558 1209 584 ἔτι
1234 558 1302 590 νέος,
1325 559 1372 584 καὶ
1386 557 1462 584 οὖπω
1479 557 1621 593 φιλοσοφία
1642 558 1695 583 τῶν
1713 557 1819 593 σαρκῶν

1037 603 1253 639 κατεκράτησεν-
1271 603 1328 629 ἀλλ’
1342 603 1385 630 ἵνα
1402 603 1438 638 μὴ
1451 603 1547 629 ταυτὸν
1561 603 1616 639 (99)
1631 603 1709 630 πάοω
1721 603 1820 637 (1)τοῖς

1036 649 1223 685 ἀπειροτέροις
1240 649 1293 675 τῶν
1309 649 1444 684 ἀθλητῶν,
1458 649 1482 675 οἳ
1498 650 1546 684 τὴν
1561 650 1635 684 ἰσχὺν
1648 650 1677 675 ἐν
1690 650 1744 680 τοῖς
1760 649 1820 684 είκῆ

1037 695 1226 730 παλαιομένοις
1240 695 1278 729 (2)
1295 695 1341 722 καὶ
1360 695 1508 731 παρέργοις
1524 694 1689 726 κενώσαντες
1701 714 1709 728 ,
1725 695 1821 729 ἥττους

1038 742 1066 767 ὲν
1082 742 1138 772 τοῖς
1154 742 1271 776 καιρίοις
1285 741 1466 777 εὑρίσκονται,
1480 741 1527 768 καὶ
1540 743 1595 772 τοῖς
1612 741 1640 774 ἐξ
1652 738 1689 768 ὦν
1700 741 1730 767 τὺ
1745 741 1822 775 νικᾷν

1039 787 1165 821 ὑπάρχει,
1180 787 1226 812 καὶ
1238 786 1400 820 στεφανίτας
1417 786 1640 824 ἀναγορεύεσθαι.
1654 787 1687 812 "A
1703 786 1729 812 δὲ
1745 786 1822 812 οὐδα-

1041 832 1098 867 μῶς
1116 832 1153 867 (5)
1165 832 1198 858 ἂν
1215 831 1299 858 εἰπὼν
1315 830 1391 866 οἶμαι
1403 832 1529 867 περιττὸς
1542 832 1580 866 (ιι)
1591 831 1686 863 δόξειν,
1700 831 1759 858 οὐδὲ
1770 831 1821 864 ἔξω

207 878 335 910 nmissel;
354 878 400 905 sed
423 885 457 904 ne
476 878 546 904 idem
568 877 656 908 nobis,
685 876 755 910 quod
780 877 990 911 imperitioribus

1043 876 1087 904 τοῦ
1104 878 1205 904 σκοποῦ
1225 877 1329 912 βάλλειν
1348 878 1394 904 τὸν
1407 878 1495 911 λόγον,
1513 877 1588 904 ταῦτ’
1607 878 1792 912 ἐπαινέσομαι.

207 923 323 953 athletis,
337 932 386 950 usu
405 924 504 956 veniat,
518 923 574 957 qui,
592 924 710 958 profusis
730 923 757 950 in
773 931 839 950 vana
865 924 1028 959 minimeque
1060 926 1211 952 necessaria
1245 926 1433 963 colluctatione
1464 926 1576 958 viribus,
1589 926 1615 952 in
1640 925 1719 953 seriis
1732 931 1821 960 postea

207 971 414 1002 certaminibus,
433 970 530 1004 quibus
551 970 663 996 victoria
686 975 868 1004 comparatur,
882 978 913 998 ac
924 972 1054 1005 przeconis
1069 979 1134 999 voce
1152 972 1269 1006 cuipiam
1302 980 1400 999 corona
1439 972 1575 1004 tribuitur,
1607 972 1748 999 inferiores
1779 980 1822 999 re-

206 1019 356 1053 Ροτῖυηιυτ-
375 1018 412 1045 Ea
438 1025 514 1050 νεῖον
535 1025 594 1052 quae
614 1026 664 1045 nec
685 1018 757 1046 dictu
780 1020 913 1054 Supertlua
960 1028 1008 1049 nec
1027 1021 1061 1048 ab
1097 1023 1228 1048 orationis
1251 1029 1332 1056 scopo
1355 1021 1442 1048 aliena
1462 1019 1518 1046 fore
1536 1019 1670 1051 videntur,
1691 1018 1822 1044 laudanda

208 1072 365 1099 suscipiam.

243 1111 287 1137 XI.
305 1110 370 1138 Illud
383 1114 473 1137 autem
485 1110 555 1137 inter
566 1117 660 1138 omnes
671 1118 743 1138 sana:
757 1111 854 1138 mentis
870 1112 991 1139 homines

206 1162 332 1184 constare
347 1156 474 1188 arbitror,
492 1156 670 1184 eruditionem
692 1157 762 1184 inter
781 1157 898 1185 humana
919 1157 990 1184 bona

208 1202 357 1236 principem
381 1202 468 1229 locum
493 1206 602 1235 tenere;
619 1210 671 1229 non
694 1202 726 1229 de
738 1203 788 1230 hac
804 1208 893 1230 nostra
906 1203 992 1229 solum

209 1255 241 1275 ac
257 1247 388 1274 nobiliore
408 1247 511 1282 loquor,
528 1255 598 1281 quae,
623 1251 779 1280 contempto
797 1249 869 1279 omni
891 1255 993 1275 sermo-

209 1294 252 1320 nis
277 1293 368 1326 lepore
391 1297 471 1327 atque
496 1297 604 1325 ornatu,
635 1293 714 1320 saluti
734 1294 791 1324 uni,
806 1299 886 1328 atque
899 1302 993 1321 earum

211 1346 312 1370 rerum,
323 1346 384 1373 qua:
398 1339 502 1365 ratione
517 1344 596 1373 atque
610 1340 700 1366 animo
711 1340 903 1373 intelliguntur,
913 1340 995 1375 778

210 1384 401 1418 pulchritudini
419 1384 570 1412 arctisisime
581 1385 680 1417 haeret;
698 1385 744 1412 sed
759 1386 840 1412 etiam
856 1386 889 1412 de
904 1391 995 1412 exter-

211 1437 256 1461 na,
276 1437 355 1464 quant
378 1430 498 1464 plerique
514 1429 671 1461 Christiani,
688 1437 770 1464 pravo
792 1431 908 1464 quodam
922 1430 994 1464 judi—

210 1477 265 1506 cio,
280 1480 308 1502 ut
327 1475 482 1502 insid'wsam
499 1480 525 1501 et
539 1475 730 1509 periculosam,
747 1483 779 1502 ac
793 1475 885 1509 procul
907 1483 922 1501 a
940 1475 994 1503 Deo

212 1525 387 1553 avertentem,
403 1525 591 1554 aspernantur.
605 1520 834 1552 Quemadmodum
854 1521 924 1547 enim
937 1529 993 1549 cors

212 1566 278 1598 lum,
295 1571 405 1597 terram,
424 1572 526 1596 aerem,
553 1573 583 1592 ac
605 1574 718 1600 quaeque
740 1574 832 1592 eorum
851 1567 993 1600 complexu

213 1615 381 1643 coercentur,
403 1619 453 1636 non
480 1611 539 1637 ideo
561 1618 735 1638 contemnere
758 1611 906 1643 debemus,
932 1613 994 1645 quia

214 1656 333 1683 nonnulli
359 1656 489 1682 scelerate
509 1662 680 1690 acceperunt,
698 1664 745 1690 pro
764 1657 817 1683 Deo
831 1664 860 1683 ea
876 1664 934 1691 quae
947 1657 995 1684 Dei

213 1706 276 1728 Sunt
306 1707 485 1733 venerantes;
508 1703 572 1736 quin
599 1701 696 1734 potius,
722 1702 863 1735 quidquid,
889 1706 944 1728 tum
961 1701 994 1728 ad

1080 1113 1131 1139 IA’.
1144 1110 1227 1147 Οἶμαι
1241 1112 1270 1138 δὲ
1285 1113 1366 1138 πᾶσιν
1378 1110 1598 1146 ἀνωμολογῆσθαι
1610 1109 1647 1145 (5)
1658 1109 1703 1136 τὸν
1713 1108 1777 1135 νοῦν
1787 1107 1823 1144 (6)

1045 1158 1171 1193 ἑχόντων,
1191 1157 1331 1183 παίδευσιν
1347 1156 1402 1182 τῶν
1421 1157 1485 1192 παρ’
1505 1157 1570 1191 ἡμῖν
1588 1154 1697 1188 ἀγαθῶν
1713 1151 1782 1180 εἶναι
1796 1153 1825 1179 τὸ

1044 1203 1151 1238 πρῶτον
1162 1210 1168 1217 ·
1185 1203 1215 1230 οὐ
1233 1203 1334 1237 ταύτην
1350 1202 1432 1237 μόνην
1445 1201 1483 1235 (7)
1496 1202 1545 1235 τὴν
1562 1199 1766 1235 εὐγενεστέραν,
1781 1198 1824 1225 καὶ

1042 1249 1191 1284 ἡμετέραν,
1202 1248 1219 1283 ἢ
1236 1250 1290 1274 πᾶν
1303 1247 1339 1283 (8)
1353 1248 1383 1274 τὸ
1396 1248 1424 1274 ὲν
1441 1247 1531 1281 λόγοις
1547 1245 1650 1280 κομψὸν
1666 1245 1713 1271 καὶ
1729 1244 1826 1278 φιλότι-

1046 1303 1094 1330 μον
1109 1294 1293 1329 ἁτιμάξουσα,
1316 1294 1400 1328 μόνης
1425 1293 1516 1327 ἔχεται
1540 1291 1590 1326 τῆς
1612 1290 1764 1326 σωτηρίας,
1782 1290 1826 1316 καὶ

1043 1339 1089 1365 τοῦ
1107 1338 1220 1369 κάλλους
1238 1338 1291 1365 τῶν
1313 1337 1466 1372 νοουμένων
1477 1346 1483 1352 ·
1501 1337 1569 1363 ἀλλὰ
1586 1337 1633 1363 καὶ
1648 1337 1698 1372 τὴν
1719 1335 1825 1368 ἔξωθεν,

1044 1385 1077 1420 ἢν
1090 1386 1114 1411 οἱ
1128 1384 1219 1411 πολλοὶ
1232 1384 1400 1420 Χριστιανῶν
1416 1383 1453 1418 (9)
1469 1382 1651 1412 διαπτύουσιν,
1667 1382 1705 1412 ὡς
1721 1380 1826 1408 ἐπίϐου-

1044 1430 1090 1456 λον
1106 1430 1153 1456 καὶ
1171 1430 1306 1465 σφαλερὰν
1317 1449 1324 1461 ,
1342 1430 1388 1456 καὶ
1404 1428 1471 1455 Θεοῦ
1492 1429 1586 1464 mpero
1600 1427 1760 1463 βάλλουσαν,
1778 1435 1826 1453 κα-

1044 1475 1099 1507 κῶς
1110 1476 1218 1507 εἰδότες.
1234 1476 1340 1510 Ὥσπερ
1351 1475 1406 1511 γὰρ
1419 1475 1542 1510 οὐρανὸν,
1555 1475 1602 1501 καὶ
1613 1475 1673 1510 γῆν,
1691 1475 1739 1500 καὶ
1751 1474 1826 1509 ἀέρα,

1045 1522 1091 1548 καὶ
1104 1522 1152 1548 ὅσα
1163 1521 1275 1553 τούτων,
1289 1522 1338 1548 οὐκ
1351 1521 1444 1556 ἐπειδὴ
1458 1521 1551 1552 κακῶς
1561 1529 1633 1552 τινες
1647 1520 1828 1555 ὲξειλήφασιν,

1045 1566 1105 1593 ἀντὶ
1121 1566 1188 1593 Θεοῦ
1203 1567 1237 1593 τὰ
1251 1566 1299 1593 τοῦ
1316 1567 1383 1593 Θεοῦ
1401 1567 1536 1598 σέὗοντες,
1551 1566 1595 1592 διὰ
1606 1566 1685 1592 τοῦτο
1702 1573 1830 1601 περιφρο-

1046 1613 1138 1648 νητέον
1148 1621 1154 1628 ·
1170 1612 1226 1639 ἀλλ’
1240 1613 1300 1638 ὅσον
1312 1613 1445 1648 χρήσιμον
1458 1612 1546 1639 αὐτῶν
1563 1612 1747 1648 καρπούμενοι
1765 1612 1830 1647 πρὸς

1046 1666 1075 1683 τε
1093 1656 1165 1692 ζωὴν
1184 1657 1231 1683 καὶ
1246 1658 1410 1690 ἀπόλαυσιν,
1425 1658 1487 1684 ὅσον
1503 1657 1671 1684 ἐπικίνδυνον
1687 1658 1829 1692 διαφεύγο-

1048 1711 1097 1737 μεν
1109 1703 1174 1738 (10)·
1188 1704 1216 1729 οὺ
1230 1703 1267 1738 τῷ
1280 1704 1382 1739 Κτίστῃ
1395 1704 1443 1739 τὴν
1457 1704 1545 1730 κτίσιν
1559 1704 1750 1735 ὲπανιστάντες
1763 1704 1831 1730 κατὰ

215 1747 308 1778 vitam,
324 1750 378 1772 tum
394 1747 426 1772 ad
441 1747 523 1772 animi
539 1746 746 1772 oblectationem
759 1747 817 1772 usui
833 1751 884 1778 cst,
903 1747 991 1773 decer-

1046 1749 1108 1781 τοὺς
1118 1750 1247 1784 ἄφρονας,
1265 1750 1321 1776 ἀλλ’
1338 1751 1370 1776 ὲκ
1386 1749 1440 1776 τῶν
1457 1751 1707 1786 δημιουργημάτων
1723 1751 1767 1777 τὸν
1778 1752 1830 1786 Δη-

215 1792 457 1826 pentes,quidquid
473 1792 653 1826 periculosum
668 1796 718 1823 est,
735 1791 865 1826 fugimus;
881 1800 933 1818 non
952 1800 994 1818 res

215 1842 320 1864 creatas
335 1838 466 1864 adversus
479 1838 650 1870 Creatorem,
667 1843 695 1864 ut
708 1837 781 1865 stulti
801 1837 913 1870 faciunt,
933 1845 996 1864 eon-

214 1884 339 1915 citantes,
363 1883 409 1910 sed
433 1891 466 1910 ex
487 1883 567 1910 rebus
587 1884 701 1910 conditis
726 1883 898 1910 Conditorem
916 1891 997 1917 agno-

215 1929 363 1962 scentes”,
385 1933 466 1962 atque
488 1937 596 1956 omnem
622 1929 798 1960 intellectum,
823 1933 852 1956 ut
876 1929 996 1964 Apostoli

215 1975 305 2002 verbis
333 1975 432 2007 utar“,
464 1974 573 2002 Christo
611 1975 745 2009 captivum
788 1975 994 2002 submittentes:

216 2021 438 2054 quemadmodum
463 2022 582 2055 insuper,
609 2029 658 2048 nec
678 2022 758 2056 ignis,
774 2028 824 2048 nec
847 2021 935 2052 cibus,
949 2027 997 2048 nec

218 2065 329 2098 ferrum,
344 2074 392 2093 nec
407 2075 449 2093 res
459 2067 509 2093 ulla
523 2067 574 2094 alia
589 2072 683 2101 suapte
701 2072 808 2099 natura.
823 2067 864 2094 vel
880 2066 998 2094 maxime

217 2111 291 2138 utilis
319 2117 370 2144 est,
393 2113 434 2139 vel
458 2113 573 2139 maxime
599 2113 690 2146 noxia,
717 2120 810 2139 verum
835 2118 864 2139 ut
892 2113 936 2145 iis,
953 2111 998 2146 qui

217 2161 338 2190 utuntur,
371 2158 475 2192 placet;
501 2163 581 2192 atque
605 2159 672 2185 adeo
699 2165 713 2184 e
740 2158 881 2193 reptilibus
907 2157 999 2184 bestiis

216 2202 348 2236 quasdam
367 2203 499 2230 interdum
517 2198 680 2230 salutaribus
695 2203 896 2230 medicamentis
910 2203 997 2230 admi-

216 2254 323 2275 scemus
339 2256 346 2274 :
359 2248 452 2275 eodem
464 2255 513 2275 nos
528 2255 634 2283 quoque
653 2249 732 2276 modo
747 2256 779 2276 ex
792 2248 891 2276 litteris
907 2249 958 2276 illis
970 2254 997 2276 et

1049 1794 1176 1829 μιουργδν
1202 1794 1470 1830 καταλαμϐάνοντες,
1489 1796 1552 1828 καὶ,
1574 1796 1588 1822 ὃ
1616 1804 1698 1831 φησιν
1722 1796 1736 1822 6
1763 1795 1832 1827 Θείος

1051 1839 1221 1871 Ἀπόστολος,
1236 1840 1481 1875 αἰχμαλωτίζοντες
1491 1842 1545 1868 πᾶν
1558 1842 1646 1877 νόημα
1657 1843 1697 1874 είς
1707 1843 1832 1878 Χριστόν-

1044 1885 1082 1917 ὠς
1096 1886 1124 1912 δὲ
1140 1887 1184 1912 καί
1199 1887 1295 1921 πυρὸς,
1314 1888 1360 1914 καὶ
1374 1888 1487 1923 τροφῆς,
1504 1889 1550 1915 καὶ
1567 1888 1676 1924 σιδήρου
1687 1910 1695 1921 ,
1711 1889 1758 1915 καὶ
1779 1888 1832 1914 τῶν

1045 1931 1143 1964 ἄλλων,
1160 1932 1236 1959 οὐδὲν
1247 1933 1306 1959 καθ’
1319 1933 1398 1960 ἑαυτὸ
1413 1933 1621 1969 χρησιμώτατον
1637 1935 1725 1969 ῐσμεν,
1740 1935 1756 1969 ἦ
1771 1934 1833 1970 βλα-

1046 1976 1208 2012 ϐερώτατον,
1228 1978 1285 2005 ἀλλ’
1301 1979 1374 2010 ὅπως
1392 1979 1425 2005 ἂν
1445 1979 1510 2014 δοκῇ
1526 1981 1582 2011 τοῖς
1597 1980 1749 2015 χρωμένοις
1766 1981 1830 2015 (il)-

1046 2021 1095 2057 ἤδη
1111 2022 1138 2048 δὲ
1151 2022 1197 2048 καὶ
1210 2022 1263 2049 τῶν
1278 2024 1450 2059 ἑρπυστικῶν
1465 2025 1519 2059 (12)
1536 2025 1638 2061 θηρίων
1651 2025 1734 2057 ἐστιν,
1750 2027 1767 2052 ἃ
1778 2027 1833 2057 τοῖς

1049 2067 1117 2103 πρὸς
1149 2069 1285 2105 σωτηρίαν
1315 2071 1470 2106 φαρμάκοις
1497 2072 1736 2107 συνεκεράσαμεν·
1763 2072 1832 2099 οὕτω

1048 2114 1094 2140 καὶ
1109 2114 1165 2149 (15)
1183 2116 1295 2147 τούτων,
1317 2117 1346 2143 τὸ
1364 2117 1413 2152 μὲν
1435 2117 1606 2150 ἐξεταστικὸν
1622 2127 1651 2145 τε
1667 2119 1713 2144 καὶ
1730 2118 1833 2154 θεωρη-

1047 2159 1133 2190 τικὸν,
1151 2159 1318 2194 ἐδεξάμεθα·
1337 2162 1399 2188 ὅσον
1416 2161 1444 2188 δὲ
1460 2162 1501 2192 εἰς
1519 2162 1650 2197 δαίμονας
1670 2163 1764 2198 φέρει,
1787 2163 1834 2189 καὶ

1050 2204 1163 2240 πλάνην,
1181 2207 1227 2232 καὶ
1246 2207 1383 2237 ἀπωλείας
1401 2207 1497 2242 βυθὸν.
1515 2208 1699 2245 διετετύσαμεν
1710 2217 1717 2223 ⁸
1734 2209 1773 2236 ὅτι
1795 2209 1833 2245 μὴ

1048 2251 1103 2277 κάκ
1116 2251 1217 2278 τούτων
1233 2253 1300 2288 πρὸς
1314 2253 1466 2280 θεοσέϐειαν
1479 2255 1641 2290 ὼφελήμεθα
1658 2254 1726 2290 (ﬂ),
1742 2255 1773 2282 ὲκ
1787 2255 1833 2281 τοῦ

216 2293 374 2328 disciplinis,
389 2293 416 2320 id
433 2301 508 2327 sane,
523 2293 594 2327 quod
622 2293 649 2320 in
670 2293 830 2327 inquirenda
846 2301 935 2320 rerum
948 2301 991 2320 na-

1050 2296 1170 2332 χείρονος
1199 2297 1230 2324 τὸ
1256 2300 1377 2334 κρεῖττον
1399 2300 1604 2336 καταμαθόντες
1627 2301 1694 2337 (15),
1720 2301 1766 2327 καὶ
1785 2301 1833 2336 τὴν

251 2349 275 2366 ’⁸
293 2349 357 2384 Sap.
371 2357 431 2382 χιιι,
449 2349 476 2376 5.
513 2349 536 2365 ’¹
555 2349 573 2377 ll
589 2350 652 2376 Cor.
671 2358 696 2383 ι,
711 2350 738 2377 5.

253 2407 309 2444 (97)
324 2406 379 2444 οῖςγ
388 2408 467 2441 τούς.
488 2408 533 2435 Sic
553 2408 636 2444 Κείς.
653 2416 680 2439 a.
700 2416 726 2441 c,
743 2408 771 2441 d,
786 2408 842 2440 bm,
857 2411 903 2444 ph,
921 2407 968 2436 0r.
983 2408 1001 2436 2

217 2448 245 2471 et
258 2443 350 2470 Comb.
368 2443 451 2470 Prave
466 2444 492 2470 in
509 2444 552 2471 ed.
566 2443 640 2474 Pan,
656 2444 697 2470 ὅτι
711 2443 783 2475 τούς.

237 2477 592 2548 ἡξειῂεξαραχωρήσομεν.
610 2478 694 2514 llcgg.
708 2480 753 2506 bm
770 2483 797 2506 et
810 2479 854 2513 ph,
870 2487 1001 2514 παραχω-

273 2522 294 2538 ω
350 2532 357 2540 .

257 2521 357 2540 σωμεν.

219 2522 294 2549 ρησω
319 2522 357 2540 εν.

254 2522 317 2584 (99)l
325 2547 374 2584 illi;
387 2548 511 2584 mutor.
524 2547 672 2584 Sicrllcgg.
688 2556 714 2581 a,
732 2556 756 2581 c,
771 2550 797 2581 tl,
817 2549 862 2584 ph,
886 2548 968 2577 Coisl.
988 2550 1000 2576 1

218 2587 245 2609 el.
260 2582 307 2618 Or.
322 2583 355 2618 2.7
366 2583 391 2609 In
409 2584 463 2618 «ιιι,
480 2583 541 2618 μήτ’
555 2583 645 2609 αὐτόν.

253 2617 292 2649 (1)
313 2617 407 2644 Πάθω.
423 2617 551 2649 (Σοίιέιξίὶ,
571 2618 711 2652 πάθωμεν.

253 2652 292 2690 (ἓ)
310 2653 532 2690 {Toletum-irai?
551 2653 585 2690 In
597 2654 739 2690 nonnullis,
754 2655 968 2690 παιιαιουμένοις.

315 2688 351 2725 "_A
366 2687 398 2712 δὲ
407 2687 553 2725 οιξιδᾳμῶς.
568 2687 615 2725 Or.
630 2689 662 2725 f2,
675 2687 688 2713 ὃ
741 2687 876 2725 οὐδαμῶςξ

256 2722 294 2756 (4)
310 2723 457 2756 Περιττός.
475 2723 540 2757 Heg.
554 2724 587 2755 ph
604 2723 685 2755 addit,
698 2721 776 2752 εἶναι.

314 2756 588 2795 ΔῙΑγωμολοἶ-ῆιζθαιέ.
618 2757 673 2795 S_ic_
689 2764 760 2786 recte
791 2767 860 2788 unus
885 2761 948 2795 Reg.
978 2764 1004 2787 et

221 2790 302 2832 ϐοῇ-1.
356 2791 383 2817 lu
400 2792 453 2832 et)”
472 2791 504 2832 ἂν
518 2791 718 2832 ιῦμολοςίῆσῦαι.

257 2826 295 2858 (Gl
316 2826 370 2852 Τὸν
380 2826 463 2852 νοῦν.
482 2826 526 2853 0r.
543 2827 570 2859 ‘2,
583 2827 635 2852 τῶν
646 2827 715 2853 νοῦν.

258 2861 296 2895 (Τ)
314 2861 426 2894 Μάνην.
444 2861 489 2888 0r.
508 2861 534 2895 2,
556 2862 643 2896 μόνον.

1087 2410 1125 2446 (8)
1148 2411 1318 2446 'Hyerépar,
1334 2411 1354 2445 ἡ
1373 2410 1444 2438 πᾶν.
1471 2410 1516 2438 Sic
1542 2412 1594 2439 duo
1619 2411 1700 2445 Regg.
1730 2416 1757 2438 et
1781 2411 1832 2438 duo

1049 2445 1133 2483 (Ξοίείἵ
1162 2445 1191 2473 In
1216 2447 1363 2483 nonnullis,
1391 2446 1536 2483 ἡμετέραν,
1559 2447 1619 2482 ἥτις
1645 2448 1708 2474 πᾶν.
1727 2446 1754 2473 In
1777 2447 1832 2478 ed.,

1049 2481 1197 2517 ἡμετέραν,
1213 2481 1230 2516 ἢ
1243 2481 1308 2508 πᾶν.

1072 2515 1255 2556 _(9)'Ho.1.lol
1279 2516 1472 2550 Χριστιανῶν.
1500 2516 1527 2543 ln
1554 2516 1723 2550 quibusdam,
1741 2515 1832 2542 πολλοὶ

1051 2555 1116 2582 τῶν,
1132 2555 1183 2578 etc.

1087 2585 1142 2620 (10)
1158 2586 1367 2620 Διαφεύγομεν.
1393 2587 1438 2612 Sic
1456 2587 1574 2620 quinque
1595 2586 1691 2621 Regg.,
1710 2587 1755 2614 Or.
1770 2586 1787 2612 2
1803 2591 1832 2612 et

1053 2620 1146 2647 Conib.
1165 2621 1191 2646 ln
1203 2622 1257 2649 ed..
1273 2621 1473 2655 διαφεύγωμεν.

1091 2655 1146 2689 (11)
1164 2654 1339 2690 Χρωμένοιςέ.
1353 2654 1434 2683 ﬁcis].
1450 2656 1460 2682 1
1480 2661 1505 2681 et
1527 2655 1599 2682 Pass.
1619 2655 1729 2687 addunt,
1748 2654 1832 2686 οὕτως

1054 2690 1141 2722 ἔδοξεν
1151 2689 1232 2725 ἔχειν,
1247 2699 1256 2715 ι
1274 2692 1312 2717 sic
1327 2698 1355 2717 se
1372 2690 1494 2716 videntur
1510 2690 1616 2718 habere.
1635 2699 1643 2714 ι

1088 2725 1143 2758 (12)
1165 2724 1382 2759 ⁷Ερπυστικῶν.
1402 2725 1483 2759 [ἶνας.
1499 2726 1551 2760 bin.
1571 2726 1615 2758 ph,
1631 2724 1810 2760 ἐρπηστικὼν.

1088 2759 1143 2795 (15)
1165 2761 1245 2786 eam
1262 2760 1320 2786 καί.
1338 2761 1401 2793 Meg.
1420 2760 1464 2793 ph,
1477 2759 1547 2786 οὕτω
1561 2760 1590 2794 δὴ
1610 2761 1664 2786 καί.

1101 2794 1143 2827 id)
1167 2795 1358 2828 Ὠφελήμεθα.
1373 2795 1458 2826 Pass.,
1471 2794 1656 2829 ὼφελοὺμεθα.

1101 2797 1143 2827 id)
1167 2797 1358 2828 Ὠφελημεθα.
1373 2797 1458 2826 Pass.,
1471 2797 1656 2829 ὠφελούμεθα.

1088 2797 1144 2864 (15)
1162 2830 1392 2863 Καταμαυόντες.
1419 2829 1484 2864 Reg.
1498 2831 1551 2857 bin.
1570 2829 1828 2864 καταμανθάνοντες.

1053 2864 1098 2892 Or.
1115 2865 1141 2893 ‘2.
1157 2864 1417 2897 καταλαμϐάνοντες,
1436 2873 1444 2890 ι
1463 2865 1699 2896 deprebctnlcntes.
1716 2874 1725 2890 ι
