2013 3134
139 204 191 232 509

547 207 676 238 ORATIO
696 210 788 240 XLIII.
808 227 843 232 —
861 212 893 239 IN
913 208 1053 240 LAUDEKI
1079 208 1200 238 BASIL’II
1223 209 1340 238 IIIAGNI.

1723 215 1775 243 5!0

139 262 279 289 ἀσθένειαν
296 264 421 297 ἐκείνων,
446 266 523 301 ἰσχὺν
545 267 592 294 τοῦ
610 268 670 294 καθ’
689 270 763 304 ἡμᾶς
784 270 864 304 λόγου
882 280 932 297 πε·-

988 277 1045 299 tnra
1061 276 1092 300 et
1105 270 1332 304 contemplatione
1348 274 1482 303 versatur,
1501 271 1681 305 suscepimus;
1695 274 1775 305 quid-

140 309 376 359 ποιημένοιλμϐ).
395 311 500 338 Οὔκουν
514 313 678 347 ἀτιμαστέον
700 315 748 350 τὴν
775 316 926 349 παίδευσιν,

140 356 182 380 ὅτι
196 356 276 381 τοῦτο
291 356 367 382 δοκεῖ
381 365 451 383 τισιν
462 367 468 372 ·
484 358 552 384 ἀλλὰ
567 360 679 391 σκαιοὺς
691 361 739 386 καὶ
754 361 933 394 ἀπαιδεύτους

141 400 312 436 ὑποληπτέον
338 403 401 434 τοὺς
426 403 511 435 οὕτως
535 404 664 440 ἔχοντας,
693 407 719 432 οῖ
749 406 876 441 βούλοιντ’
900 408 933 434 ἂν

141 446 266 478 ἅπαντας
278 445 347 474 εἶναι
360 449 420 475 καθ’
436 450 559 482 ἑαυτοὺς,
581 451 613 479 ἵν’
631 453 660 479 ἐν
677 452 716 488 τῷ
731 453 813 489 κοινῷ
829 454 859 480 τὸ
873 455 932 480 κατ’

141 492 240 524 αὐτοὺς
257 493 429 529 κρύπτηται,
445 495 492 521 καὶ
514 497 577 527 τοὺς
594 497 643 532 τῆς
664 498 843 530 ἀπαιδευσίας
857 499 933 533 ἐλέγ-

142 546 204 572 χους
219 538 457 573 διαδιδράσκωσιν.
483 541 559 567 Ἐπεὶ
573 542 601 568 δὲ
618 542 696 570 τοῦτο
713 544 868 579 ὑπεθέμεθα
888 545 934 570 καὶ

141 583 421 620 ἀνωμολογησάμεθα,
443 586 521 621 φέρε,
535 586 570 613 τὰ
584 588 643 614 κατ’
659 588 739 616 αὑτὸν
756 589 812 626 (17)
827 589 932 626 θεωρή-

143 637 245 664 σωμεν.

986 318 1050 352 quid
1064 320 1158 345 autem
1181 316 1212 343 ad
1231 315 1377 349 daemones,
1399 322 1425 343 et
1442 323 1574 348 errorem,
1590 321 1617 344 et
1637 318 1710 345 exitii
1724 326 1774 345 vo-

987 364 1109 398 raginem
1131 361 1216 393 ducit,
1231 361 1394 396 respuimus.
1412 361 1466 389 Imo
1482 363 1564 390 etiam
1581 363 1614 391 ab
1629 371 1662 391 eo
1678 365 1710 391 ad
1730 365 1776 391 Dei

988 409 1090 435 cultum
1116 405 1202 440 adiuti
1231 413 1335 440 sumus,
1364 408 1491 434 nimirum
1519 417 1553 436 ex
1581 410 1719 442 deteriori,
1738 411 1775 442 id,

986 454 1058 488 quod
1081 451 1256 488 praestantius
1279 456 1330 485 est,
1346 458 1549 487 cognoscentes,
1568 458 1648 488 atque
1675 454 1777 480 doctri-

987 507 1048 526 nam
1058 503 1182 527 nostram
1197 497 1304 524 illorum
1318 497 1501 525 intbecillitate
1515 498 1666 526 lulcientes.
1678 499 1777 532 Quant-

986 547 1090 580 obrem,
1110 554 1165 573 non
1181 543 1281 571 idcirco
1301 544 1417 571 eruditio
1437 545 1632 572 contenmenda
1644 551 1694 578 est,
1706 546 1777 580 qnod

986 591 1023 617 ita
1043 591 1206 625 quibusdam
1223 588 1365 621 videatur;
1389 589 1453 623 quin
1473 589 1574 623 potius,
1595 589 1669 617 stulti
1698 595 1778 623 atque

985 636 1101 670 imperiti
1128 633 1246 664 habendi
1273 638 1344 666 sunt,
1365 634 1409 668 qui
1423 634 1475 661 hoc
1491 634 1658 667 existimant,
1672 635 1772 669 quique

142 682 236 726 omnes
249 675 290 702 sui
303 676 404 726 similes
417 685 477 704 esse
488 678 606 712 cupiant,
622 680 765 714 utprivata
798 687 892 708 eorum
931 681 1036 707 inscitia
1064 681 1113 708 sub
1150 679 1289 709 communi
1315 679 1434 711 deliteat,
1457 686 1506 706 nec
1532 680 1676 713 quisquam
1709 679 1779 713 ipso‘

148 727 207 747 rum
222 722 388 756 imperitiam
408 723 504 757 prodat
536 729 564 750 et
592 731 732 758 coarguat.
765 725 822 753 Hoc
843 726 926 761 igitur
959 726 1045 760 posito
1070 731 1150 760 atque
1179 733 1227 760 pro
1248 722 1373 753 confesso
1393 722 1496 756 habiw,
1512 731 1570 758 age,
1584 723 1677 751 Basilii
1693 724 1776 751 vitam

144 766 369 800 contemplemur.

178 812 228 838 IB'.
250 812 292 838 Τὰ
305 814 354 848 μὲν
367 813 399 850 δὴ
412 816 509 851 πρῶτα
520 817 570 851 τῆς
585 816 691 851 ἡλικίας
706 816 759 842 ὑπὸ
775 816 813 851 τῷ
825 817 934 852 μεγάλῳ

145 858 238 893 πατρὶ,
260 859 291 885 ὃν
308 860 396 886 κοινὸν
420 861 567 897 παιδευτὴν
589 862 689 897 ἀρετῆς
710 862 724 886 ὁ
741 862 839 894 Πόντος
859 870 935 897 τηνι-

145 904 231 931 καῦτα
245 906 431 941 προύϐάλλετο
441 927 448 939 ,
464 908 668 944 σπαργανοῦται
683 908 729 934 καὶ
741 907 934 936 διαπλάττεται

144 949 242 976 πλάσιν
264 951 321 986 (18)
345 951 395 986 τὴν
416 953 532 988 ἀρίστην
547 962 577 979 τε
599 953 647 980 xal.
665 952 875 989 καθαρωτάτην,
901 954 934 989 ἢν

146 995 276 1032 ἡμερινὴν
299 997 313 1023 ὁ
338 997 408 1030 θεῖος
429 998 512 1025 Δασὶδ
536 998 626 1030 καλῶς
650 998 795 1034 ὀνομάζει.
813 1000 860 1026 καὶ
884 1000 935 1035 τῆς

146 1041 305 1076 νυκτερινῆς
323 1042 469 1070 ἀντίθετον.
496 1043 564 1070 Ὑπὸ
583 1043 616 1079 δὴ
629 1042 730 1078 τούτῳ,
746 1044 793 1070 καὶ
817 1044 873 1079 βίον
889 1045 935 1071 καὶ

147 1085 221 1120 λόγον
237 1087 489 1124 συναυξανομένους
503 1098 531 1116 τε
547 1091 594 1117 καὶ
612 1091 785 1122 συνανιόντας
800 1091 932 1126 ἀλλήλοις.

146 1132 159 1158 ὁ
183 1133 337 1169 θαυμάσιος
361 1136 569 1164 ὲκπαιδεύεται·
594 1137 625 1164 οὗ
649 1137 812 1165 Θετταλικὸν
839 1147 865 1164 τι
889 1139 935 1165 καὶ

127 1180 130 1209 ζ
147 1178 230 1213 ὄρειον
245 1180 345 1215 ἄντρον
361 1181 453 1216 αὐχῶν
464 1202 471 1214 ,
489 1182 526 1213 ὡς
545 1182 648 1218 ἀρετῆς
667 1184 857 1219 ἐργαστήριον,
875 1183 936 1210 οὐδέ

125 1220 131 1246 ἲ
148 1233 204 1251 τινα
227 1225 386 1261 Κένταυρον
402 1227 456 1262 (l9)
477 1228 596 1259 ἀλαζόνα
621 1228 676 1255 τῶν
694 1230 752 1255 κατ’
773 1229 853 1256 αὑτὸν
878 1229 934 1264 (‘20)

148 1271 241 1305 ἡρώων
253 1272 427 1304 διδάσκαλον,
440 1274 500 1300 οὐδὲ
512 1274 623 1306 πτῶκας
643 1274 760 1310 βάλλειν,
771 1275 788 1309 ἢ
801 1276 934 1310 κατατρέ-

113 1326 118 1358 έ
149 1324 203 1350 χειν
214 1316 330 1352 νεϐρῶν,
348 1317 364 1352 ἢ
383 1317 510 1354 θηρεύειν
525 1318 641 1352 ἐλάφους
658 1320 704 1346 ὑπ’
717 1319 798 1346 αὑτοῦ
813 1320 936 1347 διδασκό-

107 1364 114 1401 l
151 1369 236 1395 μενος,
251 1362 267 1397 ἢ
281 1362 317 1388 τὰ
326 1362 461 1398 πολεμικὰ
475 1363 620 1398 κράτιστος
632 1361 711 1396 εἶναι,
723 1364 739 1399 ἢ
751 1363 936 1399 πωλοδαμνεῖν

105 1404 110 1429 λ’
150 1405 255 1442 ἄριστα,
270 1406 313 1442 τῷ
331 1408 405 1443 αὐτῷ
419 1407 501 1443 πώλῳ
515 1409 562 1435 καὶ
582 1409 734 1444 διδασκάλῳ
749 1409 905 1444 χρώμενος,
919 1409 935 1444 ἢ

153 1452 255 1486 μυελοῖς
268 1453 377 1488 ἐλάφων
394 1463 424 1480 τε
444 1455 491 1480 καὶ
502 1455 618 1481 λεόντων
631 1457 686 1487 τοῖς
703 1455 827 1489 μυθικοῖς
841 1456 936 1491 ἐκτρε-

152 1498 277 1534 φόμενος·
299 1499 368 1526 ἀλλὰ
384 1501 434 1535 τὴν
454 1501 598 1535 ἐγκύκλιον
616 1501 754 1528 παίδευσιν
774 1501 936 1536 παιδευόμε-

152 1552 202 1576 νος,
228 1546 274 1572 καὶ
296 1545 454 1572 θεοσέϐειαν
474 1545 692 1581 ἐξασκούμενος,
714 1547 775 1578 καὶ,
801 1547 936 1573 συνελόντι

1028 813 1082 840 XII.
1101 813 1189 840 Prima
1214 812 1295 848 igitur
1312 814 1393 840 aetate
1410 809 1465 838 sub
1481 817 1578 845 magno
1596 814 1682 844 patre,
1696 816 1776 844 quem

988 866 1161 887 communem
1177 859 1283 885 virtutis
1311 859 1470 893 magistrum
1492 863 1524 882 eo
1536 860 1656 889 tempore
1672 855 1775 882 Pontus

951 926 972 953 Β
988 905 1165 941 proponebat,
1189 905 1261 932 velut
1286 904 1379 931 fasciis
1399 902 1556 933 involvitur,
1572 906 1653 935 atque
1671 902 1774 936 optimo

989 951 1034 978 illo
1060 950 1259 985 purissimoque
1285 950 1422 984 ﬁgmento,
1452 946 1522 983 quod
1550 946 1632 973 David
1650 947 1775 974 diurnum

989 997 1100 1032 pulchre
1124 1000 1203 1023 vocat
1223 995 1259 1027 ",
1284 1001 1469 1030 nocturnoque
1501 992 1654 1028 oppositum
1674 992 1776 1027 ellingi-

988 1046 1042 1071 tur.
1054 1042 1110 1070 Sub
1125 1043 1175 1069 hoc
1193 1042 1283 1076 igitur,
1302 1047 1329 1068 et
1341 1041 1394 1068 vita
1415 1040 1504 1073 simul,
1520 1045 1546 1067 et
1559 1045 1683 1067 sermone
1705 1039 1777 1072 pari-

989 1092 1030 1114 ter
1052 1088 1267 1122 augescentibus,
1296 1091 1377 1121 atqne
1400 1087 1425 1113 in
1450 1087 1533 1113 altum
1560 1084 1775 1120 assurgentibus.

991 1134 1114 1169 egregius
1131 1131 1290 1159 adolescens
1309 1131 1447 1165 eruditur;
1466 1139 1519 1158 non
1542 1131 1728 1158 Thessalicum
1749 1134 1776 1156 et

990 1185 1146 1207 montanum
1173 1178 1254 1213 779
1270 1178 1404 1212 quoddam
1425 1182 1545 1210 antrum,
1561 1177 1637 1212 quasi
1661 1176 1774 1204 virtutis

990 1225 1110 1252 scholam
1135 1229 1163 1251 et
1189 1223 1341 1255 ollicinam,
1366 1223 1491 1257 iactans,
1523 1230 1573 1250 nec
1603 1228 1775 1257 arrogantem

990 1270 1131 1305 quemdam
1159 1269 1335 1302 Centaurum,
1362 1269 1473 1296 heroum
1501 1269 1542 1297 sui
1563 1270 1692 1303 temporis
1706 1275 1776 1302 pm-

990 1321 1138 1351 ceptorem,
1159 1323 1209 1342 nec
1226 1315 1260 1342 ab
1286 1322 1319 1342 eo
1344 1320 1429 1342 artem
1450 1315 1575 1349 percipit,
1597 1322 1649 1349 qua
1672 1314 1776 1348 lepores

990 1362 1096 1398 sagittis
1122 1361 1249 1397 conligat,
1270 1361 1311 1388 vel
1340 1360 1467 1388 hinnulos
1497 1368 1576 1388 cursu
1604 1360 1771 1394 insequatur,

993 1408 1035 1436 vel
1057 1415 1153 1435 cervos
1169 1413 1295 1439 venetur,
1309 1407 1351 1434 vel
1368 1407 1394 1434 in
1418 1407 1498 1434 rebus
1526 1406 1630 1433 bellicis
1645 1405 1768 1437 excellat,

990 1455 1032 1483 vel
1045 1455 1149 1482 feroces
1168 1462 1255 1489 equos
1267 1454 1369 1487 optime
1385 1453 1485 1485 domet,
1499 1453 1593 1480 eodem
1616 1452 1739 1479 videlicet
1750 1457 1776 1478 et

990 1508 1059 1535 equo
1072 1505 1149 1527 utens
1177 1504 1204 1527 et
1221 1499 1361 1534 magistro,
1378 1506 1427 1525 nec
1440 1497 1568 1524 fabulosis
1590 1504 1729 1524 cervorum
1745 1504 1777 1523 ac

992 1546 1099 1573 leonum
1116 1545 1240 1573 medullis
1253 1546 1388 1576 nutritur;
1405 1544 1452 1571 sed
1473 1543 1598 1570 liberales
1612 1547 1685 1569 artes
1697 1543 1775 1569 doce-

154 1590 247 1624 φάναι,
272 1592 343 1627 πρὸς
360 1591 408 1626 τὴν
427 1592 575 1626 μέλλουσαν
595 1592 748 1627 τελειότητα
768 1592 812 1619 διὰ
832 1592 885 1619 τῶν
908 1592 938 1625 ἐξ

992 1596 1046 1625 tur,
1063 1597 1144 1625 atque
1159 1591 1192 1618 ad
1209 1591 1255 1618 Dei
1273 1591 1372 1618 cultum
1387 1589 1527 1621 excolitur,
1546 1593 1582 1620 et,
1603 1593 1632 1615 ut
1647 1595 1699 1615 uno
1715 1595 1775 1613 Ver-

154 1636 234 1672 ἀρχῆς
252 1637 421 1672 μαθημάτων
434 1638 576 1674 ἀγόμενος.
594 1639 626 1664 Οἱ
643 1639 691 1673 μὲν
705 1638 769 1672 γὰρ,
787 1639 802 1673 ἢ
821 1639 876 1673 βίον
892 1639 939 1674 μό-

156 1691 198 1708 νον
210 1683 275 1718 (ει),
288 1683 304 1718 ἢ
320 1683 398 1717 λόγον
411 1683 635 1719 κατωρθωκότες,
647 1683 686 1718 τῷ
700 1684 785 1719 ἑτέρῳ
796 1684 824 1710 δὲ
837 1684 940 1711 λείπον-

154 1735 204 1759 τες.
223 1729 298 1761 οὐδὲν
322 1729 377 1755 τῶν
398 1729 608 1764 ὲτεροφϐάλμων
627 1730 689 1764 ἐμοὶ
706 1729 794 1756 δοκεῖν
810 1730 864 1766 (2‘2)
880 1730 938 1756 δια-

156 1773 286 1808 ςέρουσιν,
305 1771 347 1806 οἷς
373 1775 476 1810 μεγάλη
508 1776 556 1810 μὲν
580 1775 716 1810 ὴζημία,
743 1774 833 1810 μεῖζον
855 1775 884 1801 δὲ
908 1775 938 1802 τὸ

156 1816 241 1854 αἶσχος
259 1820 344 1855 δρῶσι
359 1820 406 1846 καὶ
427 1821 586 1856 ὁρωμένοις.
605 1818 652 1853 Οἷς
671 1821 699 1847 δὲ
722 1822 781 1847 κατ’
796 1821 938 1856 ἀμφότερα

156 1865 299 1900 εὐδοκιμεῖν
322 1866 439 1902 ὑπάρχει
451 1887 458 1899 ,
482 1867 529 1893 καὶ
550 1865 619 1894 εἶναι
637 1867 798 1902 περιδεξίοις
809 1887 816 1899 ,
833 1866 937 1899 τούτοις

157 1911 199 1936 καὶ
216 1911 245 1937 τὸ
258 1910 328 1939 εἶναι
351 1912 407 1947 (Ξὸ)
431 1913 554 1944 τελείοις,
578 1913 625 1939 καὶ
644 1911 774 1947 βιοτεύειν
799 1912 868 1948 μετὰ
888 1913 937 1947 τῆς

157 1956 251 1983 ἐκεῖθεν
269 1958 479 1994 μακαριότητος.
494 1959 583 1994 Ὅπερ
595 1956 640 1985 οὖν
656 1959 752 1993 ἐκείνῳ
766 1959 938 1994 συμϐέϐηκεν

158 2000 183 2028 εὖ
200 2004 288 2031 ποιοῦν
309 2005 367 2039 (‘24)
386 2004 492 2031 οἴκοθεν
506 2004 593 2040 ἔχοντι
618 2005 668 2040 τῆς
686 2006 786 2041 ἀρετῆς
808 2005 837 2031 τὸ
852 2005 939 2041 παρά-

158 2047 257 2084 δειγμα,
277 2049 347 2084 πρὸς
373 2049 386 2076 ὃ
413 2050 519 2084 βλέπων
535 2049 614 2081 εὐθὺς
637 2049 748 2085 ἄριστος
763 2047 808 2085 ἦν.
835 2050 938 2085 ’Ὠσπερ

158 2093 214 2125 τοὺς
231 2094 335 2126 πώλους
348 2095 394 2121 καὶ
408 2095 471 2127 τοὺς
486 2095 602 2130 μόσχους
623 2094 742 2130 ὁρῶμεν,
759 2095 827 2130 ὁμοῦ
844 2096 877 2129 τῇ
893 2103 938 2129 γε-

159 2137 223 2165 νέσει
238 2141 297 2172 ταῖς
319 2140 455 2175 μητράσιν
472 2140 575 2167 ἑαυτῶν
593 2141 833 2176 παρασκαίροντας
844 2149 851 2155 ·
869 2140 939 2167 οὕτω

159 2184 200 2210 καὶ
216 2186 294 2218 αὐτὸς
317 2186 360 2222 τῷ
382 2187 465 2222 πατρὶ
486 2186 631 2221 παραθέων
651 2186 766 2221 ἐγγύθεν
782 2187 811 2213 ὲν
828 2186 939 2221 πωλικῷ

159 2229 193 2264 τῷ
206 2233 373 2267 φρυάγματι,
391 2234 437 2259 καὶ
455 2232 510 2259 τῶν
529 2233 621 2268 ἄκρων
634 2233 684 2268 τῆς
700 2233 801 2268 ἀρετῆς
822 2232 939 2268 κινημά-

990 1639 1025 1665 bo
1048 1638 1223 1672 complectar,
1243 1644 1290 1672 per
1311 1637 1413 1671 primas
1433 1643 1465 1663 ac
1488 1635 1604 1670 pueriles
1621 1634 1778 1668 diseiplinas

990 1685 1023 1712 ad
1039 1684 1155 1711 futuram
1173 1683 1365 1718 perfectionem
1382 1682 1497 1709 ducitur.
1511 1680 1590 1711 Nam,
1609 1680 1654 1714 qni
1667 1678 1707 1706 vel
1726 1686 1772 1705 so-

991 1731 1031 1758 los
1047 1737 1147 1762 mores,
1165 1729 1206 1756 vel
1223 1729 1307 1756 solam
1324 1728 1473 1755 doctrinam
1500 1726 1637 1754 consecuti
1653 1729 1726 1756 sunt,
1741 1724 1776 1750 ab

989 1777 1073 1803 altera
1090 1783 1153 1803 vero
1173 1775 1344 1806 deseruntur,
1358 1774 1373 1800 ii
1386 1774 1448 1800 mihi
1461 1772 1529 1800 nihil
1543 1780 1558 1799 a
1571 1771 1652 1798 luscis
1668 1769 1776 1796 diﬂ‘crre

990 1823 1124 1855 videntur,
1142 1821 1240 1856 quibus
1248 1828 1308 1847 cum
1324 1827 1449 1853 magnum
1466 1817 1707 1848 detrimentumsit,
1723 1821 1776 1842 tum

989 1876 1054 1896 vero
1068 1868 1154 1903 major
1174 1867 1323 1903 turpitudo,
1354 1867 1410 1894 sive
1429 1865 1496 1892 alios
1522 1868 1642 1896 cernant,
1663 1863 1720 1889 sive
1742 1862 1776 1888 ab

989 1914 1048 1941 aliis
1065 1919 1219 1940 cernantur.
1237 1913 1272 1939 At
1286 1912 1383 1946 quibus
1403 1916 1518 1943 utraque
1537 1908 1615 1936 laude
1634 1907 1775 1938 excellere,

989 1967 1021 1987 ac
1035 1960 1106 1987 velut
1121 1959 1297 1986 ambidextris
1318 1965 1377 1984 esse
1388 1956 1511 1991 contigit,
1529 1955 1555 1982 hi
1571 1954 1696 1981 nimirum
1721 1961 1776 1979 om-

990 2005 1069 2032 nibus
1093 2004 1214 2031 numeris
1231 2002 1347 2030 absoluti
1364 2006 1437 2034 sunt,
1454 2009 1486 2027 ac
1507 2008 1567 2027 cum
1589 1999 1700 2026 alterius
1714 1997 1776 2024 vita:

989 2051 1156 2078 beatitudine
1177 2050 1259 2076 vitam
1282 2053 1374 2083 agunt.
1394 2047 1470 2081 Quod
1490 2046 1597 2080 quidem
1614 2045 1662 2077 illi,
1680 2048 1709 2070 ut
1727 2050 1777 2076 par

989 2100 1058 2128 erat,
1076 2094 1200 2130 contigit,
1217 2094 1315 2128 quippe
1332 2091 1378 2126 qui
1400 2091 1576 2118 domesticum
1593 2089 1703 2116 haberet
1718 2088 1775 2114 vir-

991 2141 1056 2168 tutis
1069 2140 1218 2175 exemplar,
1234 2140 1259 2166 in
1275 2139 1346 2174 quod
1369 2137 1508 2165 oculorum
1527 2136 1611 2163 aciem
1626 2135 1775 2166 intendens,

990 2186 1082 2213 statim
1112 2186 1230 2219 optimus
1249 2188 1317 2211 erat.
1341 2182 1375 2210 Et
1399 2181 1622 2217 quemadmodum
1645 2187 1776 2214 equorum

992 2231 1092 2266 pullos,
1109 2238 1141 2258 ac
1154 2230 1265 2263 vitulos,
1279 2228 1359 2257 simul
1373 2233 1452 2262 atque
1470 2228 1495 2254 in
1510 2227 1594 2254 lucem
1609 2226 1775 2261 prodierunt,

160 2282 217 2307 των,
233 2277 261 2303 οὺ
280 2277 424 2313 παραπολὺ
439 2277 617 2313 λειπόμενος”
637 2279 660 2304 εἰ
677 2277 767 2313 βούλει
782 2277 822 2310 δὲ,
837 2278 889 2305 κάν
902 2279 935 2314 τῇ

990 2278 1121 2306 matribus
1145 2278 1202 2306 suis
1226 2277 1358 2304 assultare
1380 2274 1578 2307 videmus;sic
1602 2273 1646 2300 ille
1671 2277 1775 2307 patrem

194 2329 215 2345 "
224 2329 291 2359 Psal.
306 2340 438 2367 cxxxvnl,
455 2333 499 2361 16.

189 2406 468 2457 ’ρξποιτμιέγομ
492 2408 558 2444 Reg.
589 2410 616 2442 d,
644 2408 834 2445 ποιησάμενοι,
858 2412 888 2437 et
904 2408 938 2437 ad

163 2449 240 2474 marg.
254 2448 281 2469 ut
298 2445 323 2470 in
342 2445 385 2470 ed.

169 2518 174 2519 γ
195 2477 304 2519 (nium
317 2479 382 2505 κατ’
396 2479 503 2519 accde.
515 2487 525 2504 ‹
542 2478 616 2506 Hanc
628 2479 706 2513 hujus
717 2479 779 2507 vita:
794 2483 910 2519 partem,
926 2488 936 2506 ι

165 2518 218 2546 qua:
240 2513 341 2549 litteras
364 2513 584 2549 etreruditionem
609 2519 722 2549 spectat,
740 2523 751 2540 ι
771 2513 938 2549 euntemple—

165 2553 231 2582 tnur.
244 2558 253 2572 ι
271 2547 371 2574 Etenim
388 2548 422 2575 de
435 2549 477 2575 his
487 2548 530 2575 hic
546 2547 642 2582 agitur.

197 2581 248 2622 (Ill)
261 2582 386 2622 ῌλάᾳιν,
399 2583 478 2622 quta
497 2581 629 2622 Nicetam,
645 2584 767 2618 perillud
785 2583 938 2622 figmentum

166 2615 319 2654 intelligitut:
338 2619 481 2652 baptisma,
508 2618 549 2645 vel
577 2615 665 2654 potius
691 2615 894 2654 moresfquod
912 2619 940 2645 Ii-

168 2657 293 2691 giitenlttni
306 2651 387 2691 David
406 2660 444 2687 ps.
453 2651 592 2691 canym,
604 2653 647 2685 16,
665 2662 674 2679 ι
687 2654 810 2691 diurnum
823 2651 937 2691 (vocat,

167 2687 251 2722 dict-ns
267 2694 273 2711 :
294 2696 302 2712 ι
319 2687 374 2719 Die,
392 2697 401 2713 ι
418 2688 460 2714 vel
476 2697 485 2713 ι
507 2696 553 2722 per
568 2689 648 2721 diem,
669 2698 677 2714 ι
695 2688 735 2715 vel
750 2698 759 2714 ι
781 2689 806 2715 in
821 2689 864 2716 die
886 2688 939 2714 for-

168 2720 311 2747 tuabunltlr.
326 2731 335 2746 ι
350 2723 394 2749 Sic
403 2723 473 2758 enim
486 2720 625 2756 legendum
637 2720 669 2751 ex
680 2723 773 2750 Graeco
782 2728 866 2755 textu,
876 2723 940 2758 ἡμέ-

169 2762 322 2798 psi-mntiri}
343 2758 398 2784 dies
415 2756 610 2798 formabuntur,
633 2767 642 2783 ι
657 2763 684 2785 ιιι
698 2759 724 2784 ἰιι
745 2758 868 2798 Vulgata.

187 2789 446 2829 _(I_9)__Kérzavpor.
460 2791 562 2819 Chiron
581 2793 741 2825 Centaurus,
765 2789 894 2829 Achillem
913 2793 940 2820 in

169 2822 326 2864 disciplinam
348 2822 497 2864 acceptum,
529 2832 556 2853 et
586 2828 690 2864 equinae
723 2822 777 2864 sua:
797 2828 865 2864 parti
889 2828 940 2864 im-

170 2861 286 2902 tigillum,
296 2861 417 2902 iaculari,
434 2869 466 2902 ac
485 2862 589 2894 lepores
605 2867 633 2889 et
649 2862 771 2902 hinnulos
793 2862 876 2890 ferire
889 2862 939 2902 _do-

171 2890 250 2930 gebat.
268 2890 331 2930 Etim
346 2890 420 2923 lactis
434 2890 657 2929 loco,'cervorum
674 2905 705 2923 ac
717 2898 822 2924 leonum
838 2897 939 2924 medul-

172 2924 201 2953 lis
222 2929 366 2964 nutricbat;
395 2931 465 2959 unde
494 2924 581 2960 dictus
601 2938 642 2960 est
665 2941 674 2958 ι
695 2931 821 2966 Achilles,
842 2941 850 2958 ι
872 2933 942 2967 quod

990 2408 1141 2470 pommunis
1166 2411 1193 2436 et
1210 2406 1301 2435 usitati
1321 2406 1383 2438 cibi,
1398 2405 1444 2441 qui
1460 2404 1540 2440 χιλός
1557 2403 1663 2437 dicitur,
1678 2409 1775 2438 expers

1003 2451 1058 2470 ueri
1075 2462 1081 2469 .

1003 2448 1081 2471 uerit.

1023 2478 1079 2513 (ΞΟ)
1093 2477 1163 2506 Κατ’
1178 2478 1281 2513 αὐτόν.
1308 2475 1354 2513 _Sic
1372 2475 1455 2513 Iiegg.
1469 2474 1525 2513 b_m,
1546 2473 1591 2509 ph,
1613 2473 1665 2501 duo
1679 2472 1774 2506 Coisl.,

988 2509 1033 2540 0r;
1044 2509 1075 2545 2,
1088 2513 1163 2544 Pan,
1175 2517 1229 2541 etc.
1245 2512 1273 2538 In
1284 2511 1339 2543 ed.,
1353 2510 1413 2537 κατ’
1426 2509 1525 2545 αὐτῶν.

1023 2542 1133 2584 (21]’11
1151 2542 1224 2584 βιοῖ
1241 2546 1346 2584 μόιςον.
1371 2545 1450 2572 Deest
1475 2544 1553 2579 μόνον
1578 2543 1605 2571 ὶη
1631 2543 1730 2579 Chrys.
1746 2542 1775 2570 In

987 2581 1181 2610 Passfdcsunt
1199 2582 1216 2617 ἧ
1227 2587 1254 2617 et
1267 2581 1357 2617 μόνον.

1035 2618 1080 2651 22)
1100 2615 1216 2644 onsir.
1227 2616 1313 2647 Pass.,
1324 2615 1406 2651 δοκεῖ.

1034 2647 1079 2687 25)
1098 2652 1220 2687 Τούτοις
1241 2650 1289 2687 καὶ
1315 2650 1347 2676 τὸ
1366 2647 1453 2687 εἶναι,
1473 2653 1524 2687 etc.
1540 2658 1549 2674 ‹
1571 2648 1621 2687 Qui
1634 2652 1776 2687 utramque

989 2683 1105 2719 laudem,
1122 2695 1131 2712 ι
1150 2686 1235 2721 inquit
1247 2685 1364 2721 Nicetas,
1384 2695 1392 2709 ι
1409 2684 1539 2711 doctrinae
1553 2683 1656 2721 scilicet
1676 2688 1704 2709 et
1715 2683 1775 2721 vita:

990 2727 1030 2750 est
1042 2717 1194 2754 assecutus,
1217 2722 1239 2748 is
1264 2720 1398 2754 perfectus
1417 2723 1467 2754 rest
1488 2726 1551 2754 :rac
1575 2718 1699 2754 deinceps
1719 2717 1774 2750 jam

989 2765 1050 2784 cum
1067 2753 1187 2783 alterius
1198 2753 1287 2783 saeculi
1305 2753 1469 2781 beatitudine
1486 2753 1568 2780 vitam
1584 2753 1709 2784 traducit,
1722 2759 1775 2787 qua

990 2793 1106 2826 puritate
1121 2795 1148 2826 et
1163 2789 1387 2826 contemplatione
1403 2788 1494 2826 pollet.
1512 2797 1521 2814 ι

1026 2825 1081 2861 (24)
1101 2823 1145 2852 Εὖ
1173 2820 1289 2861 ποιοῦνῖ.
1303 2823 1344 2861 rln_
1365 2820 1509 2861 nonnullis,
1539 2820 1694 2861 εὖπποιεῖν,
1718 2826 1773 2861 etc.

991 2870 1007 2924 lt)
1026 2857 1138 2888 Virtutis
1152 2860 1289 2896 exemplar
1303 2858 1413 2891 habens,
1427 2866 1480 2894 quo
1494 2859 1566 2887 domi
1582 2859 1709 2893 praeclare
1722 2857 1774 2885 im-

1010 2901 1128 2924 ueretur.
1145 2905 1154 2921 ι

1010 2901 1128 2925 ueretur.
1145 2905 1154 2921 ι
