2013 3134
139 173 185 202 515

535 170 666 198 ORATIO
688 170 778 197 XLIII.
800 185 834 189 —
853 169 886 196 IN
906 168 1048 197 LAUDEM
1069 168 1190 197 BASlLll
1212 168 1328 196 MAGNI.

1702 171 1754 199 5H

170 229 215 256 SA’.
237 227 376 255 Ἐντεῦθεν
393 229 439 254 επὶ
456 227 486 253 τὸ
501 227 662 258 Βυζάντιον,
677 226 727 261 τὴν
748 225 916 261 προκαθεςο-
932 245 936 255 ,

1003 224 1073 252 XIV.
1090 224 1155 251 lliuc
1168 223 1339 260 Byzantium,
1353 224 1443 250 urbem
1459 225 1540 252 totius
1555 225 1672 253 Orientis
1686 228 1744 261 prin

141 273 217 308 μένην
231 273 281 308 τῆς
292 271 380 306 Έῴας
395 272 470 298 πόλιν
479 272 536 308 (καὶ
553 271 607 306 γὰρ
623 271 764 306 ηὐδοκίμει
783 270 917 304 σοφιστῶν

138 327 164 344 τε
186 318 232 345 καὶ
256 318 406 352 φιλοσόφων
429 319 484 348 τοῖς
506 317 692 348 τελεωτάτοις,
716 313 753 342 ὧν
776 317 804 342 ὲν
824 315 918 351 βραχεῖ

139 367 220 398 χρονῳ
234 362 268 389 τὰ
290 363 422 398 κράτιστα
443 362 600 394 συνελέξατο
612 362 692 396 ’τάχει
715 370 744 388 τε
765 362 812 387 καὶ
839 361 918 395 μεγέ-

139 408 175 435 θει
191 407 245 442 (52)
261 407 378 441 φύσεως)
388 415 395 422 ·
406 407 540 438 ἐντεῦθεν,
557 408 602 432 ἐπὶ
616 406 645 432 τὸ
659 406 712 432 τῶν
723 406 808 440 λόγων
823 405 919 439 ἔδαφος

138 453 183 484 τὰς
202 452 317 485 Ἀθήνας
330 451 382 478 ὑπὸ
397 451 443 478 τοῦ
459 450 526 477 Θεοῦ
540 451 694 486 πέμπεται,
710 450 756 476 κα).
771 450 820 484 τῆς
834 449 919 485 καλῆς

140 498 198 533 περὶ
213 498 263 533 τὴν
280 497 420 524 παίδευσιν
436 496 586 532 ἀπληστίας
596 505 602 511 ·
625 496 739 532 Ἀθήνας
753 495 803 527 τὰς
817 496 919 531 χρυσᾶς

139 544 218 575 bam);
238 544 309 578 ἐμοὶ,
329 543 443 570 καὶτῶν
467 542 557 569 καλῶν
574 541 732 578 προξένους,
756 541 834 576 εἴπερ
855 541 918 568 τινί.

144 588 257 614 Ἐκεῖναι
277 588 331 623 γάρ
359 596 401 622 μοι
420 587 466 613 τὸν
489 586 572 622 ἄνδρα
593 586 687 613 τοῦτον
709 585 860 621 ἐγνώρισαν
877 594 921 611 τε-

139 633 275 669 λεώτερον,
288 633 347 660 οὐδὲ
365 633 429 668 πρὶν
444 632 625 666 ἀγνοούμενον
638 641 644 647 ·
659 632 704 658 καὶ
715 632 811 666 λόγους
824 631 920 666 ἐπιζη-

139 680 197 711 τῶν,
224 678 397 714 εὐδαιμονίαν
417 678 604 713 ἐκομισάμην·
629 678 676 704 καὶ
703 677 801 713 τρόπον
830 676 921 712 ἕτερον

138 724 216 750 ταυτὸ
237 724 292 758 (55)
307 723 430 750 πέπονθα
446 723 484 758 τῷ
504 723 601 755 Σαοὺλ,
618 723 647 755 ὃς
660 723 710 754 τὰς
725 722 800 754 ὅνους
811 722 858 749 τοῦ
871 731 922 749 πα-

139 770 198 805 τρὸς
221 769 376 804 ἐπιζητῶν,
398 769 536 804 βασιλείαν
557 769 656 804 εὕρατο
679 769 747 804 (54),
765 769 855 804 μεῖζον
875 768 921 794 τοῦ

140 816 214 851 ἔργον
225 815 256 841 τὸ
270 817 407 851 πάρεργον
420 815 671 850 ἐμπορευσάμενος.
685 815 722 841 Τὸ
737 814 784 850 μὲν
797 814 829 849 δὴ
842 814 922 849 μέχρι

139 862 236 888 τούτων
251 861 307 895 (55)
334 860 464 896 εὖδρομος
490 862 555 895 ἡμῖν
574 860 628 895 (56)
655 861 668 886 ὸ
691 859 786 893 λόγος,
814 859 860 885 καὶ
880 858 924 885 διὰ

969 272 1086 304 ciputum
1103 276 1250 301 tenentem,
1264 271 1334 297 venit
1350 270 1596 304 (excellentissimis
1608 272 1678 298 enittt
1693 280 1755 299 orae

971 316 1070 343 toribus
1086 316 1302 350 pltilosopltisqtte
1311 316 1434 349 ﬂorebat,
1454 324 1567 351 quorum
1592 318 1665 345 brevi
1683 319 1753 352 opti-

970 369 1011 388 ma
1030 368 1143 396 qumque
1159 361 1257 396 ingenii
1273 361 1412 388 celeritate
1425 369 1457 388 ac
1478 362 1661 396 magnitudine
1675 363 1754 389 colle-

969 407 1033 440 git);
1054 410 1135 439 atque
1158 405 1219 432 inde
1238 405 1369 437 Athenas,
1395 406 1445 432 hoc
1470 411 1521 436 est,
1543 407 1692 434 litterarum
1712 417 1756 435 se-

970 453 1029 480 detn
1047 459 1078 479 ac
1091 451 1265 483 domicilium,
1281 459 1295 478 a
1322 453 1387 483 Deo,
1406 457 1486 487 atqtte
1509 453 1660 487 inexplebili
1676 454 1755 481 simul

970 503 997 524 et
1009 497 1136 532 praeclara
1152 496 1282 524 doctrina:
1308 497 1455 531 cupiditate
1473 497 1606 530 mittitur;
1622 498 1754 531 Athenas,

971 543 1090 577 inquam,
1104 543 1170 569 mihi
1190 550 1253 569 vere
1271 549 1368 569 aureas
1398 550 1440 575 ac,
1453 543 1475 570 si
1493 544 1615 577 cuiquatn
1638 544 1694 576 :tlii,
1711 546 1757 571 ho-

972 596 1065 615 ttorum
1078 588 1287 623 procuratriccs.
1303 587 1370 614 Nam
1391 588 1442 615 illze
1457 589 1524 615 mihi
1541 589 1687 623 hominem,
1705 599 1757 617 non

971 633 1044 659 illutn
1063 633 1170 667 quidem
1185 638 1248 660 ante
1274 633 1405 667 ignotum,
1420 633 1466 660 sed
1483 639 1569 661 tamen
1585 634 1688 668 plenius
1710 644 1758 662 no-

972 678 1099 705 sccndtttn
1127 679 1299 713 prmbuerttnt
1323 686 1330 704 :
1357 686 1387 706 ac
1414 678 1563 706 doctrinam
1596 681 1758 714 exquirens,

973 723 1165 750 beatitudinem
1192 725 1294 757 reperi;
1316 724 1437 759 mihique
1461 725 1560 759 dispari
1581 728 1660 754 modo
1684 727 1754 754 idem

973 769 1043 804 qttod
1069 768 1143 796 Sauli
1175 769 1252 804 781
1271 770 1379 801 accidit,
1400 770 1444 805 qui
1462 771 1546 804 patris
1569 772 1659 799 asinas
1686 781 1759 808 quai-

973 821 1045 844 rens,
1063 820 1175 846 regnum
1192 814 1339 846 invenit",
1354 814 1467 849 plusqtte
1498 816 1524 842 itt
1548 824 1577 843 ea
1609 825 1646 849 re,
1674 826 1755 852 quam

974 858 1061 884 obiter
1074 859 1180 893 agebat.
1195 866 1275 893 quam
1289 859 1314 885 in
1329 867 1370 891 ea,
1386 868 1446 894 qutc
1473 862 1607 896 praecipue
1624 863 1673 897 ipsi
1688 855 1760 891 curm

140 907 208 939 λείας
225 908 277 942 τῆς
296 907 355 934 ὁδοῦ
369 906 471 942 φέρων,
492 906 538 932 καὶ
551 905 620 939 ἄγαν
634 905 766 940 εὐπόρου,
786 904 832 930 καὶ
850 903 924 938 βασι-

979 909 1044 934 erat,
1058 903 1198 930 luet-ifecit.
1214 903 1271 930 Jam
1291 905 1367 931 nobis
1390 905 1497 940 quidem
1522 907 1650 935 hactenus
1669 909 1758 943 plana,

140 953 213 987 λιγῆς
228 952 315 983 ὄντως
331 951 389 990 τῶν.
402 951 448 978 τοῦ
468 950 522 986 (57)
541 950 637 985 ἀνδρὸς
662 949 825 984 ἐγκωμίων·
851 947 881 974 τὸ
901 947 923 974 δ’

141 999 272 1030 ἐντεῦθεν,
291 999 341 1025 οὐκ
357 995 405 1024 οἷδ’
425 997 439 1024 ὅ
456 1005 482 1023 τι
497 995 536 1031 τῷ
554 995 625 1031 λόγῳ
644 995 801 1030 χρήσωμαι,
819 993 865 1020 καὶ
880 994 925 1019 ποῖ

141 1044 284 1079 τράπωμαι
298 1043 365 1079 (58)σ
381 1042 436 1078 ἔχει
450 1043 504 1078 γάρ
517 1050 543 1068 τι
558 1041 604 1067 καὶ
619 1041 768 1076 πρόσαντες
781 1040 845 1075 ἡμῖν
856 1040 870 1065 ὁ
882 1038 925 1064 λό⁸

140 1099 192 1124 γος.
208 1090 287 1118 [1οθῶ
303 1089 352 1125 μὲν
364 1089 417 1124 γὰρ
428 1088 544 1115 ἐνταῦθα
556 1087 605 1114 τοῦ
619 1087 699 1121 λόγου
709 1087 864 1121 γενόμενος,
879 1085 926 1111 καὶ

140 1136 183 1163 τοῦ
203 1135 300 1172 καιροῦ
314 1135 408 1161 τούτου
423 1134 581 1169 λαϐόμενος,
600 1133 647 1159 καὶ
664 1132 718 1159 τῶν
736 1132 794 1158 κατ’
809 1131 926 1166 ἐμαυτόν

140 1191 164 1209 τι
176 1183 332 1219 προσθεῖναι
343 1183 398 1213 τοῖς
411 1181 576 1216 εἰρημένοις,
589 1180 635 1206 καὶ
651 1178 747 1213 μικρόν
758 1186 783 1204 τι
798 1177 926 1212 προσδια-

140 1229 230 1266 τρῖψαι
250 1229 291 1264 τῷ
313 1229 477 1263 διηγήματι,
497 1227 558 1254 ὅθεν
574 1234 602 1252 τε
626 1225 673 1252 καὶ
690 1226 763 1255 ὅπως
780 1224 855 1260 ἡμῖν,
874 1224 926 1250 κάκ

141 1274 208 1306 τίνος
221 1274 271 1309 τῆς
287 1274 374 1309 ἀρχῆς
390 1272 503 1306 συνέστη
520 1271 551 1298 τὸ
566 1271 615 1306 τῆς
628 1269 718 1304 φιλίας
728 1289 735 1300 ,
751 1268 838 1295 εἵτουν
856 1276 926 1303 συμ-

142 1321 231 1352 πνοίας
244 1321 294 1348 καὶ
309 1320 457 1355 συμψυῖας,
473 1319 497 1344 εἰ
513 1318 566 1354 χρὴ
582 1316 740 1352 προσειπεῖν
753 1315 925 1350 οἰκειότερον.

141 1367 211 1393 Φιλεῖ
223 1366 279 1401 γὰρ
295 1365 356 1392 οὔτε
371 1365 430 1399 δψις
451 1364 550 1399 ῥᾳδίως
565 1362 715 1397 ἀναχωρεῖν
734 1361 788 1387 τῶν
803 1360 927 1395 τερπνῶν

142 1411 294 1447 θεαμάτων,
308 1410 359 1438 κᾶν
370 1410 473 1446 ἀφέλκῃ
485 1418 527 1441 τις
542 1408 597 1444 βία,
612 1407 679 1441 πρὸς
694 1406 764 1434 αὐτὰ
776 1405 831 1441 (59)
847 1406 928 1432 πάλιν

143 1457 270 1493 φέρεσθαι
280 1464 287 1472 ·
306 1456 366 1483 οὔτε
380 1456 457 1490 λόγος
471 1455 525 1481 τῶν
545 1454 659 1489 ἡδίστων
672 1452 859 1488 διηγημάτων.
878 1451 928 1477 Δέ-

142 1504 215 1531 δοικα
230 1504 259 1531 δὲ
276 1503 307 1530 τὸ
328 1502 454 1537 φορτικὸν
475 1501 524 1536 τῆς
550 1501 741 1535 ἐγχειρήσεως,
761 1497 928 1534 Πειράσομαι

145 1549 190 1583 μὲν
203 1547 260 1580 οὖν,
275 1549 313 1580 ὡς
326 1545 380 1574 οἷόν
393 1556 421 1574 τε
436 1546 563 1582 μετρίως,
575 1545 654 1572 τοῦτο
669 1545 764 1570 ποιεῖν.
780 1544 828 1570 "Av
839 1543 862 1570 δ’
876 1543 929 1578 ἄρα

975 954 1002 975 et
1014 949 1084 976 facili
1099 957 1131 976 ac
1145 957 1207 976 vere
1229 950 1302 984 regia
1320 951 1426 978 lattdnm
1449 953 1520 979 illius
1539 953 1580 980 ria
1601 961 1758 989 prosperum

975 1001 1082 1020 cursum
1101 995 1189 1021 oratio
1218 996 1323 1021 tenuit:
1341 1003 1410 1022 nttnc
1433 1002 1521 1024 autem
1541 1005 1620 1030 qnatn
1649 999 1757 1026 dicendi

976 1040 1106 1067 rationem
1121 1047 1228 1074 sequar,
1246 1045 1302 1071 aut,
1318 1049 1371 1074 quo
1391 1049 1433 1068 me
1457 1048 1570 1074 vertam,
1585 1044 1694 1077 nescio;
1711 1046 1756 1072 Ita-

977 1085 1021 1112 bet
1032 1086 1103 1111 enim
1119 1085 1183 1112 mihi
1195 1086 1307 1112 arduum
1325 1087 1424 1120 aliquid
1442 1088 1484 1114 ltic
1497 1096 1595 1116 sermo.
1619 1089 1674 1116 llun
1688 1093 1759 1117 enim

976 1131 1096 1158 oratione
1124 1139 1290 1166 progressus,
1316 1138 1397 1167 atque
1426 1135 1494 1161 hanc
1522 1137 1692 1163 occasionem
1711 1145 1759 1163 na-

977 1174 1048 1222 ctus,
1062 1184 1150 1204 rerum
1172 1178 1252 1204 etiam
1272 1186 1394 1205 mearum
1413 1180 1511 1214 aliquid
1525 1180 1679 1216 adiungere,
1697 1191 1762 1217 pau-

978 1221 1114 1256 lulu’mque
1128 1222 1154 1248 in
1170 1223 1219 1249 hac
1233 1224 1388 1251 narratione
1405 1224 1542 1252 immorari
1567 1227 1663 1260 gestio.
1680 1233 1760 1262 atque

978 1268 1060 1300 unde,
1071 1273 1096 1294 et
1110 1275 1162 1302 quo
1178 1269 1265 1300 modo,
1282 1276 1312 1295 ac
1329 1270 1426 1304 quibus
1439 1277 1470 1296 ex
1488 1271 1573 1298 ittitiis
1584 1272 1696 1299 conﬂata
1714 1274 1754 1300 in-

979 1318 1019 1341 ter
1032 1322 1080 1341 nos
1093 1314 1222 1345 amicitia,
1240 1315 1306 1347 sive,
1325 1319 1353 1341 ιιι
1366 1317 1557 1350 congruentius
1579 1317 1684 1352 loquar,
1703 1320 1762 1345 atti-

979 1367 1082 1386 ntorutn
1099 1360 1264 1394 conspiratio
1278 1366 1305 1387 et
1322 1366 1424 1388 naturze
1443 1362 1597 1397 conjunctio
1611 1364 1700 1397 fuerit,
1714 1373 1763 1392 ex-

979 1404 1088 1440 plicare.
1106 1405 1337 1438 Quemadmodum
1351 1407 1422 1433 enim
1441 1407 1509 1434 oculi
1533 1415 1548 1434 a
1560 1408 1686 1442 jllClllllIIS
1704 1418 1763 1444 spe-

979 1451 1092 1478 ctaculis
1103 1458 1154 1478 non
1171 1451 1249 1478 facile
1264 1451 1403 1484 recedunt,
1415 1460 1446 1479 ac
1464 1453 1485 1479 si
1511 1454 1571 1487 quis
1586 1462 1633 1488 per
1652 1455 1701 1482 vim
1717 1464 1765 1483 eos

981 1497 1110 1529 retrahat,
1126 1497 1219 1524 eodetn
1236 1505 1329 1524 rursus
1347 1497 1484 1532 feruntur;
1498 1499 1539 1526 sic
1569 1508 1617 1527 nec
1641 1509 1730 1528 sermo
1749 1510 1763 1528 a

982 1549 1072 1569 rerum
1085 1542 1305 1569 suavissitnarum
1325 1545 1590 1572 cmntnemoratione.
1607 1545 1659 1572 Sed
1675 1545 1699 1572 in
1715 1547 1764 1573 huc

143 1603 167 1621 τι
180 1595 225 1621 καὶ
239 1593 399 1630 βιαξὼμεοα
411 1593 464 1619 ὑπὸ
477 1591 522 1618 τοῦ
540 1591 633 1621 πόθου,
650 1589 800 1624 συγγνώμη
816 1588 854 1624 τῷ
874 1589 927 1615 πά-

981 1592 1078 1614 conatu
1107 1589 1276 1614 metuendam
1301 1588 1366 1615 tnilti
1388 1589 1568 1617 diliicultatem
1583 1598 1642 1617 esse
1657 1598 1766 1626 cet-spr-

145 1641 189 1673 ϐει,
206 1641 316 1667 πάντων
328 1639 419 1666 παθῶν
431 1639 486 1664 ὄντι
501 1636 673 1671 δικαιοτάτῳ,
687 1636 735 1662 καὶ
750 1634 764 1661 ὃ
780 1635 817 1670 μὴ
830 1634 926 1661 παθεῖν

145 1686 160 1720 ἡ
175 1685 259 1721 ζημία
275 1686 331 1716 τοῖς
350 1692 381 1718 γε
396 1683 457 1710 νοῦν
472 1682 588 1717 ἔχουσιν.

982 1633 1035 1660 cio.
1049 1633 1161 1660 Adnitar
1177 1634 1276 1668 itaque,
1299 1639 1339 1666 ut,
1354 1642 1434 1669 quam
1451 1636 1606 1669 parcissime
1623 1641 1724 1671 potero.
1743 1639 1767 1664 id

981 1678 1090 1706 faciam.
1112 1678 1188 1711 Quod
1218 1679 1240 1705 si
1270 1687 1318 1705 IIOS
1340 1680 1408 1706 forte
1437 1681 1536 1707 amoris
1559 1685 1586 1708 et
1611 1683 1767 1716 cupiditatis

145 1737 221 1758 aestus
244 1731 354 1758 modum
379 1730 507 1757 excedere
533 1727 659 1762 coegerit,
688 1725 793 1752 allectat
821 1729 924 1756 nostro,
945 1731 1047 1758 quaeso,
1085 1723 1228 1759 ignoscite,
1264 1723 1408 1751 all‘vctuum
1429 1726 1546 1752 onmittm
1566 1726 1726 1760 iustissimo,
1742 1731 1767 1754 et

146 1786 196 1812 qtto
221 1785 275 1804 non
304 1775 383 1808 aﬂici,
400 1776 525 1802 damnum
552 1781 584 1800 ac
611 1773 801 1800 detrimentum
829 1776 881 1803 est,
896 1771 928 1796 iis
948 1770 1055 1804 quidem
1071 1774 1155 1802 certe,
1169 1770 1215 1803 qui
1230 1777 1294 1796 sana
1309 1774 1388 1803 atque
1402 1770 1505 1804 integra
1522 1776 1610 1798 utenlc
1622 1778 1695 1798 sunt.

178 1834 227 1860 IE'.
243 1831 324 1868 Εἶχον
343 1832 417 1867 ἡμᾶς
439 1831 558 1863 Ἀθῆναι,
569 1829 692 1865 καθάπερ
703 1838 730 1856 τι
749 1828 836 1865 ῥεῦμα
852 1829 933 1855 ποτά-

149 1889 215 1915 μιον,
229 1879 283 1906 ἀπὸ
303 1879 368 1914 μιᾶς
389 1876 546 1912 σχισθέντας
563 1877 654 1911 πηγῆς
669 1876 718 1910 τῆς
735 1875 873 1910 πατρίδος,
895 1874 934 1904 εἰς

146 1926 270 1961 διάφορον
283 1925 432 1960 ὑπερορίαν
448 1924 506 1950 κατ’
524 1923 612 1959 ἔρωτα
622 1922 671 1958 τῆς
691 1921 867 1953 παιδεύσεως,
888 1920 934 1947 καὶ

148 1972 224 1998 πάλιν
237 1973 277 2002 εἰς
296 1971 328 1997 τὸ
343 1971 408 1997 αὐτὸ
426 1970 480 2005 (40)
495 1969 678 2000 συνελθόντας,
696 1968 791 2002 ὥσπερ
805 1967 858 1993 ἀπὸ
873 1975 935 1992 συν-

148 2017 276 2052 θήματος,
294 2017 366 2044 οὕτω
377 2015 445 2043 Θεοῦ
460 2016 628 2050 κινήσαντος.
647 2012 725 2048 Εἶχον
738 2013 765 2040 δὲ
777 2011 866 2048 μικρῷ
880 2011 935 2045 (41)

149 2063 195 2097 μὲν
210 2064 261 2098 ἐμὲ
278 2063 409 2098 πρότερον
420 2070 426 2076 ·
444 2061 489 2088 τὸν
499 2061 520 2087 δ’
538 2060 618 2092 εὐθὺς
634 2060 691 2095 μετ’
709 2059 769 2094 ἐμὲ,
787 2058 856 2094 μετὰ
875 2057 936 2083 πολ-

147 2109 193 2143 λῆς
207 2109 408 2145 προσδεχθέντα
424 2108 478 2143 (4⁸2)
498 2108 544 2134 καὶ
566 2105 732 2141 περιφανοῦς
751 2105 800 2140 τῆς
820 2103 933 2134 ἐλπίδος.

148 2156 199 2182 Καὶ
210 2156 264 2191 γὰρ
277 2156 306 2182 ὲν
322 2154 426 2181 πολλῶν
438 2153 574 2188 γλώσσαις
587 2153 675 2179 ἔκειτο
687 2152 750 2188 πρὶν
762 2151 858 2185 ἐπιστῇ
871 2158 877 2164 ·
890 2150 935 2176 καὶ

149 2201 217 2235 μέγα
235 2201 363 2232 ἑκάστοις
377 2198 410 2236 ἦν
431 2199 646 2235 προκαταλαϐεῖν
661 2198 691 2224 τὸ
707 2195 931 2230 σπουδαζόμενον.

148 2246 227 2273 Οὐδὲν
243 2247 272 2273 δὲ
287 2244 344 2273 οἷον
361 2246 408 2272 κα).
421 2246 529 2281 ἥδυσμά
547 2254 572 2271 τι
588 2243 742 2280 προσθεῖναι
759 2241 797 2278 τῷ
808 2241 879 2276 λόγῳ
894 2250 934 2276 μι-

148 2292 210 2326 κρὸν
224 2293 372 2328 ἀφήγημα,
385 2294 441 2324 τοῖς
461 2292 510 2327 μὲν
530 2290 637 2322 εἰδόσιν,
652 2290 814 2324 ὑπόμνησιν,
834 2289 889 2319 τοῖς
906 2287 934 2313 δὲ

148 2336 282 2370 ἀγνοοῦσι,
312 2337 493 2364 διδασκαλίαν.
525 2335 770 2370 Σοφιστομανοῦσιν
805 2332 933 2368 Ἀθήνῃσι

148 2383 199 2409 τῶν
230 2383 298 2410 νέων
329 2384 353 2410 οἱ
383 2383 503 2409 πλεῖστοι
531 2381 577 2409 καὶ
603 2381 815 2417 ἀφρονέστεροι·
837 2379 868 2405 οὐ
883 2378 936 2404 τῶν

149 2425 268 2461 ἀγεννῶν
287 2428 368 2463 μόνον
385 2427 496 2454 καὶτῶν
509 2425 668 2461 ἀνωνύμων,
683 2424 740 2451 ἀλλ’
754 2424 803 2459 ἥδη
819 2422 866 2449 καὶ
884 2422 937 2449 τῶν

148 2471 177 2500 εὖ
187 2475 340 2508 γεγονότων
355 2475 402 2501 καὶ
417 2473 663 2510 περιφανεστέρων,
681 2470 728 2498 ἆτε
745 2469 845 2505 πλῆθος
869 2468 938 2503 σύμ-

151 2527 243 2552 μικτον
275 2519 364 2551 ὄντες,
395 2519 442 2546 καὶ
471 2519 537 2550 νέοι,
562 2517 609 2544 καὶ
625 2514 803 2543 δυσκάθεκτοι
819 2515 879 2545 ταῖς
893 2513 938 2547 ὁρ-

151 2565 213 2598 μαῖς
228 2562 297 2599 (45).
315 2565 403 2600 Ὅπερ
416 2562 461 2590 οὖν
473 2563 626 2598 πάσχοντας
639 2561 712 2587 ἔστιν
727 2560 799 2593 ἰδεῖν,
815 2558 879 2594 περὶ
889 2557 938 2589 τὰς

183 2621 206 2637 ’³
221 2621 232 2648 l
250 2622 319 2655 Reg.
334 2629 372 2654 ιι,
386 2620 403 2648 5
416 2629 477 2655 sqq.

185 2676 241 2713 (52)
263 2677 394 2713 Μεγέθει,
408 2675 475 2709 Reg.
494 2675 527 2710 ph
541 2679 576 2713 et.
589 2674 635 2702 0r.
700 2671 812 2707 μεγέθη.

197 2708 242 2745 55)
262 2708 365 2738 Ταὺτό.
382 2708 464 2747 Βεεζκᾷ
479 2708 503 2747 εξ
523 2711 568 2744 plt,
587 2708 706 2747 ταυτόνλ
750 2741 756 2747 ¹

197 2713 242 2745 55)
262 2713 365 2738 Ταυτό.
382 2713 464 2745 Regg.
479 2719 503 2739 c.
523 2713 568 2744 plt,
587 2713 694 2735 ταυτον.

185 2713 385 2781 (54)ιΕὕρατο.
406 2746 472 2781 Tres
489 2745 569 2779 Regg.
587 2751 614 2781 et
628 2745 672 2769 0r.
691 2743 718 2775 2,
735 2741 839 2776 εὕρετο.

186 2779 244 2817 (55)
267 2782 392 2817 Taurum:
412 2780 478 2814 Reg.
498 2781 542 2817 ph.
559 2779 652 2806 τούτου

198 2815 244 2850 56)
269 2815 361 2849 Ἡμῖν.
379 2816 456 2843 Deest
472 2816 498 2850 itt
515 2815 578 2847 Reg.
594 2822 618 2841 a.

198 2817 244 2850 56)
269 2817 361 2849 Ἡμῖν.
379 2817 456 2843 Deest
472 2817 496 2841 itt
515 2817 578 2847 Heg.
594 2822 618 2841 a.
856 2846 862 2851 '

186 2817 246 2886 i5?)
263 2852 376 2882 Ὄντως
387 2850 446 2876 τῶν
453 2849 515 2876 τοῦ-
527 2851 571 2876 Sic
583 2855 697 2885 quatuor
709 2850 803 2885 chg.,
816 2846 899 2875 Cotsl.
912 2847 937 2878 ι,

153 2883 203 2915 οτι
217 2885 246 2920 2,
261 2891 317 2914 etc.
329 2885 408 2913 Deest
421 2886 473 2912 τῶν
486 2885 513 2912 in
529 2886 561 2912 ed

1017 1827 1073 1854 XV.
1088 1827 1226 1853 llabehaut
1237 1834 1282 1853 nos
1295 1827 1491 1858 AthenaP,velut
1502 1827 1601 1854 ﬂuxum
1625 1830 1768 1863 quemdam

981 1872 1116 1905 ﬂuminis,
1135 1880 1167 1899 ex
1184 1873 1277 1899 eodem
1295 1873 1388 1906 patria}
1404 1872 1477 1900 fonte
1496 1874 1522 1899 itt
1539 1874 1661 1901 diversas
1683 1877 1769 1910 regio-

983 1926 1030 1945 nes
1046 1918 1174 1945 doctrinae
1189 1918 1334 1952 cupiditate
1348 1919 1492 1951 dissectos,
1509 1927 1681 1954 rursumque,
1697 1922 1769 1949 Vell"

984 1972 1016 1990 ex
1035 1964 1202 1998 composito,
1228 1963 1283 1989 Deo
1298 1964 1420 1991 videlicet
1438 1965 1472 1992 ita
1490 1965 1656 2000 impellente,
1673 1975 1764 1994 coeun-

985 2013 1036 2036 tes.
1049 2011 1088 2035 Ac
1107 2017 1149 2036 me
1165 2009 1272 2043 quidem
1286 2009 1423 2044 aliquanto
1441 2015 1504 2037 ante
1520 2011 1670 2044 habebant;
1696 2012 1769 2040 il‘luat

984 2061 1073 2082 autent
1088 2055 1157 2082 haud
1174 2055 1256 2081 multo
1274 2059 1352 2089 post,
1370 2061 1396 2082 et
1413 2055 1519 2089 quidem
1541 2063 1601 2083 cum
1618 2057 1727 2084 ntirilica
1744 2063 1770 2084 et

985 2101 1118 2128 luculenta
1141 2109 1188 2136 spe
1215 2105 1411 2136 exspectatum.
1437 2102 1542 2129 Etenim
1569 2103 1594 2129 in
1624 2103 1770 2131 multorum

986 2146 1081 2181 linguis
1098 2147 1271 2179 versabatur,
1289 2151 1432 2180 antequam
1446 2147 1598 2174 advenisset
1611 2157 1618 2180 ;
1636 2155 1684 2175 nec
1698 2149 1770 2183 quis-

985 2199 1064 2226 quam
1083 2196 1159 2224 erat,
1184 2191 1229 2225 qui
1251 2199 1303 2218 non
1320 2191 1446 2225 prteclarc
1468 2199 1559 2218 sccum
1587 2193 1626 2227 agi
1647 2199 1771 2227 putaret,

987 2237 1008 2264 si
1026 2237 1067 2270 id,
1079 2237 1149 2271 quod
1165 2244 1270 2264 summo
1287 2237 1376 2264 studio
1391 2238 1533 2271 expetebat
1545 2259 1552 2270 ,
1569 2239 1642 2272 prior
1659 2245 1772 2272 occupa-

988 2287 1038 2310 ret.
1058 2281 1114 2309 Nec
1131 2289 1194 2309 vero
1216 2282 1332 2309 alienum
1353 2283 1405 2310 erit
1424 2283 1651 2309 uarratinnculam
1673 2291 1752 2310 unam
1765 2303 1773 2313 .

987 2327 1152 2355 condimenti
1162 2327 1299 2361 cujusdam
1313 2329 1369 2355 vice
1382 2348 1390 2360 ,
1412 2328 1528 2354 orationi
1551 2329 1697 2363 adiungere
1711 2348 1718 2360 ,
1745 2335 1773 2355 ιιι

988 2373 1132 2401 scientibus
1148 2375 1254 2408 quidem
1273 2374 1430 2401 memoriam
1445 2379 1572 2404 renovet.
1588 2374 1774 2409 ignorantibus

989 2424 1080 2446 autem
1104 2419 1266 2446 docutnettto
1284 2419 1331 2447 sit.
1348 2418 1445 2446 Insano
1462 2420 1576 2453 quodam
1593 2427 1657 2454 erga
1682 2421 1775 2454 sophi-

989 2469 1046 2492 stas
1064 2465 1154 2493 studio
1170 2465 1285 2492 Athenis
1299 2469 1423 2492 tettentur
1438 2472 1518 2498 quam
1533 2465 1641 2499 plurimi
1657 2470 1684 2492 et
1699 2466 1774 2492 stoli—

991 2511 1094 2538 dissimi
1108 2511 1310 2544 adolescentes;
1329 2517 1380 2537 non
1397 2511 1475 2537 modo
1491 2511 1620 2545 ignobiles
1633 2516 1660 2538 et
1677 2513 1775 2538 obscu-

991 2557 1033 2590 ri,
1052 2559 1098 2587 sed
1111 2559 1215 2587 nobiles
1231 2558 1313 2586 etiam
1325 2562 1352 2585 et
1369 2556 1488 2584 illustres
1499 2577 1506 2589 ,
1528 2562 1558 2584 ut
1579 2557 1624 2591 qui
1641 2557 1775 2585 miscella-

1025 2669 1081 2709 (58)
1097 2667 1266 2709 Χρήσωμιιι.
1284 2686 1291 2692 .
1310 2686 1318 2694 .
1339 2667 1500 2702 τράπωμαι.
1517 2667 1562 2695 0r.
1588 2667 1606 2694 2
1621 2671 1649 2694 et
1668 2666 1776 2700 Comb.,

990 2705 1136 2740 χρήσομαι.
1152 2723 1158 2728 .
1172 2724 1182 2740 ..
1199 2705 1349 2740 τράπομαι.

1037 2737 1084 2772 59)
1098 2737 1188 2765 Αὺτά.
1208 2738 1272 2771 lleg.
1290 2738 1335 2771 ph,
1350 2737 1443 2764 ἑαυτά.

1037 2774 1081 2799 4οὶ
1099 2773 1134 2799 Τὸ
1144 2773 1227 2799 αὐτό,
1246 2773 1310 2799 “ex.
1327 2773 1371 2799 DII.
1387 2772 1494 2799 ταυτόν.

1025 2774 1081 2808 (40)
1099 2774 1134 2799 Τὸ
1144 2774 1227 2809 αῠςό,
1246 2774 1310 2806 ιιρε.
1327 2774 1371 2806 ph,
1387 2781 1441 2798 1-10‘

1025 2809 1081 2843 (Ill)
1096 2810 1206 2843 Μικρῳ.
1223 2807 1270 2843 Or.
1285 2807 1313 2836 Ξ.
1335 2807 1441 2842 μικράν.

1028 2841 1084 2879 (42)
1101 2841 1341 2879 Πρςσδεχθένταᾼ
1354 2843 1418 2879 Heg.
1434 2850 1459 2875 c,
1476 2841 1657 2879 elaoexiiéveq.

1030 2876 1086 2914 (45)
1108 2877 1174 2910 Ταῖς
1189 2876 1299 2912 ὁρμαῖς.
1318 2876 1384 2913 Reg.
1399 2878 1491 2912 (ἔγρῃ,
1510 2877 1559 2913 τὴν
1573 2877 1670 2912 ὁρμήν.
