2013 3134
243 146 295 173 515

843 146 871 173 S.
892 146 1056 175 GREGORII
1076 147 1248 176 THEOLOGI

1810 152 1860 180 516

240 210 290 230 nea
308 203 430 237 quaedam
449 202 593 230 multitudo
606 202 678 234 sint,
697 206 725 230 et
741 203 870 238 juvenes,
885 208 912 231 et
928 205 964 231 ita
983 205 1022 232 ef-

1075 205 1229 238 ἀντιθέτους
1243 206 1431 242 ἱπποδρομίας,
1450 206 1512 239 τοὺς
1523 207 1670 242 φιλίππους
1682 217 1712 235 τε
1726 209 1774 236 καὶ
1785 210 1861 244 φιλο-

239 247 313 278 fecti.
322 252 351 275 ut
360 255 452 275 eorum
462 248 577 282 impetus
588 247 632 274 vix
640 248 751 282 reprimi
765 248 877 282 possint.
890 248 967 282 Quod
975 249 1024 284 igi—

239 297 284 320 tur
294 294 322 321 in
335 294 505 329 equestribus
514 293 706 322 certaminibus
718 294 751 321 iis
759 294 881 322 accidere
890 295 1023 328 videmus.

239 340 284 374 qui
298 340 374 374 equis
390 344 417 367 et
431 339 511 375 782
528 339 688 374 spectaculis
700 339 884 374 obiectantur;
897 341 1024 368 exsiliunt

237 386 321 419 enim,
335 385 463 418 clamant.
481 385 616 420 pulverem
632 385 659 413 in
671 385 768 413 malum
784 386 912 420 mittunt,
929 387 1024 415 seden-

239 435 280 459 tes
301 432 421 459 habenas
441 431 634 464 moderantur,
651 439 741 459 aerem
757 432 901 460 verberant
912 451 920 464 .
939 439 1024 467 equos

239 477 349 512 digitis,
371 477 446 511 quasi
468 477 599 509 scuttcis,
622 477 648 504 in
672 477 786 504 alterum
808 482 889 512 alque
909 477 1023 505 alterum

239 522 309 549 latus
324 522 437 549 subinde
448 522 576 557 jungunt,
591 530 652 549 cum
666 522 732 550 nihil
748 522 845 550 horum
864 524 890 550 in
906 523 1023 557 ipsorum

239 572 372 601 potestate
387 568 468 596 situm
485 568 520 594 sit
536 577 543 594 τ
562 568 641 595 facile
657 569 726 596 inter
739 575 769 596 se
781 569 890 603 aurigas
901 589 908 601 ,
924 577 1023 604 equos,

239 619 369 646 equorum
396 613 544 644 stationes,
568 613 724 640 certaminis
747 614 830 641 duces
854 619 1022 648 permutant;

239 657 319 691 idque
339 658 448 691 quinam
468 658 595 685 tandem?
614 658 750 692 Pauperes
768 659 927 694 plerumque
945 666 1024 695 atque

239 703 328 737 inopia
351 702 505 730 laborantes
519 723 525 734 ,
545 708 572 730 et
594 703 692 738 quibus
714 712 747 732 ne
771 705 797 731 in
815 713 898 732 unum
917 706 1024 740 quidem

239 747 309 774 diem
326 747 412 774 victus
424 747 561 782 suppetit:
581 748 632 775 hoc
652 748 717 783 ipsis
731 756 839 783 quoque
862 750 940 784 plane
953 751 1023 778 circa

240 797 417 827 praeceptores
434 800 515 825 suos,
542 793 661 828 aliosque
684 794 806 828 ejusdem
832 796 898 822 artis
919 796 1024 830 profes-

239 845 316 865 sores
328 857 337 870 ,
354 845 500 872 eorumque
517 838 629 866 :emulos
647 840 764 872 accidit;
786 841 810 866 in
829 841 881 867 hoc
898 841 1024 868 nimirum

1075 250 1209 286 θεάμονας
1219 260 1225 266 ·
1244 251 1358 286 πηδῶσι,
1373 251 1481 286 βοῶσιν,
1495 253 1601 288 οὐρανῷ
1622 254 1761 289 πέμπουσι
1776 256 1860 288 κόνιν,

1074 296 1209 331 ήνιοχοῦσι
1223 296 1382 332 καθήμενοι,
1400 297 1510 325 παίουσι
1525 299 1570 325 τὸν
1582 299 1651 335 ἀέρα
1665 299 1733 335 (Η),
1745 302 1810 333 τοὺς
1820 302 1860 328 ἰπ-

1075 350 1141 374 πους
1156 341 1189 378 δὴ
1205 344 1260 374 τοῖς
1275 342 1425 375 δακτύλοις,
1448 343 1486 375 ὡς
1510 344 1619 378 μάστιξι
1635 345 1702 382 (45),
1717 345 1860 380 ζευγνύου-

1075 397 1112 418 σι,
1126 387 1377 423 μεταζευγνύουσιν,
1393 388 1498 420 οὐδενὸς
1505 389 1580 421 ὄντες
1595 390 1683 426 κύριοι
1695 399 1702 406 ·
1713 392 1860 419 ἀντιδιδόα-

1075 440 1118 459 σιν
1130 431 1254 467 ἀλλήλοις
1283 431 1380 468 ῥᾳδίως
1392 432 1526 467 ἡνιόχους,
1542 433 1652 465 ἵππους,
1669 434 1858 467 ίπποστασίας,

1076 477 1254 514 στρατηγούς.
1272 478 1328 504 Καὶ
1342 477 1428 505 ταῦτα
1446 479 1534 511 τίνες;
1549 479 1580 505 οι
1599 480 1715 515 πένητες
1732 481 1859 514 πολλάκις

1075 524 1122 550 καὶ
1138 523 1246 558 ἄποροι,
1263 524 1309 550 καὶ
1324 524 1387 559 μηδ’
1401 523 1435 550 ἃν
1446 525 1485 555 εἰς
1501 525 1564 559 μίαν
1583 525 1689 561 ἡμέραν
1701 527 1805 562 τροφῆς
1816 527 1860 554 εὑ-

1075 569 1245 603 πορήσαντες
1259 568 1313 603 (46)
1322 577 1328 582 -
1340 567 1419 595 τοῦτο
1427 569 1474 595 καὶ
1486 569 1563 595 αὐτοὶ
1578 570 1727 606 πάσχουσιν
1741 572 1860 606 ἀτέχνως

1076 613 1139 647 περὶ
1164 612 1227 643 τοὺς
1250 612 1355 639 ἑαυτῶν
1375 612 1567 646 διδασκάλους,
1599 616 1645 642 καὶ
1679 616 1857 651 ἀντιτέχνους,

1075 659 1148 690 ὅπως
1162 658 1269 690 πλείους
1280 667 1310 685 τε
1322 656 1388 685 ὦσιν
1402 659 1489 691 αὐτοὶ,
1504 659 1646 692 κάκείνους
1657 661 1860 698 εὐπορωτέρους

1076 705 1172 732 ποιῶσι
1192 705 1225 731 δι’
1237 704 1341 731 ἑαυτῶν
1355 705 1472 741 σπουδὴν
1487 705 1610 740 ἔχοντες·
1629 706 1676 732 καὶ
1691 707 1723 733 τὸ
1745 709 1859 743 πρᾶγμά

1077 752 1149 777 ἐστιν
1159 750 1287 782 ἐπιεικῶς
1301 751 1399 777 ἄτοπον
1413 751 1459 777 καὶ
1472 751 1619 786 δαιμόνιον.
1630 752 1860 788 Προκαταλαμὸά-

1076 805 1165 822 νονται
1179 796 1280 828 πόλεις,
1293 796 1357 827 ὁδοὶ,
1369 796 1488 831 λιμένες,
1501 797 1570 831 ὀρῶν
1587 798 1667 833 ἄκρα,
1679 799 1768 830 πεδία,
1778 800 1858 834 ὲσχα-

1076 842 1141 872 τιαὶ,
1166 842 1240 868 οὐδὲν
1257 842 1271 868 ὃ
1287 851 1313 869 τι
1335 842 1372 877 μὴ
1385 842 1434 877 τῆς
1456 843 1580 878 Ἀττικῆς
1597 844 1687 879 μέρος,
1703 845 1719 880 ἢ
1733 846 1783 880 τῆς
1804 845 1858 871 λοι-

239 882 457 914 elahorantihus,
473 887 500 909 ut
515 888 542 909 et
559 883 649 917 plures
667 884 717 918 ipsi
730 885 785 912 sint
801 905 808 917 ,
824 890 851 913 et
870 886 930 913 illos
945 894 1023 920 opera

1079 887 1132 921 πῆς
1147 886 1282 918 Ἑλλάδος,
1294 887 1382 913 αὐτῶν
1393 887 1447 914 τῶν
1462 887 1517 923 (47)
1530 889 1677 923 οἰκητόρων
1690 890 1713 915 οἱ
1724 889 1857 916 πλεῖστοι·

240 936 287 955 sua
300 928 487 964 locupletiores
499 929 626 956 alliciant.
642 930 730 964 Atque
748 939 779 958 ea
795 939 839 958 res
854 931 1026 959 vehementer

239 974 355 1001 absurda
379 979 406 1002 et
428 975 580 1009 prodigiosa
599 980 651 1003 est.
675 976 902 1012 Prmoccupantur
923 978 1004 1005 urhes
1017 998 1024 1009 ,

1078 933 1125 958 καὶ
1141 932 1195 968 γὰρ
1208 933 1319 964 τούτους
1336 934 1552 969 μεμερισμένους
1569 936 1628 966 ταῖς
1645 935 1772 966 σπουδαῖς
1786 935 1860 970 ἐχου-

1079 986 1131 1004 σιν.

239 1019 306 1051 vim,
327 1024 437 1052 portus,
459 1020 589 1046 montium
606 1022 745 1048 cacumina
758 1043 764 1054 ,
783 1023 886 1056 campi.
903 1023 1076 1055 solitudines.
1095 1031 1188 1051 omnes
1204 1024 1319 1059 denique
1350 1024 1444 1051 Atticae
1476 1032 1507 1052 ae
1536 1025 1646 1060 reliqua:
1668 1026 1780 1054 Graeciae
1794 1035 1859 1062 par-

240 1070 280 1093 tes
291 1087 298 1097 ,
323 1070 402 1100 atque
429 1066 494 1093 adeo
515 1066 662 1093 incolarum
682 1067 798 1092 maxima
814 1074 875 1100 pars
887 1087 894 1098 ,
918 1074 980 1094 nam
998 1073 1025 1094 et
1044 1068 1102 1095 illos
1116 1069 1142 1095 in
1157 1074 1248 1102 partes
1264 1076 1295 1096 ac
1307 1070 1395 1096 studia
1410 1070 1554 1098 distractos
1568 1072 1676 1099 habent.

272 1113 342 1141 XVI.
368 1113 435 1140 Cum
457 1118 547 1141 autem
569 1113 676 1147 juvenis
701 1114 835 1148 quispiam
859 1115 1023 1146 accesserit,

239 1165 320 1195 atque
340 1161 366 1187 in
386 1167 480 1187 eorum
496 1180 503 1193 ,
525 1167 539 1186 a
562 1160 662 1194 quibus
684 1164 778 1193 captus
801 1165 861 1191 est,
887 1168 982 1188 manus
1001 1167 1027 1187 et

239 1210 398 1240 potestatem
420 1207 522 1233 venerit
546 1205 638 1241 (venit
652 1210 757 1237 autem,
776 1207 816 1232 vel
844 1211 937 1239 sponte
952 1226 959 1237 ,
984 1207 1023 1232 vel

239 1251 386 1287 coactus);
409 1257 464 1279 tum
484 1251 570 1279 Attica
588 1252 645 1279 haec
659 1252 712 1278 illis
725 1252 892 1279 consuetudo
907 1257 948 1280 est
960 1273 968 1285 ,
986 1252 1026 1279 lu—

240 1298 344 1332 dusque
363 1299 400 1325 rei
421 1298 500 1324 seriae
511 1298 643 1324 admistus
658 1306 665 1324 :
682 1297 822 1329 Primum,
843 1297 912 1332 apud
935 1305 1026 1324 eorum

240 1343 376 1377 aliquem,
397 1343 442 1378 qui
463 1344 568 1378 priores
591 1343 678 1377 ipsum
704 1343 885 1377 arripuerint,
909 1343 1026 1377 hospitio

240 1389 389 1423 accipitur.
409 1389 450 1416 vel
477 1390 644 1421 amicormu,
669 1388 710 1416 vel
728 1389 938 1423 propinquorum
952 1409 958 1421 ,
989 1389 1028 1415 vel

211 1448 214 1452 ~
240 1435 285 1470 qui
298 1434 418 1470 ejusdem
436 1440 499 1461 sunt
522 1435 633 1470 patriae,
646 1434 687 1462 vel
708 1435 752 1469 qui
765 1434 929 1469 sophistices
944 1439 1028 1461 artem

240 1481 361 1515 apprime
389 1481 509 1513 callent,
543 1488 575 1507 ac
599 1480 673 1507 lucra
699 1480 835 1514 magistris
859 1480 1004 1507 conciliant
1020 1501 1027 1511 ,

239 1534 326 1561 eoque
344 1527 452 1553 nomine
472 1526 542 1560 apud
571 1534 618 1553 eos
645 1533 750 1552 summo
775 1526 876 1553 honore
894 1533 925 1552 ac
945 1526 1029 1560 pretio

240 1576 321 1604 sunt;
338 1571 554 1606 quandoquidem
568 1571 621 1598 illis
634 1571 767 1598 mercedis
783 1571 842 1598 loco
858 1576 910 1603 est,
927 1570 1026 1598 habere

240 1618 285 1652 qui
301 1618 418 1652 ipsorum
435 1618 582 1645 commodis
603 1617 738 1644 studeant.
762 1617 880 1648 Deinde,
901 1625 915 1643 a
939 1617 1027 1651 quoli-

239 1664 286 1691 bet
305 1663 409 1691 cavillis
424 1663 583 1695 lacessitur;
605 1663 678 1697 quod
693 1663 799 1697 quidem
810 1682 818 1694 ,
837 1662 863 1689 ni
880 1662 975 1693 fallor,
995 1670 1027 1689 eo

241 1709 362 1741 faciunt,
384 1714 413 1735 ut
429 1716 522 1736 eorum
536 1728 544 1741 ,
564 1710 610 1743 qui
631 1715 717 1742 nuper
730 1707 914 1739 advenerunt,
928 1707 1026 1734 fastum

240 1754 410 1788 reprimant,
435 1758 515 1788 atque
539 1760 553 1779 a
583 1752 714 1787 principio
740 1751 813 1786 ipsos
839 1752 864 1778 in
894 1754 1026 1786 potestate

241 1799 373 1834 redigant.
398 1799 552 1826 Lacessitur
574 1803 662 1825 autem
683 1808 688 1825 :
715 1796 748 1824 ab
773 1798 852 1830 aliis,
877 1797 1024 1828 audacius;

240 1845 274 1872 ab
288 1845 348 1871 aliis
359 1864 366 1876 ,
382 1845 511 1871 urbanius
523 1864 530 1875 ,
545 1849 623 1878 prout
639 1844 683 1870 ille
694 1864 701 1876 ,
716 1843 756 1871 vel
770 1843 878 1870 rusticis
889 1847 916 1869 et
927 1843 1025 1877 ineptis

239 1895 282 1917 est
309 1890 449 1922 moribus,
476 1890 516 1916 vel
545 1890 698 1917 urbanitate
726 1889 862 1924 praeditus.
885 1889 974 1923 Atque
1000 1888 1025 1914 id

241 1936 341 1971 ignaris
364 1935 472 1970 quidem
496 1935 661 1962 horrendum
695 1935 770 1962 valde
797 1938 826 1961 et
849 1933 1024 1960 inhumanum

240 1981 362 2013 videtur,
385 1980 418 2007 iis
438 1984 526 2006 autem
550 1987 681 2013 perquam
704 1979 853 2014 jucundum
877 1982 904 2004 et
926 1985 1023 2008 suave,

240 2026 285 2061 qui
299 2026 350 2053 hoc
364 2026 438 2060 prius
453 2030 560 2053 norunt.
579 2025 700 2059 Amplior
719 2026 790 2052 enim
804 2030 846 2052 est
862 2025 919 2052 haec
939 2024 1025 2051 mina-

240 2079 300 2098 rum
316 2072 471 2104 ostentatio,
485 2079 564 2105 quam
578 2071 658 2106 783
671 2079 713 2098 res
725 2071 867 2106 ipsa.Tum
883 2078 929 2105 per
937 2069 1024 2097 forum

240 2116 273 2143 ad
286 2116 409 2143 balneum
421 2124 480 2143 cum
494 2124 589 2151 pompa
602 2117 752 2143 deducitur.
761 2116 859 2151 Pompa
873 2121 962 2143 autem
974 2116 1025 2142 hoc

240 2161 320 2187 modo
348 2169 377 2187 se
401 2161 483 2188 habet
503 2168 510 2187 :
532 2160 583 2192 Qui
606 2160 753 2187 deducendi
777 2160 884 2193 juvenis
915 2167 1025 2187 munere

240 2206 408 2240 funguntur,
432 2205 526 2232 ordine
547 2205 690 2236 collocati,
718 2210 797 2238 atque
821 2205 905 2239 aequis
931 2204 1025 2238 spatiis

276 2294 332 2330 (14)
346 2294 472 2321 Παίουσι
488 2292 544 2330 τοι(
558 2293 645 2330 ἀέρα,
659 2297 712 2330 et_c_.
727 2290 835 2330 Nicetes
851 2291 922 2330 hunc
935 2290 1021 2330 locum

240 2326 285 2357 sicv
298 2326 407 2363 exponit
429 2337 461 2355 ac
483 2328 659 2363 distinguit»;
682 2327 760 2363 ‘Avtt
777 2326 824 2351 τοῦ
847 2326 936 2363 παίειν
959 2326 1020 2363 τους

239 2360 340 2396 ἵππους
356 2365 415 2394 ταῖς
435 2362 553 2398 μάστιξι,
569 2362 613 2388 τὸν
627 2361 697 2398 ᾀέρα
712 2361 836 2387 παίουσιν
852 2362 908 2391 τοῖς
924 2360 1021 2398 δακτύε-

240 2400 312 2431 λοις’
330 2408 339 2424 ε
360 2395 456 2425 Aerem
475 2398 565 2431 digitis
580 2395 732 2427 verberant,
747 2403 900 2431 cumequos
911 2395 1020 2431 scuticis

240 2429 384 2461 verberare
396 2440 446 2459 non
463 2429 575 2465 possint.
592 2440 601 2456 ι
626 2431 653 2457 ld
671 2435 754 2457 totum
771 2429 895 2462 refertur,
912 2430 1020 2465 nonad

241 2474 393 2499 certantes,
408 2467 454 2493 sed
463 2464 504 2493 ’ad
526 2466 703 2493 certaminum
725 2469 906 2499 spectatores,
924 2464 1021 2498 quibus

241 2511 301 2531 cum
317 2511 369 2529 non
388 2502 466 2528 liceat
482 2508 565 2535 equos
576 2500 686 2527 scutieis
706 2500 1020 2535 verberare,raut_habe-

242 2546 291 2565 nas
307 2536 451 2566 moderari,
466 2533 553 2562 tamen
570 2536 611 2562 vel
625 2535 777 2565 clamando,
799 2534 839 2561 vel
856 2533 956 2567 digitis,
973 2540 1019 2560 seu

241 2573 363 2599 manibus
376 2571 535 2604 plaudeudo,
547 2577 615 2603 saepe
627 2570 781 2604 aurigarum
793 2573 904 2604 conatus
919 2575 951 2604 ac
964 2575 1021 2594 mo-

241 2607 349 2633 litioues
370 2602 505 2639 frangunt,
527 2610 555 2631 et
570 2602 701 2637 equorum
719 2605 845 2637 impetum
867 2602 1019 2639 deturbant.

276 2642 332 2676 (45)
363 2642 409 2673 Ὠς
432 2637 670 2676 ζὶιάστιξιηῡιιεδι
696 2638 828 2676 in_Reg.,
857 2638 939 2673 Cypr.
960 2637 1022 2676 Bill.

243 2685 253 2702 ί
272 2673 402 2707 Stimulis,
431 2673 440 2701 ἡ
466 2683 546 2710 quatit
573 2674 820 2708 interpretationem
849 2681 901 2700 nou
925 2673 1022 2710 prohat

240 2711 426 2741 Coinbelisius,
440 2708 510 2744 quod
538 2710 571 2736 ad
595 2710 779 2744 metaphoram
799 2710 888 2743 inepta
909 2708 956 2740 sit,
974 2714 1022 2734 nec

240 2747 298 2773 voci
316 2746 414 2773 Graecae
429 2744 595 2779 respondeat.

277 2781 331 2815 (LE)
344 2776 582 2813 Εὑπορήὸ-αντες.
602 2778 683 2814 Regg.
701 2779 755 2810 bm,
770 2778 815 2813 ph.
829 2781 856 2805 et
867 2776 912 2804 0r.
931 2777 959 2810 2,
975 2777 1019 2804 εὑ-

241 2817 412 2851 πορήσοντες.

277 2847 334 2885 (47)
356 2849 425 2877 Τῶν.
444 2848 523 2877 Deest
536 2848 562 2876 in
578 2847 642 2882 Reg.
657 2855 682 2876 a.

1113 1115 1172 1149 ις’.
1199 1116 1273 1142 Ἐπεὶ
1287 1116 1309 1142 δ’
1322 1116 1356 1143 ἂν
1371 1114 1418 1142 οὗν
1441 1125 1483 1148 τις
1499 1117 1595 1152 ἐπιστῇ
1611 1117 1666 1143 τῶν
1676 1117 1755 1148 νέων,
1771 1118 1817 1144 καὶ
1831 1119 1862 1146 ὲν

1076 1162 1153 1196 χερσὶ
1176 1162 1288 1197 γένηται
1305 1162 1359 1188 τῶν
1380 1162 1491 1189 ἑλόντων
1507 1163 1563 1197 (48)
1580 1163 1691 1197 (γίνεται
1713 1163 1753 1194 δὲ,
1774 1163 1861 1198 ἥβια-

1078 1206 1161 1237 σθεὶς,
1189 1207 1205 1241 ἢ
1233 1206 1325 1241 ἑκὼν),
1349 1207 1430 1241 νόμος
1456 1205 1533 1238 οὗτός
1557 1207 1629 1233 ἐστιν
1655 1208 1746 1239 αὐτοῖς
1776 1208 1861 1234 Ἄττι-

1076 1252 1123 1283 κὸς
1134 1252 1200 1287 (49),
1214 1252 1261 1279 καὶ
1279 1252 1371 1279 παιδιὰ
1384 1253 1484 1287 σπουδῇ
1502 1252 1654 1288 σύμμικτος
1663 1260 1670 1267 ·
1684 1253 1796 1289 Πρῶτον
1812 1253 1861 1288 μὲν

1078 1296 1229 1330 ξεναγείται
1244 1297 1319 1332 παρά
1330 1306 1383 1324 τινι
1398 1297 1452 1324 τῶν
1470 1298 1681 1333 προειληφότων,
1696 1299 1712 1333 ἢ
1732 1299 1828 1333 φίλων,
1843 1299 1860 1334 ἢ

1079 1341 1226 1375 συγγενῶν,
1242 1342 1258 1376 ἢ
1271 1342 1326 1367 τῶν
1340 1342 1372 1368 ἐκ
1387 1342 1436 1376 τῆς
1454 1342 1536 1377 αὐτῆς
1551 1342 1688 1377 πατρίδος,
1701 1343 1717 1378 ἢ
1733 1342 1789 1369 τῶν
1805 1344 1862 1370 ὅσοι

1079 1387 1200 1422 περιττοὶ
1214 1387 1248 1414 τὰ
1262 1387 1414 1421 σοφιστικὰ,
1427 1388 1474 1414 καὶ
1487 1388 1660 1423 προσαγωγοὶ
1679 1387 1732 1414 τῶν
1751 1388 1862 1424 λημμά-

1077 1441 1142 1464 των,
1155 1432 1302 1459 κάντεῦθεν
1317 1433 1432 1468 μάλιστα
1445 1433 1488 1459 διὰ
1502 1433 1583 1468 τιμῆς
1597 1433 1726 1465 ἐκείνοις·
1744 1434 1805 1460 ἐπεὶ
1815 1434 1862 1460 καὶ

1077 1478 1156 1505 τοῦτο
1173 1478 1265 1513 μισθός
1283 1480 1356 1505 ἐστιν
1379 1479 1469 1510 αὐτοῖς
1489 1478 1542 1505 τῶν
1566 1479 1738 1506 σωυδαπῶν
1759 1480 1861 1515 τυγχά-

1079 1533 1133 1550 νειν
1151 1524 1217 1559 (50).
1235 1525 1349 1551 Ἔπειτα
1372 1524 1553 1559 ὲρεσχελεῐται
1573 1525 1648 1560 παρὰ
1666 1525 1712 1551 τοῦ
1734 1524 1860 1561 βουλομέ-

1080 1580 1124 1598 νου
1148 1570 1263 1601 παντός·
1281 1570 1403 1606 βούλεται
1432 1571 1461 1598 δὲ
1484 1572 1585 1603 αὐτοῖς,
1607 1568 1694 1606 οἶμαι,
1715 1571 1795 1597 τοῦτο
1808 1571 1860 1597 τῶν

1077 1615 1212 1651 νεηλύδων
1231 1616 1383 1642 συστέλλειν
1395 1615 1491 1650 (Βητὺ
1507 1617 1642 1652 φρόνημα,
1655 1617 1701 1643 καὶ
1715 1607 1768 1643 ὐπδ
1784 1618 1862 1652 χεῖρα

1078 1661 1153 1696 σφῶν
1175 1661 1222 1687 ἀπ’
1238 1661 1325 1697 ἀρχῆς
1340 1661 1426 1695 ἄγειν.
1446 1661 1641 1696 Ἐρεσχελεῖται
1660 1661 1698 1694 δὲ,
1716 1661 1793 1697 παρὰ
1813 1661 1861 1696 μὲν

1077 1706 1140 1738 τῶν,
1160 1705 1339 1741 θρασύτερον·
1362 1705 1437 1741 παρὰ
1458 1705 1487 1731 δὲ
1504 1705 1568 1737 τῶν,
1584 1705 1775 1742 λογικώτερον,
1788 1706 1861 1738 ὅπως

1076 1751 1109 1778 ἂν
1130 1751 1282 1786 ἀγροικίας,
1303 1751 1319 1786 ἢ
1344 1750 1516 1786 ἀστειότητος
1533 1751 1591 1786 ἔχῃ.
1615 1751 1670 1778 Καὶ
1686 1751 1716 1777 τὸ
1734 1753 1858 1786 πρᾶγμα,

1075 1797 1132 1828 τοῖς
1150 1796 1198 1831 μὲν
1217 1796 1341 1830 ἀγνοοῦσι
1360 1796 1419 1822 λίαν
1434 1796 1549 1831 φοϐερὸν
1572 1796 1628 1831 (52)
1649 1796 1697 1822 καὶ
1713 1796 1858 1831 ἀνήμερον,

1076 1843 1131 1873 τοῖς
1147 1842 1176 1868 δὲ
1191 1841 1326 1878 προειδόσι
1351 1841 1398 1868 καὶ
1420 1841 1491 1876 μάλα
1515 1842 1564 1876 ἡδὺ
1591 1842 1637 1868 καὶ
1661 1841 1858 1877 φιλάνθρωπον.

1076 1886 1178 1912 Πλείων
1193 1886 1247 1921 γάρ
1261 1887 1333 1912 ἐστιν
1355 1886 1370 1920 ἡ
1386 1885 1506 1918 ἔνδειξις,
1529 1885 1545 1919 ἢ
1562 1885 1592 1911 τὸ
1609 1885 1689 1921 ἔργον
1707 1885 1762 1911 τῶν
1782 1885 1860 1911 ἀπει-

1075 1932 1221 1967 λουμένων.
1242 1932 1355 1958 Ἔπειτα
1366 1931 1501 1966 πομπεύει
1513 1930 1556 1957 διὰ
1572 1931 1621 1966 τῆς
1635 1931 1748 1966 ἀγορᾶς,
1767 1931 1813 1956 ἐπὶ
1828 1930 1858 1956 τὸ

1075 1977 1186 2013 λουτρὸν
1216 1977 1410 2014 προαγόμενος.
1442 1977 1475 2003 Ἦ
1495 1976 1591 2011 πομπὴ
1615 1976 1659 2002 δέ·
1680 1977 1860 2009 Διατάξαντες

1076 2023 1189 2054 ἑαυτοὺς
1203 2023 1343 2057 στοιχηδὸν
1355 2021 1425 2048 κατὰ
1441 2021 1570 2055 συζυγίαν
1586 2022 1617 2047 ἐκ
1631 2021 1821 2056 διαστήματος,
1834 2022 1859 2047 οἱ

1075 2068 1213 2100 τελοῦντες
1230 2067 1269 2103 τῷ
1285 2068 1337 2103 νέῳ
1355 2067 1403 2103 τὴν
1422 2067 1542 2103 πρόοδον,
1558 2067 1604 2093 ἐπὶ
1620 2067 1650 2093 τὸ
1666 2066 1776 2102 λουτρὸν
1791 2075 1859 2102 προ-

1076 2114 1238 2149 πέμπουσιν.
1262 2113 1384 2140 Ἐπειδὰν
1413 2113 1442 2139 δὲ
1468 2113 1638 2148 πλησιάσωσι
1663 2112 1730 2148 (55),
1753 2112 1800 2147 βοῇ
1828 2120 1858 2138 τε

1075 2157 1158 2192 πολλῇ
1170 2157 1217 2183 καὶ
1230 2157 1360 2192 ἑξάλμασι
1373 2156 1518 2192 χρώμενοι,
1531 2157 1656 2192 καθάπερ
1669 2156 1859 2188 ἐνθουσιῶντες

1076 2202 1192 2238 (κελεύει
1209 2203 1238 2228 δὲ
1257 2204 1273 2238 ἡ
1290 2202 1349 2238 βοὴ,
1370 2203 1407 2238 μὴ
1422 2202 1586 2237 προϐαίνειν,
1601 2202 1658 2228 ἀλλ’
1672 2202 1808 2233 ἵστασθαι,
1822 2202 1859 2234 ὡς

1109 2290 1164 2324 (68)
1191 2291 1345 2317 Ἐλόι-των.
1361 2289 1405 2316 Sic
1420 2289 1503 2324 chg.
1520 2297 1545 2322 a,
1557 2297 1582 2321 c.
1599 2290 1625 2321 d.
1643 2289 1697 2316 duo
1712 2288 1856 2320 Coisl.,0r.

1073 2324 1091 2351 2
1104 2331 1130 2352 cl.
1140 2326 1234 2352 Comlt.
1251 2325 1277 2351 ln
1291 2327 1346 2356 ed.,
1364 2325 1487 2359 ἑχόντων.

1109 2360 1165 2393 (49)
1189 2360 1323 2392 Ἀττικός.
1340 2358 1413 2388 [κη-⁷..
1434 2360 1574 2390 Ἀττικοῖς.
1591 2358 1672 2385 Moris
1687 2359 1767 2386 Attici
1780 2366 1855 2386 men-

1069 2394 1169 2454 :Jiouem
1183 2394 1286 2434 faciunt
1296 2395 1381 2430 Cyrus
1395 2394 1561 2426 Theodorus,
1574 2399 1600 2421 et
1611 2393 1748 2428 Eutrapius
1762 2394 1855 2428 in.vita

1093 2437 1224 2454 maeres".

1093 2437 1145 2455 Γοὶε
1149 2437 1200 2455 I'PSI
1205 2438 1211 2455 Ι
1217 2448 1224 2455 .

1106 2463 1160 2498 (50)
1177 2463 1379 2491 Σπουδαστῶν
1388 2463 1558 2498 τυγχάνειν.
1573 2462 1601 2490 lu
1613 2463 1760 2495 nonnullis,
1776 2471 1856 2489 σπου-

1068 2498 1170 2525 δαστῶν
1184 2500 1247 2533 περὶ
1261 2499 1346 2525 ταῦτα
1361 2499 1540 2533 ἐντυγχάνειν.

1105 2534 1162 2568 (5i)
1198 2532 1390 2561 Σὺστέλλειν.
1414 2532 1478 2568 neg.
1502 2542 1527 2564 c,
1567 2532 1767 2559 καταστέλλειν.
1795 2532 1854 2559 Bill.

1073 2577 1082 2594 ι
1102 2573 1132 2594 ut
1149 2569 1308 2594 novitioruut
1326 2569 1429 2595 animos
1442 2568 1611 2595 contrahant.
1629 2576 1638 2592 ι

1107 2603 1164 2637 (52)
1185 2604 1259 2629 Δίαν
1273 2603 1416 2637 φοϐερόν,
1431 2608 1484 2629 etc.
1505 2603 1590 2636 Cyrus
1604 2601 1761 2637 Theodorus
1775 2601 1815 2629 sic
1829 2601 1854 2627 in

1074 2636 1389 2664 hanc'cousuetudlnem
1415 2638 1478 2664 lusit
1502 2646 1508 2663 :
1530 2637 1594 2668 Nai,
1624 2638 1679 2668 ναὶ,
1696 2637 1726 2662 τὸ
1745 2636 1856 2671 λουτρὸν

1071 2673 1127 2703 τοῖς
1151 2672 1277 2707 Ἀθήνῃσι
1295 2672 1395 2704 ξένοις,
1416 2673 1454 2703 ὡς
1476 2671 1627 2707 πλῆκτρονί
1650 2672 1688 2702 ὡς
1706 2672 1854 2706 φόϐητρονί

1070 2708 1108 2739 ὡς
1126 2706 1286 2743 καινὴγθέαί
1305 2717 1313 2732 ι
1339 2707 1465 2743 Balneum
1481 2706 1601 2743 profecto
1614 2706 1684 2743 apud
1707 2707 1855 2743 Athenien-

1069 2749 1124 2774 ses,
1138 2740 1219 2776 quam
1243 2742 1426 2773 metuendum,
1446 2749 1525 2775 quam
1545 2740 1746 2767 formidolosum
1762 2741 1853 2774 hospi-

1070 2777 1153 2808 tibus,
1169 2785 1249 2810 quam
1265 2784 1363 2811 uo_vum
1377 2776 1556 2811 spectaculum
1571 2776 1577 2801 !
1597 2784 1605 2800 ι

1104 2812 1161 2848 (55)
1177 2809 1444 2846 Πλησιάἴῖωσιᾘδὶε
1458 2811 1505 2838 0r.
1521 2810 1548 2837 2.).
1577 2811 1602 2838 In
1622 2810 1677 2843 ed.,
1703 2809 1855 2845 πλησιάζοι·

1068 2854 1104 2874 σι.
