2013 3134
145 148 192 177 5I'l

545 149 673 176 ORATIO
692 149 784 177 XLIII.
804 165 838 170 —
859 149 891 177 IN
911 149 1051 178 LAUDEM
1070 150 1191 179 BASILII
1212 152 1332 180 MAGNI.

1701 156 1753 184 5I8

144 204 185 230 τοῦ
197 204 308 240 λουτροῦ
328 206 398 240 σφᾶς
419 205 449 231 οὺ
470 205 713 241 παραδεχομένου)·
726 206 772 232 καὶ
791 206 849 241 ἅμα
869 206 923 233 τῶν

979 207 1112 240 distincti,
1133 209 1188 236 bini
1206 215 1267 235 eum
1292 209 1325 235 ad
1348 208 1472 236 balneum
1492 210 1663 238 antecedunt.
1687 211 1756 239 Cum

144 249 226 285 θυρῶν
251 251 456 286 ἀρασσομένων,
476 251 590 287 πατάγῳ
602 251 648 278 τὸν
665 252 725 278 νέον
745 252 922 288 φοϐήσαντες,

144 294 197 323 εἶτα
224 296 275 331 τὴν
298 297 400 324 εἴσοδον
423 297 661 333 συγχωρήσαντες,
689 297 775 330 οὕτως
800 298 852 334 ήδη
875 299 926 334 τὴν

143 341 293 377 ἐλευθερίαν
302 342 427 375 διδόασιν,
440 344 568 378 όμοτιμον
581 343 614 369 ὲκ
628 342 675 370 τοῦ
687 343 810 378 λουτροῦ,
826 343 873 370 καὶ
887 343 926 376 ὡς

143 384 228 411 αὐτῶν
239 385 287 412 ἕνα
301 386 441 422 δεχόμενοι
451 396 457 402 ·
472 387 518 414 καὶ
532 387 609 414 τοῦτό
625 387 700 414 ἐστιν
716 387 808 419 αὐτοῖς
821 388 871 423 τῆς
880 396 926 414 τε-

143 428 217 464 λετῆς
241 430 298 465 (54)
319 430 349 457 τὸ
365 431 557 465 τερπνότατον,
575 432 592 466 ἡ
610 431 723 467 ταχίστη
740 432 794 457 τῶν
810 431 926 459 λυπούν-

141 481 192 500 των
206 473 359 511 ,ἀπαλλαγὴ
379 476 428 502 καὶ
448 475 603 508 κατάλυσις.
624 476 690 502 Τότε
706 475 796 503 τοίνυν
810 475 866 511 ἐγὼ
880 477 926 504 τὸν

142 509 277 555 ἐμόν’(ὅὸ)
294 520 341 547 καὶ
354 521 441 555 μέγαν
459 521 608 553 Βασίλειον,
624 522 674 548 οὐκ
689 522 770 554 αὐτὸς
788 521 821 548 δι’
832 509 926 554 αἰδοῦς

142 561 204 600 ἦγον
219 564 300 600 μόνον
317 565 383 601 (56),
395 566 426 592 τό
439 575 469 592 τε
481 565 528 593 τοῦ
548 566 630 602 ἤθους
646 567 777 602 στάσιμον
790 567 924 602 καθορῶν,

142 610 185 636 καὶ
199 611 230 636 τὸ
246 611 275 637 ὲν
289 610 378 644 λόγοις
392 611 507 647 καίριον,
523 612 590 639 ἀλλὰ
604 612 650 638 καὶ
669 612 730 644 τοὺς
744 612 839 645 ἄλλους
853 613 926 641 ἐπει-

142 655 184 683 θον
201 657 303 691 ὁμοίως
315 657 397 692 ἔχειν,
413 659 469 684 ὅσοι
485 658 540 684 τῶν
559 657 626 686 νέων
638 658 798 692 ἀγνοοῦντες
818 659 863 686 τὸν
877 659 925 686 ἇν-

141 702 187 738 δρα
198 702 356 737 ἐτύγχανον.
369 704 431 736 Τοῖς
445 704 499 740 γὰρ
514 703 620 736 πολλοῖς
631 704 712 736 εὐθὺς
727 704 865 740 αἰδέσιμος
880 702 923 740 ἦν,

141 748 204 784 ἀκοῇ
218 748 492 785 προκατειλημμένος
507 750 575 785 (57).
594 751 638 784 Ἐξ
649 749 678 778 οὗ
691 752 718 778 τί
731 752 834 786 γίνεται
848 761 855 784 ;
871 753 926 779 Μό-

141 801 181 824 νος
192 794 286 828 σχεδὸν
304 794 361 830 (58)
371 795 426 821 τῶν
439 795 653 831 ἐπιδημούντων,
673 797 719 824 τὺν
732 798 821 825 κοινὸν
835 799 926 833 διέφυ-

141 847 169 872 γε
181 839 273 874 νόμον,
287 840 439 875 κρείττονος
451 842 467 877 ἢ
482 842 551 869 κατὰ
564 842 660 877 νέηλυν
673 842 798 875 ἀξιωθεὶς
809 844 857 879 τῆς
869 844 924 879 (59)

141 892 227 920 τιμης-

975 261 1064 282 autem
1087 255 1198 290 propius
1220 255 1404 288 accesserint,
1426 255 1501 290 quasi
1527 255 1645 284 fanatico
1668 256 1761 285 furore

975 300 1091 334 correpti
1102 319 1110 330 .
1126 300 1272 327 clamorem
1293 299 1429 334 ingentem
1447 308 1507 327 eum
1523 301 1687 329 saltitatione
1709 302 1761 330 tol-

975 345 1062 373 lentes
1079 345 1145 381 (hic
1165 351 1254 373 autem
1273 345 1392 378 clamor,
1410 353 1443 373 ne
1460 346 1572 374 ulterius
1588 347 1763 382 progredian-

976 394 1036 423 tur,
1051 396 1139 424 vetat,
1161 391 1207 418 sed
1223 395 1252 418 ut
1269 391 1412 424 insistant,
1432 395 1557 426 tanquam
1575 400 1622 419 eos
1636 392 1760 420 balneum

976 436 1087 464 minime
1105 435 1273 470 admittat);
1290 436 1425 471 simulque
1441 437 1553 471 pulsatis
1566 436 1658 471 januis
1669 458 1677 470 .
1699 445 1760 465 enm

975 489 1024 516 per
1052 483 1194 517 strepitum
1217 482 1308 517 juveni
1333 487 1433 509 metum
1457 483 1621 510 incesserint
1639 503 1647 516 ,
1671 489 1762 518 postea

976 533 1104 554 concesso
1127 527 1267 561 ingressu,
1290 527 1326 554 ita
1349 527 1456 554 demum
1475 535 1536 554 eum
1561 527 1587 555 in
1610 527 1762 557 libertatem

976 577 1118 604 asserunt;
1141 577 1223 607 atque
1246 580 1261 600 a
1281 573 1374 600 balneo
1401 573 1556 601 redeuntem
1581 574 1709 608 deinceps
1735 580 1764 601 ut

976 617 1107 652 aequalem
1123 625 1157 644 ac
1174 618 1293 645 sodalem
1313 618 1468 652 accipiunt;
1485 623 1564 653 atque
1581 618 1632 646 hoc
1645 618 1710 653 ipsis
1723 624 1763 646 est

977 663 1058 691 totius
1071 664 1183 698 hujusce
1199 665 1366 692 cmretnouire
1379 664 1616 698 iucundissimum.
1631 664 1759 691 nimirum

976 708 1116 736 celerrima
1142 709 1296 736 vexantium
1320 709 1450 737 discessio
1478 716 1510 737 ac
1534 714 1623 737 catus
1648 709 1760 738 solutio.

977 753 1052 780 Tunc
1066 754 1147 788 igitur
1162 761 1250 781 meum
1271 761 1452 789 magnumque
1472 754 1616 786 Basilium,
1635 761 1687 781 non
1705 755 1762 789 ipse

976 801 1062 827 solum
1076 801 1249 828 veneratione
1263 802 1461 837 prosequebar,
1483 802 1553 836 quod
1570 801 1641 828 illius
1659 805 1714 827 tum
1735 801 1761 828 in

977 846 1097 873 moribus
1115 847 1289 880 gravitatem,
1311 851 1365 873 tum
1387 847 1413 873 in
1433 848 1603 873 sermonibus
1621 847 1763 874 maturita-

977 895 1029 917 tem
1047 896 1074 918 et
1093 891 1262 926 prudentiam
1285 892 1485 926 conspicerem;
1511 892 1558 918 sed
1580 892 1641 920 aliis
1661 892 1741 919 etiam
1754 912 1762 924 ,

140 933 232 966 quibus
253 941 306 960 non
331 934 443 968 perinde
462 936 586 970 cognitus
608 940 683 967 erat.
707 941 736 964 ut
758 937 827 964 idem
854 937 992 972 facerent,
1011 939 1215 972 persuadebam.
1245 939 1310 966 Nam
1345 940 1414 972 apud
1434 939 1532 966 multos
1566 940 1656 966 statim
1673 939 1700 966 in
1722 947 1764 966 ve-

140 981 278 1007 neratione
296 984 355 1008 erat
367 1001 374 1014 ,
393 986 421 1009 ut
438 982 483 1016 qui
499 981 570 1009 fama
587 988 614 1010 et
633 983 771 1011 auditione
791 983 844 1018 iam
860 992 921 1011 eum
939 986 1136 1021 praecepissent.
1156 987 1194 1013 Ex
1206 994 1258 1021 quo
1287 987 1351 1022 quid
1382 987 1512 1020 contigit?
1535 986 1592 1021 Ipse
1609 987 1682 1014 solus
1706 987 1764 1015 fere

140 1031 171 1051 ex
190 1025 337 1058 omnibus,
359 1028 403 1061 qui
422 1028 571 1055 studiorum
597 1037 677 1056 causa
712 1030 833 1057 Athenas
856 1031 1018 1066 veniebant,
1051 1033 1186 1060 communi
1213 1033 1271 1068 lege
1298 1033 1401 1060 solutus
1432 1039 1474 1060 est
1487 1053 1496 1064 η
1521 1033 1650 1060 maiorem
1673 1034 1764 1069 utique

141 1071 283 1105 honorem,
308 1081 388 1108 quam
409 1075 506 1102 tironis
526 1076 646 1103 conditio
671 1076 742 1104 ferre
760 1077 921 1112 videbatur,
941 1084 1112 1107 consecutus.

172 1129 219 1156 IZ'.
236 1129 324 1155 Τοῦτο
343 1131 406 1165 ὑμῖν
421 1130 470 1166 τῆς
487 1130 577 1165 φιλίας
595 1131 735 1166 προοίμιον
747 1140 753 1147 ·
767 1132 891 1158 ἐντεῦθεν
911 1133 926 1158 ὁ

140 1173 186 1208 τῆς
203 1175 349 1209 συναφείας
368 1176 495 1212 σπινθήρ-
510 1176 597 1208 οὖτως
612 1177 655 1204 ἐπ’
668 1177 792 1212 ἀλλήλοις
805 1177 926 1213 ἐτρώθη-

141 1229 197 1255 μεν.
213 1222 329 1249 Ἔπειτα
347 1224 495 1259 συνηνέχθη
518 1232 544 1250 τι
566 1224 613 1250 καὶ
629 1224 748 1251 τοιοῦτον
760 1233 766 1240 ·
790 1225 849 1251 οὐδὲ
872 1224 926 1260 γὰρ

140 1267 214 1294 τοῦτο
227 1268 395 1303 παραλιπεῖν
414 1269 504 1303 ἄξιον·
524 1270 580 1305 Οὐχ
600 1269 701 1297 ἁπλοῦν
716 1271 793 1304 γένος
808 1271 926 1306 εὑρίσκω

140 1313 199 1345 τοὺς
216 1314 385 1350 Ἀρμενίους,
401 1315 470 1342 ἀλλὰ
491 1317 537 1343 καὶ
557 1316 616 1342 λίαν
631 1316 752 1352 κρυπτάν
771 1325 796 1343 τι
814 1317 860 1343 καὶ
875 1316 926 1351 ὕφ-

140 1357 209 1385 αλον.
227 1359 296 1386 Τότε
310 1359 399 1387 τοίνυν
413 1360 467 1387 τῶν
476 1360 508 1386 ὲκ
522 1361 643 1393 πλείονος
656 1361 729 1396 αὑτῷ
745 1361 867 1397 συνήθων
881 1361 929 1388 καὶ

140 1404 220 1438 φίλων
237 1405 322 1438 τινὲς,
337 1405 374 1432 ἐτ’
391 1407 425 1433 ὲκ
440 1407 486 1434 τοῦ
503 1407 604 1442 πατρὸς
620 1407 674 1442 (60)
691 1407 737 1434 καὶ
756 1408 804 1443 τῆς
826 1407 928 1434 ἄνωθεν

141 1450 262 1486 ἑταιρίας
294 1452 362 1487 (καὶ
392 1452 447 1488 γὰρ
473 1453 580 1489 ἐκείνης
610 1454 660 1488 τῆς
686 1454 827 1490 διατριϐῆς
853 1454 928 1486 ὄντες

140 1495 308 1533 ἐτύγχανον),
331 1498 488 1534 προσιόντες
501 1499 575 1534 αὐτῷ
590 1499 658 1534 μετὰ
675 1499 780 1533 φιλικοῦ
802 1499 928 1534 πλάσμα-

1013 1133 1093 1161 XVII.
1113 1133 1168 1161 IIoc
1187 1134 1263 1161 nobis
1288 1134 1413 1160 amicitiae
1433 1134 1607 1169 prmludiunt:
1631 1135 1694 1162 hinc
1716 1143 1764 1162 ne-

979 1179 1150 1206 cessitudinis
1179 1178 1310 1213 igniCulus
1333 1187 1340 1205 :
1366 1179 1405 1206 sic
1430 1184 1520 1206 mutuo
1538 1187 1630 1206 amore
1651 1179 1763 1206 sauciati

979 1232 1081 1252 sumus.
1101 1224 1198 1252 Postea
1218 1224 1369 1259 huiusmodi
1384 1233 1491 1259 quoque
1510 1226 1636 1259 quiddam
1649 1226 1762 1259 accidit;

979 1276 1041 1296 nam
1062 1276 1093 1296 ne
1117 1269 1168 1297 hoc
1189 1270 1295 1304 quidem
1318 1270 1487 1309 praetermitti
1500 1270 1594 1297 debet:
1610 1270 1684 1297 Hand
1700 1271 1765 1298 sim-

979 1314 1074 1349 plicem
1089 1319 1115 1342 et
1129 1321 1250 1350 apertam
1264 1316 1399 1342 nationem
1412 1316 1554 1343 Armenios
1569 1324 1629 1354 esse
1646 1317 1764 1349 invenio,

976 1363 1040 1397 quin
1055 1362 1162 1396 potius,
1180 1361 1324 1389 admodum
1347 1366 1444 1389 tectam
1466 1366 1493 1389 et
1511 1362 1675 1389 simulatam.
1695 1362 1762 1390 Tum

977 1415 1040 1440 ergo
1065 1407 1185 1434 nonnulli
1207 1407 1263 1442 jam
1284 1407 1347 1435 olim
1363 1416 1423 1435 eum
1450 1408 1507 1443 ipso
1529 1408 1714 1437 familiaritate
1737 1415 1765 1437 et

977 1453 1092 1480 amicitia
1116 1452 1268 1487 conjuncti,
1290 1457 1346 1481 tum
1372 1454 1459 1481 adhuc
1481 1462 1513 1481 ex
1535 1458 1629 1489 patre,
1652 1461 1707 1482 tum
1730 1464 1763 1483 ex

976 1497 1060 1524 veteri
1078 1497 1202 1524 sodalitio
1228 1497 1312 1533 (nam
1335 1498 1362 1524 in
1387 1498 1430 1525 illa
1452 1498 1543 1525 schola
1571 1499 1685 1526 instituti
1709 1500 1766 1527 fue-

139 1550 182 1574 τος
197 1542 306 1578 (φθόνος
327 1545 355 1571 δὲ
369 1542 413 1580 ἦν,
431 1545 480 1572 οὑκ
496 1545 585 1572 εὔνοια
602 1545 632 1572 τὸ
647 1546 806 1581 προσάγον).
819 1545 927 1582 ἐπηρώ-

979 1542 1071 1577 rant),
1094 1543 1127 1570 ad
1144 1543 1230 1577 ipsum
1253 1551 1300 1578 per
1322 1543 1446 1571 amicitia:
1467 1544 1583 1578 speciem
1606 1545 1765 1572 accedentes

139 1596 190 1614 των
216 1597 246 1615 τε
275 1589 367 1623 αὐτὸν,
398 1590 555 1624 φιλονείκως
584 1590 684 1626 μᾶλλον
707 1591 863 1627 ἢλογικῶς,
882 1592 929 1618 καὶ

140 1633 292 1661 ὐποκλίνειν
308 1635 415 1667 ἑαυτοῖς
431 1636 581 1671 ἐπειρῶντο
595 1636 639 1663 διὰ
665 1636 714 1672 τῆς
739 1635 849 1672 πρώτης
870 1637 929 1663 ἐπι-

141 1679 299 1714 χειρήσεως,
313 1681 363 1715 τήν
371 1689 401 1706 τε
415 1681 517 1707 ἄνωθεν
529 1679 576 1707 τοῦ
588 1681 683 1716 ἀνδρὸς
695 1682 808 1716 εὐφυΐαν
820 1683 928 1714 εἰδότες,

142 1725 186 1750 καὶ
206 1725 255 1761 τὴν
278 1726 341 1752 τότε
363 1726 445 1761 τιμὴν
458 1727 488 1753 οὐ
501 1727 636 1763 φέροντες.
649 1727 740 1754 Δεινὸν
753 1727 808 1763 (GI)
824 1728 878 1763 γὰρ
893 1726 930 1754 εἴ-

142 1778 193 1801 ναι,
204 1772 232 1806 -εῑ
250 1771 448 1807 προειληφότες
459 1773 523 1804 τοὺς
539 1772 685 1808 τρίϐωνας,
705 1773 750 1799 καὶ
765 1773 821 1808 (62)
835 1774 931 1808 λαρυγ-

143 1817 226 1850 γίζειν
243 1818 299 1854 (65)
317 1817 580 1854 προμελετήσαντες,
604 1819 640 1853 μὴ
670 1818 750 1845 πλέον
775 1818 860 1853 ἔχοιεν
882 1817 930 1845 τοῦ

143 1862 217 1895 ξένου
236 1872 267 1890 τε
289 1864 338 1890 καὶ
358 1863 492 1899 νεήλυδος.
519 1863 589 1897 Ἐγὼ
607 1864 634 1890 δὲ
652 1864 666 1890 ό
690 1863 864 1899 φιλαθήναιος
885 1864 931 1890 καὶ

145 1908 255 1944 μάταιος
272 1909 315 1945 (οὐ
335 1910 390 1945 γὰρ
404 1909 527 1945 ᾐσθόμην
541 1909 588 1935 τοῦ
604 1909 713 1944 φθόνου,
733 1909 868 1935 πιστεύων
892 1908 931 1944 τῷ

144 1954 303 1990 πλάσματι),
322 1955 374 1990 ἤδη
388 1954 554 1989 κλινομένων
571 1953 671 1986 αὐτῶν,
689 1954 735 1980 καὶ
750 1954 784 1980 τὰ
800 1954 871 1981 νῶτα
889 1963 932 1990 με-

144 2000 328 2028 τασαλλόντων
349 2000 407 2036 (καὶ
430 2000 483 2036 γὰρ
499 1999 680 2036 ἐζηλοτύπουν
692 2000 723 2026 τὸ
736 2000 790 2027 τῶν
810 1999 931 2036 Ἀθηνῶν

145 2045 219 2078 κλέος
233 2047 263 2073 ἐν
278 2047 395 2078 ἐκείνοις
407 2046 600 2082 καταλυθῆναι,
612 2047 659 2074 καὶ
673 2047 787 2082 τάχιστα
802 2055 933 2082 περιφρο-

145 2092 277 2127 νηθῆναι),
294 2093 440 2128 ὑπήρειδόν
459 2101 488 2119 τε
511 2093 574 2124 τοὺς
596 2092 702 2124 νεανίας
722 2092 866 2127 ἐπανάγων
886 2093 932 2119 τὸν

145 2137 229 2172 λόγον,
243 2139 292 2165 καὶ
304 2138 357 2173 τὴν
371 2139 436 2174 παρ’
448 2138 567 2173 ἐμαυτοῦ
584 2138 669 2173 ῥοπὴν
684 2138 861 2174 χαριζόμενος
879 2138 933 2173 (δύ-

145 2191 218 2210 ναται
235 2184 263 2210 δὲ
278 2184 328 2210 καὶ
341 2184 357 2219 ἡ
372 2183 458 2219 μικρὰ
471 2183 611 2219 προσθήκη
628 2183 659 2209 τὸ
672 2183 726 2209 πᾶν
740 2184 768 2209 ὲν
781 2183 932 2219 τοιούτοις),

148 2228 215 2261 ἴσας
229 2230 348 2264 ὑσμίνῃ
364 2228 420 2264 (64)
432 2229 484 2262 τὰς
501 2228 645 2263 κεφαλὰς,
656 2229 686 2255 τδ
701 2228 748 2255 τοῦ
766 2229 856 2263 λόγου,
870 2238 933 2256 κατ-

146 2274 254 2310 έστησα.
276 2276 324 2307 Ὧς
343 2275 372 2301 δὲ
388 2275 418 2302 τὸ
433 2277 481 2311 τῆς
500 2275 643 2308 διαλέξεως
659 2274 746 2309 ἔγνων
766 2275 932 2312 ἀπόρρητον,

145 2319 203 2346 οὐδὲ
219 2320 354 2347 καθεκτὸν
368 2319 408 2346 ἔτι
421 2320 564 2356 τυγχάνον,
579 2319 647 2347 ἀλλὰ
662 2320 754 2355 σαφῶς
772 2321 821 2356 ἤδη
843 2329 932 2356 παρα-

182 2444 238 2480 (54)
261 2443 400 2478 Τελετῆς.
416 2443 462 2480 Sic
481 2443 564 2480 Regg.
582 2451 606 2480 ο,
622 2451 648 2476 e,
668 2444 695 2477 d,
716 2442 797 2470 Coisl.
815 2443 843 2475 2,
860 2442 935 2471 Pass.

149 2483 175 2506 et
185 2479 278 2506 Comi).
296 2480 326 2507 In
343 2481 398 2511 ed.,
412 2479 549 2513 τελευτῆς,
564 2488 575 2504 ι
592 2479 662 2512 ﬁnis,
677 2486 760 2505 mors.
783 2488 792 2504 ι

181 2514 237 2550 (55)
255 2514 312 2541 Τὸν
330 2513 412 2549 ἐμόν.
429 2512 523 2550 Βεεεζ
537 2521 563 2546 a,
584 2522 610 2546 c,
624 2515 654 2550 (Ι,
668 2513 747 2540 Coisl.
768 2513 796 2545 2,
812 2512 858 2540 0r.
876 2512 894 2539 2
909 2517 936 2540 et

147 2548 353 2581 Pass.‘addnnt,
370 2549 450 2583 σοφόν
465 2557 508 2579 τε,
529 2557 539 2574 ‹
558 2554 585 2576 et
598 2549 758 2584 sapientem.
782 2557 791 2574 ι

181 2584 237 2618 (56)
250 2584 365 2611 Μόνον.
380 2584 466 2616 Pass.,
482 2583 571 2618 μόνος.

182 2619 240 2680 (57)
251 2619 559 2654 Προκατειλημμένος.
579 2617 643 2653 Reg.
664 2618 708 2645 lim
723 2622 750 2644 et
766 2617 853 2651 Pass.,
867 2626 933 2653 προ-

182 2662 223 2680 τει
241 2654 387 2680 ημμένοιε.
814 2667 817 2670 ‹

147 2654 387 2689 κατειλημμένοις.
443 2688 447 2689 ν
520 2688 526 2689 7
570 2687 577 2689 _
666 2687 672 2689 _
814 2667 817 2670 ‹

182 2689 237 2724 (58)
253 2687 359 2721 Moror;
377 2688 500 2723 σχεδόν.
520 2687 622 2716 Eadem
650 2687 690 2724 sic
714 2692 831 2724 testatur
848 2687 935 2724 C_yr_us

148 2722 309 2751 Theodorus
331 2733 338 2750 :
362 2724 431 2750 Ἀλλ’
447 2723 614 2759 ἄχριᾼταῦτα
627 2722 674 2759 τοῦ
698 2722 934 2759 σοφοῦέΒασιλείου

149 2759 230 2793 μόνου
247 2759 380 2792 φυγόντος
393 2759 455 2789 τοὺς
466 2757 601 2794 νεηλύδων
617 2757 729 2794 νόμους’
744 2767 755 2794 ι
775 2757 837 2784 Haec
851 2765 936 2794 usque

147 2794 181 2828 ad
209 2794 361 2828 sapientem
389 2792 535 2826 Basilium,
561 2793 607 2828 qui
631 2792 704 2820 solus
737 2793 854 2819 tironum
878 2792 937 2827 lege

149 2826 279 2854 liberatus
295 2827 356 2854 fuit.
382 2838 391 2854 ι
570 2826 576 2828 ’
698 2847 701 2850 -

183 2863 239 2898 (59)
264 2862 409 2895 'A‘Ezwﬁslc
425 2863 488 2898 τῆς,
507 2868 558 2891 etc.
575 2862 619 2891 Sic
633 2862 715 2898 Regg.
729 2870 755 2895 a,
771 2870 797 2894 c,
816 2862 842 2895 (ί,
855 2861 903 2891 0r.
918 2861 937 2890 2

978 1587 1100 1623 (invidia
1122 1593 1230 1620 autem.
1258 1596 1310 1616 non
1334 1589 1520 1617 benevolentia
1548 1589 1735 1624 ducebantur)
1757 1611 1765 1622 ,

977 1633 1152 1660 contentiosis
1163 1634 1262 1668 potius,
1275 1641 1355 1668 quam
1372 1634 1458 1662 doctis
1473 1639 1500 1661 et
1517 1636 1620 1669 argutis
1635 1636 1765 1670 quaestio-

978 1679 1057 1706 nibus
1078 1686 1138 1705 eum
1158 1680 1307 1713 urgebant,
1327 1687 1359 1706 ac
1383 1680 1468 1713 primo
1485 1679 1585 1714 impetu
1609 1680 1658 1706 sibi
1680 1681 1767 1714 snl-ji-

979 1731 1041 1751 cere
1059 1724 1243 1757 couabantur,
1261 1729 1316 1750 tum
1334 1727 1404 1759 quod
1431 1726 1564 1759 egregiam
1585 1725 1668 1760 ipsius
1687 1725 1765 1752 indo-

978 1770 1031 1796 lem
1049 1769 1209 1804 jampridem
1232 1775 1358 1801 nossent,
1383 1775 1437 1797 tum
1456 1771 1527 1805 quod
1547 1771 1676 1798 honorem
1704 1777 1767 1798 tunc

980 1815 1030 1850 ipsi
1046 1816 1195 1850 praestitum
1212 1815 1372 1850 permoleste
1391 1815 1502 1844 ferrent.
1519 1817 1606 1844 Grave
1625 1820 1695 1844 enim
1715 1818 1766 1844 mi-

981 1861 1106 1895 nimeque
1124 1861 1262 1888 ferendum
1278 1869 1338 1888 esse
1351 1861 1505 1895 iudicabant
1516 1882 1523 1893 ,
1540 1869 1600 1892 eos.
1617 1863 1661 1896 qui
1678 1863 1765 1896 philo-

981 1907 1091 1941 sophica
1104 1907 1182 1942 pallia
1195 1907 1298 1940 priores
1314 1908 1473 1940 induissent,
1484 1913 1564 1942 atque
1576 1908 1659 1943 784
1668 1909 1694 1934 in
1706 1908 1766 1935 fun-

981 1953 1099 1980 ditandis
1109 1953 1198 1980 verbis
1210 1960 1320 1986 operam
1330 1958 1397 1980 ante
1407 1954 1568 1988 posuissent,
1584 1959 1678 1981 extero
1692 1958 1719 1980 et
1734 1954 1767 1980 ti-

982 2000 1039 2027 roni
1058 2007 1226 2034 nequaquam
1249 1999 1388 2026 anteferri.
1412 1999 1467 2034 Ego
1488 2004 1595 2032 autem,
1622 1999 1665 2027 ille
1685 2000 1767 2026 Athe-

982 2053 1076 2072 narum
1094 2052 1189 2072 amans
1207 2051 1238 2071 ac
1260 2044 1359 2072 stultus
1380 2044 1450 2081 (non
1471 2046 1542 2072 enim
1559 2046 1685 2073 invidiam
1707 2054 1768 2073 sen-

983 2098 1070 2118 seram
1084 2111 1091 2122 ,
1111 2090 1207 2117 frontis
1222 2090 1361 2117 involucro
1376 2091 1455 2118 ﬁdem
1471 2091 1584 2123 habens,
1599 2092 1767 2119 Athenarum

983 2136 1094 2171 gloriam
1118 2137 1146 2163 in
1170 2136 1236 2170 ipsis
1260 2143 1416 2170 oppressam
1442 2141 1469 2163 et
1491 2136 1631 2164 celerrime
1647 2142 1769 2164 contem-

985 2187 1056 2217 ptam
1070 2181 1179 2217 indigno
1189 2181 1280 2208 animo
1290 2181 1401 2217 ferens),
1417 2183 1620 2209 succumbentes
1631 2182 1685 2217 jam
1701 2182 1768 2208 ado-

986 2228 1117 2255 lescentes
1127 2249 1134 2261 ,
1148 2232 1174 2255 et
1188 2232 1263 2263 terga
1283 2232 1421 2255 vertentes
1433 2247 1441 2260 ,
1464 2227 1572 2255 reducta
1588 2227 1769 2261 disputatione

986 2274 1191 2306 sull'uleiebam,
1215 2279 1295 2308 atque
1316 2274 1408 2301 auxilii
1434 2274 1486 2301 mei
1511 2278 1677 2301 momentum
1703 2274 1769 2307 ipsis

988 2319 1104 2354 largiens
1124 2319 1173 2353 (in
1194 2317 1347 2353 huiusmodi
1368 2326 1449 2353 porro
1464 2319 1544 2346 rebus
1561 2318 1603 2345 vel
1625 2318 1768 2352 perexigua

987 2448 1013 2471 et
1025 2444 1120 2471 Comb.
1137 2443 1216 2470 Deest
1229 2443 1279 2479 τῆς
1298 2443 1324 2470 in
1339 2444 1371 2470 ed

1021 2478 1077 2514 (60)
1102 2479 1160 2505 Ἔτ’
1179 2479 1212 2505 ἐκ
1230 2476 1283 2505 τοῦ
1304 2478 1424 2514 πατρός.
1450 2477 1534 2514 C_oisl.
1556 2476 1583 2514 I‘,
1599 2477 1651 2514 εἴτ’
1666 2476 1768 2514 ὲκᾼτοῦ

985 2512 1097 2546 πατρός.
1112 2514 1209 2545 Nieet.,
1227 2513 1259 2540 ἐκ
1273 2521 1303 2539 τε
1319 2513 1366 2539 τοῦ
1389 2512 1501 2546 πατρός.
1520 2521 1530 2538 ί
1555 2512 1605 2545 Qui
1623 2512 1768 2546 quomlam,

983 2549 1010 2575 in
1026 2540 1110 2583 ipsius
1122 2540 1208 2582 patris
1220 2548 1321 2580 schola,
1336 2548 1424 2575 Basilii
1440 2540 1741 2581 foe-rantEondi'scipnli.
1757 2540 1767 2572 ἰ

1019 2583 1074 2618 (b‘I)
1091 2583 1203 2610 Δεινόν.
1219 2583 1264 2610 Sic
1280 2584 1363 2618 Itegg.
1379 2591 1393 2609 a
1407 2587 1433 2609 et
1448 2583 1504 2609 bm.
1517 2582 1553 2618 In,
1560 2583 1614 2614 ed.,
1629 2582 1733 2618 δεινῶν.

1112 2590 1203 2610 εινον.
1219 2590 1264 2610 διο
1280 2590 1363 2614 ltegg.
1379 2591 1393 2609 Il
1407 2590 1433 2609 et
1448 2590 1504 2609 Dm.
1517 2590 1544 2608 In
1560 2590 1614 2614 ed.,
1629 2590 1733 2610 οεινων.

1030 2585 1074 2618 b‘I)
1091 2585 1203 2610 Δεινόν.
1219 2585 1264 2610 Sic
1280 2585 1363 2618 Iiegg.
1379 2591 1393 2609 a
1407 2587 1433 2609 et
1448 2585 1504 2609 bm.
1517 2585 1544 2608 In
1560 2585 1614 2614 ed.,
1629 2585 1733 2610 δεινῶν.

1015 2585 1072 2654 (62)
1097 2619 1250 2652 Τριϐωνας,
1270 2618 1330 2654 καίῗ
1347 2618 1392 2646 Sic
1410 2621 1524 2652 quatuor
1540 2617 1636 2652 Ἆρες..
1650 2617 1696 2644 0r.
1709 2617 1727 2643 2
1743 2621 1770 2644 et

984 2653 1078 2681 Comh.
1096 2654 1123 2680 III
1138 2655 1180 2680 ed.
1197 2654 1272 2679 deest
1283 2653 1340 2679 καί.

1020 2688 1076 2723 (65)
1093 2688 1293 2723 Λαρυγγίζειν.
1310 2687 1417 2715 Nicetas
1432 2687 1503 2714 hanc
1522 2693 1615 2714 vocem
1634 2686 1743 2721 exponit
1759 2695 1767 2713 :

984 2723 1097 2759 κομψῶς
1108 2723 1196 2757 λέγειν
1207 2731 1213 2737 ·
1231 2733 1240 2748 ι
1250 2727 1354 2759 ,οτικιιε
1366 2723 1466 2759 dicere.
1485 2731 1494 2747 ι

1020 2756 1076 2795 (GLI)
1090 2759 1170 2791 Ἰσας
1180 2758 1304 2792 ὑσμίνῃ,
1315 2762 1366 2785 etc.
1379 2757 1493 2795 Istudrex
1505 2756 1630 2788 Homero,
1638 2756 1718 2783 Iliad.
1731 2764 1770 2787 xl,

985 2792 1056 2821 vers.
1067 2792 1123 2825 '71,
1139 2795 1320 2827 desumptunt,
1337 2797 1365 2820 ut
1379 2792 1511 2828 signiticet
1529 2801 1538 2819 t
1558 2799 1663 2828 aquam
1680 2796 1708 2820 et
1722 2799 1772 2819 an-

987 2829 1094 2864 cipitem
1111 2836 1236 2864 pugnam.
1256 2837 1266 2854 ›
