2013 3134
168 179 220 207 529

575 180 705 208 ORATIO
725 181 816 208 XLIII.
837 197 871 201 -—
891 182 923 209 IN
943 182 1085 210 LAUDEII
1106 183 1229 211 BASILII
1250 183 1367 211 M.\GNI.

1745 187 1799 215 550

167 237 313 272 ἐκδημίας,
332 237 464 271 ὲξιτήριοι
478 237 562 272 λόγοι,
587 238 767 274 προπόμπιοι,
789 239 960 274 ἀνακλήσεις.

1020 247 1168 276 :onceptas,
1186 247 1267 276 atque
1279 242 1350 268 inter
1362 248 1409 267 nos
1425 248 1587 276 compactas,
1600 244 1796 278 arriperemus.

167 283 295 317 οἰμωγαὶ,
315 283 491 317 περιπλοκαὶ,
512 283 626 318 δάκρυα.
647 284 729 310 Οὐδὲν
753 283 807 319 γὰρ
820 283 906 316 οὕτως
916 286 962 311 οὺ-

167 329 223 355 δενὶ
237 329 295 362 (51)
309 328 442 364 λυπηρὸν,
457 329 495 360 ὡς
515 331 572 361 τοῖς
596 330 685 355 ἐκεῖσε
708 329 861 365 συννόμοις,
886 331 963 366 Ἀθη-

168 374 233 405 νῶν,
257 375 304 400 καὶ
324 373 446 409 ἀλλήλων
470 374 617 409 τέμνεσθαι
639 374 706 408 (52).
736 374 841 400 Γίνεται
857 375 889 410 δὴ
902 375 963 402 τότε

169 418 261 453 θέαμὰ
280 428 306 445 τι
334 419 450 445 ἐλεεινὸν
470 419 516 446 καὶ
542 419 661 454 ἱστορίας
680 417 764 450 ἄξιον.
784 419 964 453 Περιστάντες

170 466 245 501 ἡμᾶς
260 466 274 492 ὁ
291 465 346 492 τῶν
363 465 479 501 ἑταίρων
501 465 548 492 καὶ
571 465 672 500 ἡλίκων
695 465 784 500 χορὸς,
807 465 865 491 ἐστι
885 465 913 492 δὲ
927 462 964 491 ὧν

170 513 217 538 καὶ
231 512 408 544 διδασκάλων,
435 511 491 538 οὐδ’
521 511 565 545 ἂν,
594 511 621 538 εἴ
643 521 671 538 τι
693 512 808 545 γένοιτο,
837 511 964 546 μεθήσειν

169 558 299 592 ἔφασκον,
323 558 547 589 ἀντιϐολοῦντες,
570 556 740 592 βιαζόμενοι,
766 557 916 588 πείθοντες·
939 557 964 584 τί

170 607 224 642 γὰρ
238 606 269 632 οὐ
291 606 432 640 λέγοντεςς
447 606 472 632 τί
494 606 517 635 δ’
538 605 569 632 οὺ
585 605 760 641 πράττοντες,
776 601 813 631 ὦν
830 605 893 636 τοὺς
908 604 964 640 (ὖὸ)

169 651 321 685 ἀλγοῦντας
335 652 427 684 εἰκός;
443 651 576 678 Ἐνταῦοά
587 659 613 677 τι
625 651 807 687 κατηγορήσω
821 651 870 686 μὲν
881 652 966 686 ὲμαυ-

170 697 229 730 τοῦ,
245 697 426 733 κατηγορήσω
438 697 466 724 δὲ
480 697 529 732 τῆς
553 697 628 728 θείας
651 697 759 732 ἐκείνης
775 697 822 723 καὶ
842 697 963 733 ἀλήπτου

170 743 271 778 ψυχῆς,
289 744 313 769 εί
338 743 386 769 καὶ
409 743 556 779 τολμηρόν.
583 744 613 769 '0
639 743 689 778 μὲν
713 743 777 778 γὰρ,
804 743 854 775 τὰς
875 744 965 775 αἰτίας

172 791 256 817 εἰπὼν
268 790 317 825 τῆς
336 790 400 825 περὶ
423 789 472 825 τὴν
492 789 622 816 ἐπάνοδον
642 789 818 824 φιλονεικίας,
835 789 965 825 κρείττων

172 835 250 870 ὤφθη
264 835 318 861 τῶν
331 835 499 870 κατεχόντων
509 844 516 852 ·
537 835 584 862 καὶ
609 834 654 870 βίᾳ.
671 835 731 870 μὲν,
756 834 930 870 συνεχωρήθη
943 834 964 860 δ’

171 878 219 906 οὖν
233 880 308 914 ὅμως
327 880 376 915 τὴν
399 879 540 914 ἐκδημίαν.
562 879 632 914 Ἐγὼ
658 879 686 906 δὲ
707 878 871 914 ὑπελείφθην
888 878 966 914 ’Λθή-

172 932 235 960 vast
245 933 251 938 ·
265 924 297 950 τὸ
309 924 359 959 μέν
369 933 396 951 τι
413 924 591 960 μαλακισθεὶς
603 925 754 960 (εἰρήσεται
767 924 822 959 γὰρ
829 923 967 959 τάληθὲς),

173 971 203 997 τὸ
225 971 253 998 δέ
284 979 309 997 τι
336 970 477 1006 προδοθεὶς
504 972 568 1006 παρ’
594 970 714 1001 ἐκείνου,
739 970 896 1001 πεισθέντος
911 969 966 1006 (54)

173 1017 282 1051 ἀερείναι
300 1017 337 1052 μὴ
353 1017 476 1051 ἀφιέντα,
495 1017 543 1043 καὶ
558 1017 759 1053 παραχωρῆσαι
778 1018 834 1048 τοῖς
849 1016 964 1042 ἕλκουσι.

176 1063 306 1098 11ρᾶγμα,
322 1063 389 1098 ¹’πρὶν
411 1063 549 1096 γενέσθαι,
575 1063 612 1098 μὴ
634 1063 841 1098 πιστευόμενον·
864 1062 968 1096 γίνεται

175 1110 229 1145 γὰρ
242 1109 338 1145 ὥσπερ
351 1109 410 1140 ἐνὸς
425 1108 549 1144 σώματος
564 1110 604 1139 εἰς
617 1109 665 1135 δύο
684 1109 766 1144 τομὴ,
782 1109 829 1135 καὶ
849 1109 968 1143 ἀμφοτέ-

176 1163 231 1189 ρων
249 1154 382 1188 νέκρωσις
395 1162 401 1168 ·
420 1153 436 1189 ἢ
456 1154 563 1188 μόσχων
585 1153 742 1189 συντρόφων
764 1154 811 1180 καὶ
827 1153 969 1188 ὁμοζύγων

174 1200 321 1232 διάζευξις,
336 1200 432 1236 γοερὸν
447 1200 502 1235 (55)
520 1200 690 1236 μυκωμένων
714 1201 757 1227 ἐπ’
770 1201 903 1236 ἀλλήλοις,
923 1201 969 1226 καὶ

175 1247 206 1273 οὔ
223 1247 359 1281 φερόντων
381 1246 430 1282 τὴν
454 1246 641 1283 ἀλλοτρίωσιν.
662 1247 699 1273 Οὺ
727 1247 779 1282 μὴν
802 1247 969 1282 μακρότερόν

178 1301 222 1329 μοι
235 1293 291 1326 (313)
306 1293 336 1318 τὺ
350 1293 401 1327 τῆς
415 1292 516 1328 ζημίας
526 1301 532 1308 ’
549 1294 579 1319 οὺ
603 1293 656 1328 γὰρ
675 1293 822 1328 ἠνειχόμην
839 1293 894 1328 (57)
909 1294 969 1319 ὲπι-

177 1338 269 1364 πλεῖον
283 1338 399 1369 ἐλεεινὸς
419 1339 545 1373 ὁρᾶσθαι,
562 1340 609 1366 καὶ
621 1339 688 1365 πᾶσι
706 1339 783 1373 λόγον
797 1339 908 1374 ὑπέχειν
921 1339 970 1374 τῆς

176 1383 343 1415 διαστάσεως
356 1392 362 1398 ·
382 1383 439 1410 ἀλλ’
453 1385 632 1420 ὲπιμείναντά
646 1393 679 1421 με
695 1387 754 1418 ταῖς
773 1385 898 1421 Ἀθήναις
910 1385 971 1421 χρό-

178 1438 221 1456 νον
238 1430 296 1465 οὑχὶ
321 1430 426 1466 συχνὸν,
446 1432 518 1458 ποιεῖ
539 1431 585 1458 τὸν
611 1431 759 1467 ὐμηρικὸν
785 1432 867 1458 ἵππον
886 1432 940 1468 (38)
957 1433 971 1458 ὁ

179 1476 279 1508 πόθος·
301 1476 348 1503 καὶ
369 1476 405 1503 τὰ
426 1477 513 1512 δεσμὰ
537 1477 622 1513 ῥήξας
643 1477 698 1513 (59)
721 1477 774 1504 τῶν
792 1478 969 1513 κατεχόντων,

179 1523 298 1558 κροαίνω
321 1522 394 1550 κατὰ
414 1523 521 1555 πεδίων,
539 1523 586 1549 καὶ
608 1523 676 1559 πρὸς
698 1523 743 1550 τὸν
763 1523 893 1559 σύννομον
910 1524 972 1558 ἐφε-

181 1568 276 1603 ρόμην-

1015 287 1114 313 Adcrat
1141 287 1276 314 discessus
1302 287 1369 318 dies,
1395 291 1421 314 et
1441 288 1569 322 quidquid
1587 290 1620 315 ad
1646 289 1794 318 discessum

1015 333 1188 366 pertinebat,
1207 339 1334 360 extrema:
1362 333 1537 360 allocutiones
1553 354 1560 366 ,
1582 336 1798 368 prosecutiOnes,

1016 379 1217 411 revocationes,
1234 379 1359 414 gemitus.
1384 380 1549 414 complexus,
1575 380 1710 415 Iacrymte.
1728 381 1798 408 Nihil

1014 426 1085 452 enim
1108 426 1232 460 cuiquam
1248 426 1358 460 perinde
1376 426 1516 453 molestum
1541 430 1569 453 et
1597 429 1724 454 acerbum
1747 434 1800 462 est,

1015 475 1043 498 ut
1060 471 1102 503 iis,
1116 471 1162 505 qui
1178 471 1234 498 illic
1247 471 1326 497 simul
1341 472 1446 498 educati
1462 477 1536 504 sunt,
1549 478 1577 499 et
1599 473 1632 500 ab
1643 473 1759 501 Athenis
1774 479 1802 501 et

1017 516 1087 543 inter
1101 524 1129 544 se
1143 516 1244 544 divelli.
1263 515 1330 543 Tum
1355 517 1436 551 igitur
1463 518 1539 545 triste
1563 523 1589 546 et
1615 519 1743 546 tniserum
1769 527 1801 547 ac

1016 562 1272 589 commemoratione
1309 562 1418 596 dignum
1467 563 1651 597 spectaculum
1690 565 1799 591 accidit.

1015 606 1200 634 Circumstare
1225 614 1274 634 nos
1289 606 1422 634 sodalium
1437 611 1465 634 et
1485 607 1640 641 aequalium,
1656 607 1800 634 nonnullo-

1017 660 1129 687 rntnqne
1144 652 1226 679 etiam
1242 652 1433 688 magistrorum
1449 652 1559 683 chorus,
1579 659 1690 686 prorsus
1702 660 1801 686 negare

1016 706 1046 726 se
1060 699 1138 725 nobis
1162 698 1276 726 abeundi
1303 703 1464 731 potestatem
1487 698 1625 732 facturos,
1641 699 1799 730 obsecrare.

1016 750 1122 778 cogere,
1136 744 1249 777 hortari,
1267 743 1348 779 790
1359 744 1449 771 omnia
1465 744 1582 778 denique
1598 751 1630 771 ea
1647 748 1703 770 lnm
1728 743 1802 771 face-

1016 797 1056 822 re,
1073 793 1128 816 tum
1140 789 1309 824 dicere,qna:
1321 789 1469 816 verisimile
1481 794 1523 816 est
1534 797 1591 820 eos.
1605 790 1649 824 qui
1667 789 1693 817 in
1708 789 1801 817 dolore

1016 840 1170 862 versantur.
1189 834 1245 862 Iluc
1263 834 1322 861 loco
1342 834 1450 867 faciant,
1469 839 1498 861 ut
1519 839 1546 862 et
1572 835 1704 870 meipsunt
1718 839 1745 863 et
1761 835 1803 861 di-

1016 881 1106 908 vinam
1124 881 1196 908 illam
1207 888 1239 908 ac
1253 881 1516 916 irreprchensibilcm
1532 882 1661 913 animam.
1676 881 1738 908 licet
1751 881 1802 908 hoc

985 921 1004 946 Β
1018 926 1149 953 audacius
1165 926 1301 960 aliquanto
1315 926 1399 953 videri
1413 926 1513 961 possit.
1529 925 1652 952 nonnihil
1666 933 1801 952 accusent.

1018 971 1064 999 Ille
1080 973 1173 1003 enim,
1192 979 1253 998 curn
1270 979 1367 998 causas
1389 971 1559 1006 exposuisset
1572 991 1579 1003 ,
1599 979 1647 998 cur
1664 972 1698 998 de
1715 972 1802 998 reditu

1017 1025 1068 1046 suo
1084 1024 1138 1046 tam
1151 1018 1249 1046 obnixe
1269 1017 1446 1045 cuntenderet
1458 1037 1465 1049 ,
1482 1017 1531 1049 iis,
1545 1017 1589 1051 qui
1605 1025 1665 1044 eum
1687 1016 1804 1044 retinere

1019 1065 1196 1097 conabantur,
1214 1065 1338 1099 superior
1359 1063 1478 1096 exstitit;
1501 1068 1528 1090 et
1549 1070 1704 1098 quanquam
1720 1069 1802 1096 aegre.

1020 1111 1134 1138 abeundi
1152 1116 1240 1138 tamen
1268 1110 1425 1137 facultatem
1454 1109 1617 1143 impetravit.
1640 1109 1695 1142 Ego
1711 1114 1801 1135 autem

1019 1158 1133 1184 Athenis
1145 1156 1253 1184 relictus
1263 1164 1340 1189 sum;
1356 1155 1464 1190 partim,
1483 1160 1510 1182 ut
1521 1163 1583 1182 vere
1607 1155 1712 1188 loquar,
1727 1155 1795 1180 atni‘

1020 1210 1113 1230 corum
1138 1201 1263 1237 precibus
1275 1200 1425 1232 emollitns;
1450 1200 1547 1234 partim
1568 1200 1601 1226 ab
1619 1199 1676 1234 ipso
1689 1199 1803 1234 quadam

1021 1256 1053 1274 ex
1069 1252 1146 1284 parte
1158 1247 1292 1282 proditus,
1309 1251 1337 1274 nt
1357 1246 1402 1280 qui
1418 1254 1451 1273 co
1472 1253 1502 1272 se
1528 1245 1623 1272 adduci
1639 1253 1734 1279 passus
1757 1245 1805 1274 sit.

1022 1300 1050 1320 ut
1082 1294 1231 1321 dimitteret
1258 1301 1312 1320 non
1338 1293 1538 1324 dimittentem,
1557 1292 1653 1326 iisque,
1673 1299 1686 1317 a
1706 1291 1805 1325 quibus

1021 1341 1158 1372 trahebar,
1184 1347 1280 1367 manus
1302 1339 1388 1366 daret.
1417 1338 1470 1365 Res
1500 1338 1640 1373 profecto,
1661 1342 1805 1371 antequam

1021 1386 1179 1422 contigisset
1190 1406 1196 1418 ,
1213 1384 1394 1413 incredibilis!
1414 1384 1456 1410 Fit
1468 1384 1539 1410 cuitu
1556 1383 1633 1417 quasi
1650 1384 1729 1409 unius
1743 1390 1806 1409 cor-

1022 1433 1095 1468 poris
1109 1433 1134 1460 in
1161 1433 1228 1460 duas
1242 1436 1335 1466 partes
1347 1431 1442 1462 sectio,
1461 1435 1543 1464 atque
1564 1429 1704 1463 utriusque
1723 1429 1807 1456 inter-

1022 1480 1138 1514 emptio;
1163 1483 1210 1506 aut
1243 1478 1333 1510 boum,
1355 1477 1401 1512 qui
1426 1476 1506 1503 simul
1522 1476 1616 1503 nutriti
1633 1479 1807 1509 sunt,atqu.t

1024 1525 1094 1552 idem
1108 1525 1201 1560 iugum
1216 1529 1368 1556 traxerunt,
1385 1522 1539 1557 disiunctio.
1553 1522 1663 1556 lugubre
1678 1521 1806 1555 quiddam

1024 1571 1164 1605 utriusque
1179 1577 1260 1597 causa
1286 1569 1476 1604 mugientium.
1495 1566 1689 1599 dissidiumqne
1702 1571 1808 1598 permo-

180 1614 247 1641 leste
262 1613 417 1641 ferentium.
434 1614 488 1641 Nec
505 1618 594 1642 tamen
616 1615 641 1642 in
659 1615 766 1647 longum
784 1616 848 1643 mihi
883 1617 1014 1651 producta
1050 1621 1091 1643 est
1117 1617 1174 1644 haec
1200 1616 1355 1648 calamitas;
1391 1621 1476 1648 neque
1497 1613 1567 1639 enim
1601 1611 1701 1638 diutius
1727 1610 1808 1636 miser

179 1662 310 1695 conspici,
330 1667 482 1695 nostraeque
497 1662 686 1695 disjunctionis
701 1664 832 1691 rationem
849 1664 975 1691 omnibus
995 1663 1108 1691 reddere
1127 1663 1259 1696 sustinui;
1280 1663 1328 1691 sed
1345 1670 1398 1690 non
1431 1662 1466 1688 ita
1486 1661 1570 1687 multo
1584 1664 1703 1692 tempore
1723 1657 1803 1684 Athe-

181 1708 222 1734 nis
253 1713 345 1742 pOstea
371 1713 575 1739 connnoratus,
591 1715 621 1736 ut
649 1717 703 1745 pra:
726 1709 809 1736 animi
833 1709 967 1736 desiderio
986 1715 1084 1743 equum
1123 1709 1195 1736 illum
1223 1708 1393 1735 Ilomericum
1418 1707 1520 1737 imitor.
1545 1703 1739 1739 perfractisque
1763 1710 1809 1729 eo-

182 1764 260 1788 rum,
293 1765 307 1782 a
336 1756 435 1790 quibus
463 1756 612 1788 retinebar,
651 1755 764 1782 vinculis
809 1762 920 1789 campos
960 1754 1074 1789 pedibus
1099 1754 1185 1789 pulso,
1216 1758 1296 1788 atque
1319 1753 1352 1780 ad
1375 1751 1492 1780 sodalem
1527 1757 1614 1778 meum
1644 1749 1742 1782 impetu
1767 1747 1808 1774 fe-

181 1813 238 1832 ῙὊΓ.
483 1825 488 1829 .

218 1851 280 1878 KE’.
303 1851 348 1882 Ὦς
359 1850 381 1876 δ’
396 1847 442 1876 οὖν
456 1849 634 1884 ἐπανήκαμεν
648 1848 713 1884 (ΛΟ),
729 1848 814 1884 μικρὰ
826 1848 864 1882 τῷ
879 1847 974 1882 κόσμῳ

1061 1846 1143 1874 XXV.
1159 1846 1272 1872 Domum
1287 1848 1377 1870 autem
1394 1850 1506 1873 reversi,
1520 1849 1580 1868 cum
1596 1839 1694 1866 mundo
1706 1846 1736 1865 ac
1748 1846 1809 1865 scc-

181 1897 230 1926 καὶ
239 1900 271 1933 τῇ
285 1899 372 1933 σκηνῇ
385 1897 575 1932 χαρισάμενοι,
595 1896 642 1922 κα)⁸
655 1896 716 1922 ὅσον
735 1895 780 1921 τὸν
800 1895 853 1921 τῶν
868 1893 972 1921 πολλῶν

183 1944 265 1970 πόθον
280 1942 485 1977 ἀφοσιώσασθαι
509 1942 564 1974 Ml)
586 1942 626 1975 (οὐ
642 1941 696 1976 γὰρ
708 1941 784 1967 αὐτοί
805 1949 836 1974 γε
865 1940 973 1975 εἴχομεν

183 1988 405 2024 θεατρικῶς,οὺδ’
418 1987 750 2022 ἐπιδεικτικῶς),τάχιστα
759 1986 905 2021 ἐγενόμεθα
919 1985 973 2021 (42)

182 2036 261 2071 ἡμῶν
276 2035 377 2066 αὐτῶν,
393 2035 440 2062 καί
459 2034 589 2069 τελοῦμεν
608 2035 647 2066 είς
662 2033 760 2068 ἄνδρας
781 2026 810 2064 ἐξ
834 2033 972 2067 ἀγενείων,

183 2081 384 2117 ἀνδρικώτερον
407 2082 439 2115 τῇ
463 2080 606 2115 φιλοσοφίᾳ
630 2079 839 2115 προσϐαίνοντες
852 2087 858 2094 ⁴
878 2079 908 2105 οὺ
927 2079 974 2105 σὺν

184 2127 308 2162 ἀλλήλοις
338 2125 388 2161 μὲν
419 2126 458 2152 ἔτι
487 2127 527 2159 (οὐ
555 2126 609 2160 γὰρ
637 2125 743 2159 ἀφῆκεν
763 2125 776 2150 ὁ
796 2122 913 2157 φθόνος),
937 2122 974 2157 τῷ

185 2173 260 2208 πόθῳ
282 2173 309 2199 δὲ
331 2173 378 2199 σὺν
402 2172 537 2207 ἀλλήλοις.
562 2172 614 2197 Τὸν
638 2171 686 2205 μὲν
708 2170 763 2205 γὰρ
780 2171 796 2205 ἡ
815 2169 975 2204 Καισαρέων

186 2219 293 2254 κατέχει
311 2218 368 2254 (45)
382 2218 467 2249 πόλις,
483 2217 520 2248 ὦς
537 2225 597 2243 τινα
611 2215 737 2251 δεύτερον
750 2216 871 2250 οἰκιστήν
888 2223 916 2241 τε
928 2214 975 2241 καὶ

185 2265 344 2300 πολιοῦχον·
363 2264 456 2290 ἔπειτα
483 2263 612 2298 ἑκόημίαι
635 2262 715 2294 τινὲς,
742 2261 833 2296 ἐπειδὴ
851 2269 882 2294 γε
902 2261 974 2295 ἡμᾶς

186 2311 235 2337 οὐκ
254 2308 322 2345 εἶχε,
349 2309 404 2336 τῶν
425 2309 582 2343 ἀναγκαίων
607 2307 836 2342 ὑπολαμϐάνουσι,
860 2307 906 2332 καὶ
927 2306 976 2332 οὐκ

186 2356 240 2383 ἀπὸ
264 2355 365 2382 σκοποῦ
395 2356 443 2391 τῆς
468 2354 652 2390 προκειμένης
675 2353 842 2388 φιλοσοφίας.
864 2351 928 2386 Ἐμὲ
949 2351 977 2377 δὲ

188 2402 314 2437 πατέρων
329 2401 465 2432 εὐλάϐεια,
483 2401 529 2428 καὶ
548 2399 702 2436 γηροκομίαι
728 2399 793 2434 (41),
813 2398 858 2425 καὶ
877 2406 979 2432 συμφο-

191 2447 245 2482 ρῶν
258 2447 441 2478 ἐπανάστασις
456 2446 640 2481 κατασχοῦσα,
652 2444 697 2471 τοῦ
710 2444 805 2479 ἀνδρὸς
823 2443 974 2478 ἀπήγαγενο

223 2527 279 2562 (3t)
301 2527 418 2554 Οὐδενι.
440 2526 504 2560 Reg.
518 2526 563 2560 ph,
575 2526 629 2552 οὐδ’
647 2526 697 2552 ἐνί.

223 2558 278 2595 (5i)
301 2561 470 2596 Τέμνεσθαι.
481 2558 512 2588 In
518 2558 524 2560 ’
530 2561 676 2590 nonnullis.
689 2558 893 2596 συντέμνεσθαι,

225 2592 280 2630 (55)
300 2592 358 2623 Ἦν
376 2597 457 2629 τούς.
480 2597 524 2623 Sic
543 2597 632 2631 plures
655 2596 751 2631 Κείς..
772 2592 862 2628 plures
887 2592 976 2623 Colb..

189 2631 271 2658 Coisl.
291 2632 318 2658 I.
337 2638 390 2658 etc.
405 2631 432 2658 In
446 2631 502 2658 σαι..
519 2631 556 2658 ὡς
569 2630 644 2658 τούς.

231 2640 271 2658 Isl.
291 2640 318 2662 ι,
337 2640 390 2658 etc.
405 2640 432 2658 In
446 2640 502 2663 cm,
519 2640 556 2662 ως
569 2640 644 2662 τους.

225 2639 271 2658 usi.
291 2639 318 2662 ι.
337 2639 390 2658 etc.
405 2639 432 2658 In
446 2639 502 2663 cm,
519 2640 556 2662 ως
569 2639 644 2662 τους.

225 2666 489 2700 (Ξυίηεισθὲντος.
518 2667 563 2692 Sic
590 2667 708 2700 quinque
731 2665 825 2700 mea.
851 2663 975 2700 undecim

191 2697 278 2732 Colb.;
296 2702 379 2737 (Iroisl.
399 2702 424 2734 I,
442 2697 548 2737 (.hrys.,
565 2697 612 2727 0r.
632 2697 753 2733 2,'Par.,
777 2699 865 2730 Pass.,
878 2703 930 2725 etc.
949 2697 975 2723 In

191 2738 232 2762 cd.
239 2756 246 2765 .
263 2736 411 2768 πείθοντος.

225 2771 281 2804 (55)
302 2773 422 2805 Γοερὸν.
434 2771 540 2801 Comb..
558 2770 672 2806 γοερῶς.

226 2806 282 2841 (56)
302 2803 369 2834 Μοί.
389 2807 452 2839 Iletz.
474 2814 499 2838 ρ,
523 2803 635 2833 (ΣυὶδΙῘ1
656 2811 683 2832 Et
695 2805 770 2832 Pass.
791 2803 901 2834 addunt,
915 2811 977 2829 σνν-

192 2840 251 2875 έ6η.
271 2850 280 2866 ‹
299 2842 363 2867 tnihi
379 2842 484 2868 accidit.
504 2851 512 2867 ι

226 2871 283 2910 (57)
309 2876 492 2910 Ἠνειχόμην.
506 2876 589 2911 chg.
609 2876 664 2908 hm,
687 2875 733 2910 ph,
753 2874 844 2901 decem
861 2871 935 2899 Colb.
953 2876 980 2899 et

191 2909 282 2943 Pass,
296 2909 460 2946 ἠνεσχόμην.

1027 1901 1067 1920 ικε
1097 1889 1218 1918 nonnihil
1239 1889 1467 1918 inserviisscmus,
1493 1887 1621 1913 hactenus
1649 1884 1762 1913 scilicet,
1781 1887 1810 1909 ut.

1029 1937 1221 1973 pertnultorum
1250 1935 1384 1962 desiderio
1409 1938 1547 1966 utcunque
1571 1929 1808 1960 satisfaceremus;

1029 1992 1089 2010 nam
1110 1983 1159 2018 ipsi
1177 1981 1284 2016 quidem
1303 1981 1335 2007 ab
1354 1980 1501 2006 ambitione
1515 1985 1546 2005 ac
1563 1976 1694 2004 theatrica
1709 1974 1810 2009 ingenii

1028 2029 1208 2056 ostentatione
1223 2026 1452 2056 abhorrebamus;
1475 2024 1544 2058 juris
1565 2023 1649 2050 nostri
1670 2020 1810 2056 quampri-

1029 2083 1099 2102 mum
1121 2074 1263 2104 ellicimur,
1287 2077 1368 2107 atque
1394 2079 1427 2098 ex
1458 2069 1624 2097 imberbihus
1651 2068 1720 2095 inter
1737 2066 1810 2093 viros

1028 2129 1184 2153 censemur,
1203 2119 1300 2147 fortius
1315 2126 1347 2145 ac
1363 2117 1466 2144 virilius
1482 2117 1515 2143 ad
1529 2113 1724 2150 philosophiam
1735 2119 1811 2139 acce-

1028 2168 1123 2194 dentes
1132 2186 1140 2198 ,
1155 2174 1208 2192 non
1221 2165 1327 2198 quidem
1337 2163 1392 2196 jam
1405 2169 1518 2196 corpore
1530 2160 1612 2195 gltaud
1624 2160 1694 2186 enim
1706 2157 1812 2185 sinebat

1028 2213 1120 2247 livor),
1137 2213 1183 2240 sed
1199 2210 1333 2238 desiderio
1349 2213 1377 2236 et
1400 2215 1493 2235 amore
1510 2206 1657 2241 conjuncti.
1675 2205 1721 2232 Ille
1737 2204 1811 2231 enim

1029 2267 1043 2286 a
1059 2257 1218 2286 Ctesariensi
1231 2256 1339 2284 civitate
1350 2274 1357 2286 ,
1374 2259 1402 2280 ut
1421 2254 1488 2280 alter
1501 2253 1632 2288 quispiam
1649 2251 1772 2277 conditor
1785 2255 1812 2277 ct

1029 2309 1213 2335 conservator,
1240 2302 1389 2333 retinetur;
1421 2307 1451 2326 ac
1479 2299 1585 2330 deinde,
1615 2297 1742 2332 quoniam
1769 2303 1812 2322 me

1031 2351 1151 2383 carebat,
1173 2349 1342 2377 necessarias
1355 2347 1485 2381 quasdam
1512 2344 1752 2380 peregrinationes,
1766 2341 1813 2368 tui-

1032 2398 1157 2430 ninteque
1180 2404 1195 2422 a
1213 2393 1354 2429 propesitat
1374 2392 1424 2418 sibi
1447 2390 1620 2425 philosophia:
1639 2395 1721 2421 scopo
1745 2387 1810 2413 alie-

992 2434 1014 2461 D
1030 2449 1088 2474 nas,
1102 2441 1169 2468 iniit.
1185 2440 1218 2466 At
1236 2446 1289 2470 me,
1305 2443 1331 2463 cl
1348 2437 1433 2471 pietas
1450 2445 1512 2469 erga
1527 2439 1664 2468 parentes,
1680 2436 1707 2460 et
1718 2431 1811 2459 senilis

1066 2521 1121 2562 ςὸξξ)
1147 2517 1305 2554 Ὁμηρικὸν
1317 2517 1420 2544 ἵππον.
1435 2515 1500 2542 Vide
1513 2513 1620 2541 Homer.
1634 2511 1715 2539 Iliad.
1728 2511 1773 2539 lib.
1783 2519 1810 2538 vr

1030 2558 1082 2582 sub
1095 2558 1186 2582 tinent.

1066 2591 1123 2624 (59)
1148 2589 1263 2624 Ῥήξας.
1283 2587 1350 2620 Reg.
1367 2586 1395 2624 d_._
1413 2584 1494 2624 Cois].
1512 2583 1540 2616 2,
1557 2582 1717 2624 ᾷιαρρῄξας.

1067 2616 1121 2658 ὶιοὶ
1148 2616 1359 2656 Ὲίὶάνῆλιίιμέέν.
1379 2621 1460 2655 Begg.
1473 2619 1527 2652 bm,
1544 2619 1578 2653 ph
1593 2616 1677 2645 «ξιον.
1688 2617 1715 2647 ‘2,
1731 2616 1814 2641 ἐπαν-

1031 2662 1394 2729 ήκῗιίῇν.Ἀφοσιὼσασθαι.
1412 2690 1457 2717 Sic
1473 2688 1550 2717 codd.
1568 2688 1594 2714 in
1615 2687 1671 2720 ed.,
1685 2685 1814 2720 ἀφωσιώ-

1030 2730 1273 2798 σαῗίῗὲίῆὶίχιστα
1294 2759 1467 2798 ὲγενόμσᾷα,
1491 2763 1543 2786 etc.
1561 2757 1669 2798 Nicetas
1684 2755 1812 2789 exponit,

1033 2810 1042 2826 ι
1062 2793 1118 2825 (tu;
1132 2793 1246 2831 qttiéiem
1263 2802 1289 2823 et
1303 2793 1473 2831 unumunum
1495 2793 1723 2831 recuperaviutus.
1742 2799 1753 2817 ι

1066 2834 1121 2867 (15)
1142 2829 1274 2865 λἰιτέχει.
1298 2831 1361 2863 lica.
1380 2830 1423 2867 [)II.
1442 2829 1563 2863 κατεῖχε,

1067 2862 1121 2904 (Η)
1141 2862 1318 2902 Γηροὶὶομία.
1336 2862 1419 2898 υτζὲ,
1434 2862 1604 2900 γηρωκομία.
