2013 3134
207 167 238 194 5-!
244 167 260 195 ὅ

811 167 840 194 S.
863 166 1028 194 GliEGORIl
1048 165 1224 194 TllEOLOGl

1789 165 1838 192 ΒΗ

207 225 357 259 perferunt,
378 225 473 253 dantes
493 226 619 253 nimirttm
638 233 681 258 ea,
704 226 802 261 quibus
817 226 938 258 afiluuut,
965 234 997 253 ac

1056 227 1095 252 ιαὶ
1112 226 1142 252 τὸ
1157 225 1244 251 ἐνδέον
1260 225 1445 260 ἀνεπινόητον,
1465 224 1514 250 οὐχ
1526 224 1632 259 ἔχουσιν
1648 224 1733 257 ὅπως,
1755 225 1771 260 ἧ
1787 225 1841 251 δια-

208 270 326 297 vicissim
344 278 387 302 ea,
399 271 495 305 quibus
512 276 617 304 carent,
647 280 662 299 a
684 272 751 299 mari
773 273 953 308 accipientes;
970 279 998 300 at

207 324 266 347 nos,
281 316 327 350 qui
340 317 432 350 procul
447 325 461 343 ιι
481 318 548 357 mari
567 318 699 351 degiutus,
726 326 774 345 nec
788 327 821 346 ex
843 319 886 350 iis,
900 320 998 353 quibus

209 364 401 394 redundamus,
430 364 572 392 utilitatem
600 366 682 392 ttllam
704 366 838 400 capimus,
871 374 921 393 nec
954 375 997 399 ea,

207 409 307 443 quibus
338 417 459 444 egemus,
489 411 541 437 ulla
575 416 635 438 arte
661 419 819 446 comparare
844 420 998 446 possumus,

208 459 303 488 utpote
324 455 382 489 qui,
410 463 460 482 nec
482 463 542 489 qua:
555 456 698 488 habemus,
720 462 875 490 exportare,
893 465 940 484 nec
956 465 998 489 ea,

208 501 306 534 quibus
322 508 458 532 caremus,
483 501 630 536 importare
649 510 791 537 queamtts.
807 497 870 530 'Sed
898 503 925 530 in
949 504 999 530 hu-

208 546 327 579 jusmodi
344 546 421 573 malis
434 547 501 574 nihil
521 548 630 582 gravius
643 551 694 579 est,
712 555 792 581 quant
810 548 957 576 crudelitas
970 557 1001 576 ac

211 592 382 627 inexplebilis
398 600 503 626 eorutn,
516 594 561 628 qui
576 594 742 621 frumentum
762 595 873 627 habent,
898 595 1004 629 cupidi-

210 643 262 664 tas.
280 638 430 665 Observant
444 639 517 666 enitn
539 645 688 673 temporqu
706 639 890 673 difﬁcultates,
911 646 939 667 et
953 648 1000 674 pe-

210 683 316 710 nuriam
353 684 379 710 in
409 689 542 719 qua-stum
573 690 694 718 vertunt,
721 691 804 720 alque
829 694 861 714 ex
889 687 1002 714 aliorum

210 729 411 757 calamitatibus
426 738 541 758 messem
559 731 677 764 faciunt;
705 739 755 759 nec
775 731 839 759 illud
853 733 1003 765 audientes,

211 783 284 808 cum,
300 775 345 810 qui
360 784 507 810 pauperum
530 777 683 809 miseretur,
710 778 822 805 Domino
842 778 957 806 fenerari
972 780 1003 813 ';

214 830 264 850 nec
278 831 372 850 rursus
389 824 464 856 illud,
487 831 562 856 eum,
593 825 638 859 qui
663 825 828 852 frumentum
853 826 1004 858 abscondit,

210 869 282 903 plebi
301 870 494 897 exsecrabilem
515 878 574 898 esse
596 871 607 886 ⁸
627 881 633 898 :
651 878 700 899 nec
720 871 836 906 denique
859 872 1004 907 quidquam

1765 247 1771 260 Δ

1049 271 1160 307 θώμεθα
1175 280 1201 297 τι
1217 271 1271 297 τῶν
1286 271 1380 303 ὄντων,
1402 271 1417 305 ἢ
1440 270 1495 296 τῶν
1517 271 1567 296 οὐκ
1591 270 1675 296 ὄντων
1689 271 1841 305 είσκομισό-

1050 317 1119 352 μεθα
1134 317 1184 351 (8)·
1199 317 1246 343 καὶ
1261 316 1275 342 ὂ
1290 315 1483 351 χαλεπώτατόν
1501 316 1575 342 ἐστιν
1591 317 1619 342 ὲν
1631 318 1687 348 τοῖς
1702 318 1841 349 τοιούτοις,

1049 364 1066 398 ἡ
1089 363 1144 390 τῶν
1169 363 1285 397 ἐχόντων
1310 362 1462 397 ἁναλγησία
1487 362 1534 388 καὶ
1559 362 1707 397 ἀπληστία.
1723 363 1843 398 Τηροῦσι

1049 410 1103 445 γὰρ
1113 411 1177 442 τοὺς
1196 410 1319 444 καιροὺς,
1335 409 1382 436 καὶ
1402 409 1714 444 καταπραγματεὺῡνται
1730 409 1780 444 τῆς
1806 410 1844 435 ὲ.-

1050 457 1122 488 δείας
1138 458 1186 490 (9),
1216 456 1264 482 καὶ
1291 456 1446 491 γεωργοῦσι
1477 456 1525 486 τὰς
1539 455 1691 490 συμφοράς’
1716 455 1789 485 οὔτε,
1807 454 1844 489 τῷ

1051 502 1146 537 Κυρίῳ
1174 502 1307 534 δανείζειν
1327 502 1372 528 τδν
1394 501 1519 527 ἐλεοῦντα
1537 501 1671 535 πτωχοὺς,
1691 500 1842 531 ἀκούοντες-

1051 547 1105 572 οὺδ’
1122 547 1163 573 ὅτι
1179 548 1193 573 ὁ
1226 547 1347 582 συνέχων
1375 548 1447 573 σῖτον
1462 546 1696 581 δημοκατάρατος·
1714 545 1770 573 οὔτ’
1783 547 1844 573 ἄλλο

1052 592 1127 618 οὐδὲν
1142 591 1196 618 τῶν
1213 592 1230 627 ἦ
1244 593 1301 623 τοῖς
1312 591 1514 627 φιλανθρώποις
1529 591 1752 626 ἐπηγγελμένων,
1764 591 1780 626 ἦ
1791 593 1844 623 τοῖς

1054 637 1247 673 ἀπανθρώπως
1275 638 1478 673 ὴπειλημένων.
1510 637 1579 663 Ἀλλ’
1597 637 1650 662 εἰσὶ
1666 637 1712 663 τοῦ
1743 637 1844 668 ὃέςιιος

1053 684 1262 720 ὰπληστότεροι,
1288 684 1334 710 καὶ
1350 683 1478 719 φρονοῦσι
1496 683 1598 715 κακῶς·
1615 683 1730 714 ἐκείνοις
1749 684 1798 718 μὲν
1813 683 1845 709 τὰ

1054 730 1168 762 ἑαυτῶν,
1180 730 1287 762 ἑαυτοῖς
1300 730 1328 756 δὲ
1341 730 1375 756 τὰ
1392 729 1438 756 τοῦ
1456 729 1523 756 Θεοῦ
1542 729 1684 763 σπλάγχνα
1700 729 1843 760 κλείοντες,

1053 772 1084 803 οὗ
1099 777 1146 803 καὶ
1161 777 1261 812 μᾶλλον
1273 776 1419 812 χρῄζοντες
1444 775 1596 810 ἀγνοοῦσιν,
1609 776 1625 811 ἣ
1644 775 1734 802 αὐτῶν
1748 775 1843 811 ἕτεροι.

1055 823 1147 851 Ταῦτα
1165 823 1214 859 μὲν
1237 824 1262 850 οἱ
1274 823 1388 849 σιτῶναι
1406 823 1453 849 καὶ
1471 821 1656 856 σιτοκάπηλοι,
1677 821 1723 848 καὶ
1737 822 1803 856 μήτε
1817 821 1845 847 τὸ

1057 871 1186 905 συγγενὲς
1200 870 1364 905 αἰδούμενοι,
1383 871 1450 905 μήτε
1465 870 1528 905 περὶ
1541 869 1570 895 τὸ
1587 869 1663 894 Θείον
1681 868 1844 903 εὐχάριστοι,

212 914 284 942 aliud
298 923 401 947 eorum,
421 924 480 950 qua:
493 917 534 943 vel
555 917 676 951 benignis
690 925 722 944 ac
753 918 903 945 mansuetis
921 918 1005 945 homi-

1058 918 1122 952 παρ’
1136 914 1166 944 οὗ
1180 917 1210 943 τὸ
1223 916 1294 951 ἔχειν
1308 916 1398 948 αὐτοῖς
1410 916 1475 952 (l0),
1489 916 1575 942 ἄλλων
1587 914 1764 950 πιεζομένων.

211 960 293 988 nibus
310 961 451 996 pollicetur
469 961 620 996 Scriptura,
643 963 685 990 vel
699 963 775 990 duris
801 968 828 990 et
848 963 1003 990 inhumanis
1023 962 1105 998 798
1118 962 1308 989 comminatur.
1327 961 1427 988 Verqu
1448 961 1481 988 ad
1520 969 1574 988 rem
1614 960 1750 986 avidiores
1773 963 1844 986 sunt-

212 1015 293 1042 quam
311 1016 358 1043 par
371 1009 416 1042 sit,
435 1010 559 1044 maleque
572 1010 622 1037 sibi
641 1011 806 1043 consulunt;
844 1011 1070 1044 quemadmodum
1102 1009 1204 1037 scilicet
1242 1009 1302 1036 aliis
1340 1015 1399 1040 sua,
1421 1008 1455 1034 ita
1472 1006 1590 1041 sibiipsis
1618 1006 1675 1038 Dei,
1700 1007 1778 1039 cujus
1798 1012 1846 1039 ope

215 1055 299 1088 magis
333 1062 362 1082 se
388 1055 509 1090 indigere
537 1057 677 1088 nesciunt,
715 1064 796 1091 quam
824 1057 870 1084 alii
901 1057 1021 1092 ipsorum
1059 1056 1161 1083 auxilio
1185 1060 1291 1090 egeant.
1319 1057 1422 1082 viscera
1448 1053 1655 1088 prtecludentes.
1684 1052 1772 1086 Atque
1791 1052 1845 1078 lucc

213 1102 322 1135 quidem
336 1102 463 1130 frumenti
481 1108 618 1137 emptores
638 1109 807 1142 etcaupones
827 1105 939 1137 faciunt,
954 1105 1000 1139 qui
1021 1111 1068 1131 nec
1088 1103 1257 1138 cognationis
1284 1103 1346 1137 jure
1379 1106 1597 1133 commoventur,
1614 1108 1663 1128 nec
1682 1100 1748 1132 Deo,
1772 1099 1847 1134 cujus

213 1147 349 1175 beneﬂcio
374 1148 424 1182 ipsi
443 1148 608 1176 frumentum
634 1149 744 1181 habent,
767 1158 827 1177 cum
848 1149 893 1177 alii
911 1150 1109 1185 opprimantur,
1120 1149 1220 1183 gratias
1232 1148 1362 1175 referunt.

248 1194 358 1222 XXXV.
380 1195 415 1222 At
430 1195 554 1229 Basilius,
571 1203 621 1222 nec
635 1196 761 1230 precibus
779 1197 886 1231 quidem
908 1203 1005 1230 panem

213 1240 312 1268 e.co:lo
328 1241 339 1256 ⁸
355 1240 477 1273 fundere,
491 1250 540 1268 nec
557 1242 698 1276 fugitivum
714 1242 840 1278 populum
857 1243 883 1269 iu
898 1242 1005 1269 deserto

214 1287 286 1314 alere
306 1291 420 1321 poterat,
436 1295 485 1314 nec
501 1287 699 1315 indeﬁcienlem
718 1288 871 1315 alimoniam
883 1295 898 1315 e
912 1295 1006 1315 vascu-

216 1335 248 1362 lis
261 1334 281 1366 ',
302 1334 386 1361 fontis
411 1334 507 1367 instar,
529 1335 672 1366 scaturire,
690 1342 760 1369 quae,
774 1342 816 1362 res
828 1335 911 1362 mira!
934 1335 1006 1369 ipso-

216 1385 271 1407 met
287 1387 372 1407 vacuo
387 1380 570 1414 replebantur,
583 1385 613 1407 ut
630 1381 760 1408 nutricem
783 1389 857 1408 suam
873 1381 899 1408 in
918 1381 1008 1416 hospi-

218 1426 330 1453 talitatis
361 1427 500 1460 przetuium
531 1427 628 1460 aleret;
670 1435 719 1454 nec
752 1427 859 1454 demum
891 1427 1008 1462 quinque

219 1472 332 1505 panibus
347 1473 357 1487 ⁶
372 1472 453 1498 multa
475 1473 612 1499 homitmm
635 1473 717 1499 millia
743 1480 865 1508 pascere,
894 1480 1007 1507 quorum

222 1517 340 1551 reliquiae
354 1526 462 1553 quoque
480 1519 544 1553 ipsa:
562 1519 627 1546 tales
650 1524 738 1551 erant,
766 1524 795 1545 ut
813 1519 934 1553 pluribus
949 1519 1008 1546 aliis

218 1564 320 1591 mensis
344 1563 507 1591 sufﬁcerent.
539 1564 601 1592 llaec
630 1567 701 1592 enim
728 1565 827 1601 Moysis
857 1571 951 1598 erant,
981 1571 1009 1594 et

1091 1197 1153 1222 AE’.
1173 1196 1202 1222 '0
1221 1195 1249 1222 δὲ
1266 1195 1323 1221 ὕειν
1339 1194 1387 1230 μὲν
1401 1194 1452 1220 οὐκ
1465 1190 1538 1228 εἶχεν
1551 1193 1632 1228 ἄρτον
1649 1191 1679 1224 ἐξ
1689 1191 1802 1227 οὐρανοῦ
1816 1192 1839 1218 Et

1055 1243 1147 1278 εὐχῆς,
1176 1241 1223 1268 καὶ
1253 1241 1362 1276 τρέφειν
1383 1241 1411 1266 ἐν
1441 1240 1538 1275 ἐρήμῳ
1559 1239 1622 1266 λαὸν
1652 1238 1767 1273 φυγάδα,
1789 1238 1846 1263 οὐδὲ

1056 1287 1174 1323 πυθμέσι
1205 1286 1340 1322 πηγάζειν
1367 1286 1470 1322 τροφὴν
1499 1285 1636 1312 ἀδάπανον
1662 1285 1717 1319 (Η)
1739 1283 1849 1310 κενώσει

1057 1332 1265 1369 πληρουμένοις,
1283 1332 1296 1358 ὃ
1310 1332 1358 1358 καὶ
1373 1331 1533 1367 παράδοξον,
1547 1332 1589 1357 ἵνα
1603 1331 1690 1365 τρέφῃ
1700 1329 1849 1364 τρέφουσαν

1057 1383 1096 1412 εἰς
1112 1379 1263 1415 φιλοξενίας
1291 1374 1435 1405 ἀντίδοσιν·
1463 1378 1523 1404 οῦδὲ
1539 1377 1620 1403 πέντε
1645 1377 1737 1412 ἄρτοις
1760 1376 1848 1410 ἑπιᾷν

1059 1425 1192 1461 χιλιάδας,
1212 1422 1249 1451 ὧν
1262 1425 1308 1451 καὶ
1323 1425 1356 1451 τὰ
1378 1423 1492 1458 λείψανα
1505 1422 1610 1448 πολλῶν
1623 1421 1768 1457 τραπεζῶν
1784 1420 1848 1455 ἄλλη

1057 1472 1180 1507 δύναμις.
1203 1471 1296 1498 Ταῦτα
1319 1470 1374 1506 γὰρ
1391 1469 1530 1500 Μωΰσέως
1541 1467 1586 1504 ἦν,
1619 1469 1665 1494 καὶ
1685 1467 1787 1498 Ἡλίου,
1804 1467 1849 1493 καὶ

1057 1518 1104 1544 τοῦ
1122 1517 1188 1553 ἐμοῦ
1205 1517 1284 1548 Θεοῦ,
1298 1518 1362 1552 παρ’
1373 1512 1404 1542 οὗ
1418 1515 1554 1546 κάκείνοις
1565 1515 1595 1541 τὸ
1610 1513 1693 1540 ταῦτα
1711 1512 1848 1539 δύνασθαι.

1061 1565 1140 1595 Ἴσως
1155 1564 1183 1590 δὲ
1202 1564 1249 1590 καὶ
1263 1563 1318 1590 τῶν
1342 1562 1445 1598 καιρῶν
1459 1561 1581 1594 ἐκείνων,
1597 1560 1644 1587 καὶ
1669 1560 1719 1594 τῆς
1732 1560 1793 1585 τότε
1804 1568 1850 1585 κα-

218 1607 291 1639 filim,
308 1612 335 1634 e2
352 1609 396 1635 Dei
414 1609 477 1641 mei,
502 1617 516 1635 a
541 1617 595 1644 quo
615 1611 648 1637 ad
662 1618 708 1638 eos
726 1619 832 1645 quoque
854 1612 1005 1645 hujusmodi

1058 1611 1224 1642 ταστάσεως·
1243 1610 1340 1645 ἐπειδὴ
1357 1609 1391 1636 τὰ
1407 1610 1508 1644 σημεῖα
1524 1610 1581 1639 τοῖς
1599 1607 1732 1638 ἀπίστοις,
1750 1607 1779 1632 οὐ
1797 1607 1850 1638 τοῖς

218 1658 339 1688 potestas
369 1660 535 1682 manarerat.
569 1655 696 1684 Fortasse
732 1657 813 1683 etiam
841 1658 1007 1692 temporibus

219 1700 280 1731 illis,
298 1706 377 1735 atque
390 1700 453 1728 huic
467 1710 556 1728 rerutn
569 1703 650 1729 statui
663 1704 876 1737 conveniebant;
890 1705 1007 1738 quando-

217 1746 325 1779 quidem
353 1746 428 1781 signa
453 1747 616 1780 infidelibus,
645 1756 698 1776 non
721 1749 844 1777 fidelibus
867 1750 965 1777 dantur
979 1751 1001 1777 ".

218 1791 317 1818 Verum
334 1799 394 1827 qua:
408 1792 451 1819 his
468 1797 647 1821 consentanea
673 1799 747 1826 sunt,
775 1799 802 1822 et
824 1796 917 1823 eodem
947 1800 1005 1823 ten-

218 1838 294 1871 dunt,
322 1845 353 1865 ea
378 1846 439 1866 cum
465 1839 522 1873 pari
550 1839 602 1866 fide
620 1840 748 1874 cogitavit
779 1845 858 1874 atque
883 1842 1006 1876 perfecit.

216 1883 346 1918 Aperiens
364 1884 435 1910 euitn
458 1885 540 1911 verbo
554 1889 581 1912 et
597 1885 830 1913 cohortationibus
850 1887 905 1914 suis
926 1887 1004 1914 locu-

218 1929 318 1962 pletum
332 1929 440 1962 horrea,
461 1929 529 1957 facit
542 1930 613 1964 quod
629 1935 670 1957 est
687 1930 713 1957 in
730 1930 868 1966 Scriptura
879 1953 886 1964 ,
917 1933 1005 1959 cibum

220 1975 402 2002 esurientibus
427 1975 526 2010 frangit
545 1976 566 2010 ⁸,
593 1977 760 2011 partibusque
778 1985 910 2012 pauperes
931 1984 1006 2005 saut-

219 2027 261 2048 rat
270 2022 291 2053 θ,
301 2022 401 2057 alitque
412 2030 459 2049 eos
474 2022 500 2049 in
516 2022 588 2050 fame
601 2023 633 2055 ‘°,
645 2027 726 2057 atque
739 2024 890 2051 esurientes
904 2024 1007 2051 animas

219 2067 312 2101 implet
333 2067 410 2095 bonis
427 2068 459 2094 “.
475 2067 533 2100 Quo
550 2067 657 2094 tandem
683 2067 783 2094 modo?
815 2067 907 2102 Neque
936 2069 1007 2095 enim

219 2114 270 2139 hoc
284 2113 317 2139 ad
329 2113 416 2140 laudis
432 2113 567 2140 cumulum
583 2113 657 2147 parvi
676 2115 803 2140 momenti
819 2121 870 2139 est.
887 2113 912 2139 In
926 2122 1006 2140 tmutn

220 2158 321 2184 ctenim
337 2164 446 2192 cogens,
463 2165 530 2192 qttos
551 2158 635 2184 fames
654 2158 791 2190 vulnerat,
811 2163 838 2185 et
865 2159 1007 2185 nonnullos

221 2203 315 2235 etiam,
327 2204 372 2238 qui
386 2204 511 2238 spiritum
525 2211 596 2237 aegre
612 2204 767 2236 trahebant,
785 2205 867 2236 viros,
885 2204 1007 2238 feminas,

219 2257 327 2283 pueros,
341 2257 429 2282 senes,
453 2249 633 2276 miserabilem
653 2257 761 2277 omnem
776 2255 895 2281 a-tatem,
915 2251 1004 2277 omnia

220 2295 327 2322 interim
342 2296 463 2322 ciborum
478 2302 587 2328 genera,
602 2295 700 2329 quibus
720 2295 805 2323 fames
817 2295 914 2330 depelli
929 2295 1008 2328 solcl,

219 2349 377 2376 corrogatis,
398 2346 478 2375 atque
496 2340 564 2368 ollas
581 2341 757 2375 leguminum,
773 2342 891 2377 salsique
903 2347 1009 2369 nostra-

220 2387 255 2414 tis
265 2387 383 2419 obsonii,
397 2391 424 2414 et
435 2387 468 2413 ad
481 2387 619 2414 levandam
633 2395 779 2422 pauperum
794 2387 890 2414 famem
903 2395 1009 2415 accom-

220 2434 333 2467 modati,
349 2436 442 2468 plenas
457 2441 625 2468 proponens;
650 2434 706 2468 ipse
722 2435 817 2462 deinde
836 2434 947 2467 Christi,
964 2435 1008 2468 qui

255 2482 266 2497 ’
279 2481 358 2508 PrnV.
376 2489 431 2512 XIX,
445 2480 487 2508 i7.
542 2481 552 2496 ³
568 2480 646 2507 Prov.
666 2481 766 2512 “.26.

220 2525 275 2546 xiv.
295 2516 343 2546 {9:
363 2516 426 2543 Luc.
441 2524 478 2548 ix,
496 2515 545 2548 16;
573 2514 651 2544 Joau.
670 2525 709 2549 vr,
732 2517 776 2543 Η.

219 2560 305 2584 xxxtt,
323 2552 364 2579 19.
402 2552 424 2567 λι
440 2551 504 2578 an.
523 2551 597 2582 t,55.

254 2598 292 2629 (8)
310 2598 559 2632 Εὶσκομισόμεθα.
579 2597 643 2630 Reg.
660 2604 684 2628 ο,
697 2595 860 2632 εἰσοίσομεν,

253 2635 292 2668 till
316 2632 372 2666 Τῆς
387 2630 512 2665 ὲᾶιδείὰς.
530 2633 575 2668 0r.
591 2632 619 2663 2,
637 2630 817 2668 sigrévaelag.
840 2630 948 2668 Nic-etas
972 2630 1011 2668 sic

219 2665 328 2699 exponit
343 2665 406 2694 501‘:
429 2667 609 2701 θεραπεύουσι
635 2667 665 2693 τὸ
688 2666 829 2701 ὑστέρημα
845 2665 900 2691 τῶν
916 2665 1008 2700 δεομέ-

220 2713 282 2734 νιιιν,
303 2703 360 2729 ἀλλ’
375 2701 557 2739 ἐπιτρίϐουσι,
569 2703 614 2729 καὶ
629 2701 739 2735 αὓξουσι
749 2702 784 2739 τὸ
798 2701 881 2732 πάθος
891 2708 897 2714 “
918 2710 926 2726 ι
946 2701 1012 2735 Βεθ-

222 2747 317 2764 nnrutn
337 2737 455 2772 inopiam
477 2747 529 2765 nou
552 2738 651 2767 levant,
670 2739 714 2763 sed
730 2737 857 2762 ohleruut
870 2741 949 2770 atque
964 2744 1011 2762 nu-

222 2778 292 2808 geul.
313 2783 322 2798 ι
338 2774 397 2800 ΒῙΙΙ.
413 2793 420 2805 ,
439 2783 448 2799 ‹
469 2773 566 2799 fatui-tu
579 2773 759 2807 negotiantur.
779 2781 788 2796 ι

258 2808 314 2841 (10)
336 2809 438 2842 "Exem-
449 2807 561 2840 αὐτοῖς.
575 2807 642 2840 lieg.
658 2815 683 2838 c,
695 2807 767 2842 ἔχειν
786 2806 859 2832 ἐστὶν
878 2806 977 2842 αυτοῖς.

259 2839 316 2877 (li)
334 2839 451 2877 Ίρὸφὴν
472 2842 638 2870 ἀδάπανον.
659 2839 747 2868 Schol.
767 2852 773 2868 :
790 2841 875 2867 Τοῦτο
889 2839 1014 2877 aii-eota

222 2878 273 2915 τὴν
296 2876 394 2914 ὑδρίαν
417 2877 463 2904 τοῦ
486 2877 599 2912 ἀλεύρου
622 2878 671 2913 τὴν
688 2877 758 2904 κατὰ
778 2877 828 2912 τὴν
858 2876 1015 2912 Σαραφθίαν

819 2481 928 2507 ‘Exod.
948 2489 1003 2512 xvu,
1024 2483 1070 2514 15;
1089 2484 1158 2511 Psal.
1176 2492 1277 2514 Lxxvu,
1291 2483 1336 2510 24.

825 2517 834 2532 ⁷
853 2516 861 2543 l
879 2516 941 2543 Cor.
964 2525 1018 2548 σιν,
1030 2518 1075 2545 22.

1059 1655 1241 1682 πιστεύουσιν.
1259 1655 1294 1680 ‘A
1317 1653 1345 1680 δὲ
1362 1653 1468 1684 τούτοις
1487 1653 1560 1679 ἐστὶν
1576 1651 1721 1682 ἀκόλουθα,
1739 1651 1785 1677 καὶ
1813 1652 1849 1682 εἰς

1057 1701 1155 1728 ταυτὸν
1170 1701 1258 1736 φέρει,
1274 1700 1360 1727 ταῦτα
1376 1699 1423 1726 καὶ
1442 1699 1564 1734 διενοήθη
1589 1698 1636 1724 καὶ
1662 1697 1851 1733 κατεπράξατο

1059 1747 1128 1783 μετὰ
1140 1747 1189 1783 τῆς
1212 1747 1296 1781 αὑτῆς
1320 1747 1448 1777 πίστεως.
1477 1745 1555 1780 Λόγῳ
1568 1744 1622 1780 γὰρ
1636 1744 1685 1775 τὰς
1704 1744 1758 1770 τῶν
1778 1744 1851 1778 ἐχόν-

1057 1802 1110 1819 των
1127 1793 1268 1828 ἀποθήκας
1284 1792 1392 1825 ἀνοίξας
1406 1792 1453 1818 καὶ
1469 1791 1655 1827 παραινέσεσι,
1672 1791 1744 1816 ποιεῖ
1758 1790 1788 1815 τὸ
1803 1789 1852 1822 τῆς

1057 1840 1178 1876 Γραφῆςο
1195 1839 1361 1874 Διαθρύπτει
1376 1837 1489 1865 πεινῶσι
1515 1836 1618 1872 τροφὴν
1631 1857 1637 1867 ,
1655 1836 1702 1862 καὶ
1728 1834 1851 1870 χορτὰζει

1057 1886 1182 1919 πτωχοὺς
1198 1885 1288 1920 ἄρτων
1304 1884 1376 1920 (12),
1393 1884 1439 1911 καὶ
1455 1883 1593 1918 διατρέφει
1609 1883 1708 1914 αὐτοὺς
1724 1883 1753 1908 ἐν
1769 1881 1851 1916 λιμῷ,

1057 1931 1103 1957 καὶ
1117 1930 1205 1966 ψυχὰς
1221 1931 1357 1962 πεινώσας
1369 1930 1560 1965 ὲμπίμπλησιν
1587 1928 1706 1963 ἀγαθῶν.
1722 1929 1777 1955 Καὶ
1791 1927 1850 1953 τίνα

1056 1977 1173 2011 τρόπου
1192 1977 1253 2003 οὐδὲ
1268 1977 1322 2012 γὰρ
1332 1976 1412 2002 τοῦτο
1427 1975 1524 2011 μικρὸν
1544 1977 1584 2007 εἰς
1599 1974 1771 2010 προσθήκην.
1787 1974 1851 1999 Συν-

1058 2023 1167 2058 αγαγὼν
1180 2024 1234 2058 γὰρ
1252 2024 1280 2049 ἐν
1291 2022 1382 2057 ταυτῷ
1401 2023 1465 2053 τοὺς
1485 2021 1564 2056 λιμοῦ
1595 2020 1776 2055 τραυματίας,
1794 2019 1851 2045 ἔστι

1057 2071 1086 2096 δὲ
1111 2070 1158 2102 οὒς
1177 2070 1225 2097 καὶ
1259 2069 1356 2105 μικρὸν
1381 2068 1573 2098 ἁναπνέοντας,
1604 2067 1704 2102 ἄνδρας
1731 2067 1788 2101 (15)
1806 2067 1852 2092 καὶ

1059 2119 1202 2150 γυναῖκας,
1217 2117 1344 2151 νηπίους,
1358 2115 1504 2151 γέροντας,
1523 2115 1614 2140 πᾶσαν
1628 2113 1736 2149 ἡλικίαν
1770 2113 1853 2139 ἐλεει-

1058 2163 1117 2198 νὴν,
1133 2165 1187 2190 πᾶν
1205 2161 1274 2194 εἶδος
1286 2162 1392 2198 τροφῆς
1407 2161 1550 2197 ἐρανίζων,
1565 2161 1614 2195 ὅση
1632 2160 1762 2195 τυγχάνει
1774 2159 1853 2194 λιμοῦ

1061 2209 1180 2244 βοήθεια.
1194 2209 1287 2240 ἔτνους
1299 2208 1354 2243 (14)
1368 2217 1397 2234 τε
1413 2208 1528 2243 πλήρεις
1542 2207 1653 2242 προθεὶς
1668 2207 1795 2242 λέϐητας,
1807 2205 1853 2232 καὶ

1060 2254 1109 2281 τοῦ
1127 2254 1286 2290 ταριχευτοῦ
1305 2254 1370 2289 παρ’
1389 2254 1456 2288 ἡμῖν
1484 2252 1567 2287 ὕψου,
1583 2253 1630 2278 καὶ
1661 2252 1778 2285 πένητας
1791 2251 1853 2286 τρέ-

1061 2308 1166 2334 φοντος.
1187 2300 1302 2325 Ἔπειτα
1321 2298 1369 2333 τὴν
1393 2297 1440 2324 τοῦ
1460 2296 1579 2332 Χριστοῦ
1603 2296 1741 2323 διακονίαν
1758 2295 1854 2331 μιμού-

1063 2354 1153 2380 μενος,
1180 2345 1219 2376 ὃς,
1241 2345 1288 2371 καὶ
1309 2343 1405 2379 λεντίῳ
1434 2342 1660 2377 διαζωννύμενος,
1674 2342 1723 2368 οὐκ
1740 2341 1852 2376 ἀπηξίου

1062 2392 1166 2418 νίπτειν
1181 2392 1244 2424 τοὺς
1258 2391 1341 2423 πόδας
1366 2390 1419 2417 τῶν
1449 2389 1588 2425 μαθητῶν,
1608 2389 1654 2415 καὶ
1676 2389 1732 2420 τοῖς
1758 2387 1852 2414 ἑαυτοῦ

1063 2438 1168 2469 παισὶν,
1197 2438 1286 2464 εῖτουν
1315 2436 1478 2467 συνδούλοις,
1513 2435 1581 2471 πρὸς
1605 2434 1684 2461 τοῦτο
1715 2435 1854 2469 συνεργοῖς

1394 2482 1404 2498 ⁸
1421 2482 1452 2508 lll
1468 2481 1534 2515 licg.
1554 2488 1620 2513 xvu,
1641 2481 1684 2507 Η.
1739 2479 1851 2505 ‘Mullh-

1130 2520 1141 2535 ⁸
1156 2520 1205 2547 lsa.
1224 2527 1301 2551 Lvnt,
1316 2518 1342 2545 7.
1399 2519 1409 2534 ⁹
1423 2517 1495 2544 Psal.
1519 2523 1612 2548 cum,
1629 2516 1671 2543 15.
1731 2515 1753 2530 ¹⁶
1783 2515 1850 2541 Psal-

1065 2597 1151 2632 χήραν
1165 2605 1171 2612 ·
1188 2607 1198 2623 ι
1216 2596 1273 2625 Hoc
1288 2597 1355 2623 dixit
1378 2601 1488 2631 propter
1515 2597 1637 2632 hydrtam
1662 2596 1756 2623 farinae
1768 2597 1853 2624 viduae

1065 2631 1253 2666 b'airephtauaa.
1267 2641 1277 2657 ι
1291 2631 1350 2658 ΒΗΙ.
1366 2641 1373 2659 :
1391 2641 1400 2657 ι
1416 2631 1560 2666 gratuitam
1578 2632 1743 2658 alimoniam.
1759 2642 1768 2658 )

1105 2668 1294 2702 (1:2)"prr.
1310 2667 1354 2694 Sic
1366 2667 1454 2701 plures
1467 2667 1585 2702 Regg.et
1595 2667 1682 2698 Colb.,
1692 2667 1745 2694 duo
1759 2667 1852 2698 Coi.~l.,

1066 2702 1154 2733 Pass.,
1169 2708 1220 2729 etc.
1236 2701 1263 2738 lu
1277 2703 1331 2735 ed.,
1346 2703 1437 2738 ἄρτον.

1103 2738 1158 2771 (15)
1181 2737 1318 2770 Ἀνδριις.
1337 2737 1369 2763 Iu'
1382 2739 1427 2764 e-l.
1442 2738 1564 2772 sequitur
1579 2745 1635 2770 και,
1652 2745 1722 2772 quoa
1735 2737 1851 2764 auctori-

1070 2778 1124 2799 tate
1139 2773 1260 2799 codicntu
1276 2772 1394 2799 melioris
1407 2777 1476 2799 uota:
1489 2772 1646 2799 delevimus.

1105 2807 1160 2842 (M)
1176 2809 1313 2839 Ἕτνονς.
1328 2808 1372 2834 b‘ie
1385 2815 1477 2834 omnes
1489 2807 1608 2834 melioris
1618 2811 1687 2834 uota:
1699 2807 1777 2834 codd.
1792 2811 1852 2834 ἐτο-

1070 2850 1101 2869 \'e
1125 2844 1149 2868 in
1166 2844 1221 2874 ed.,
1239 2842 1341 2874 ἔθνους.
1353 2842 1431 2869 Juxta
1450 2842 1569 2869 Nicetam
1583 2842 1657 2874 ἔτνος
1676 2852 1685 2868 ι
1701 2847 1743 2870 est.
1761 2842 1851 2870 conci-

1070 2885 1127 2905 sum
1144 2877 1275 2912 legumen,
1297 2887 1307 2903 ο
1329 2878 1430 2905 scilicet
1449 2887 1460 2903 ι
1477 2877 1546 2905 faba.
1566 2885 1576 2902 ι
