2013 3134
217 161 267 190 55!

837 158 864 185 S.
887 157 1049 186 GREGORII
1070 157 1242 185 THEOLOGI

1793 157 1845 184 552

216 226 296 246 nemo
310 218 361 245 lidc
374 224 481 249 carens,
495 216 657 250 virtutisque
670 215 742 242 illius
754 215 874 250 ignarus,
888 222 1005 249 unquam

1059 223 1122 246 των,
1138 216 1260 250 περινοεῖ
1274 223 1300 241 τι
1319 214 1374 250 (44)
1392 215 1425 250 τῇ
1446 213 1552 249 διανοίᾳ.
1571 212 1664 248 μεῖζον
1681 213 1729 240 καὶ
1745 213 1844 249 senx/.-

217 265 366 292 arbitratns
383 268 464 295 esset,
481 263 569 296 majus
592 262 729 296 quidpiam
744 266 771 288 et
793 261 934 288 sublimius
948 261 1005 287 ani-

216 319 262 338 mo
277 312 379 345 agitare
397 309 499 344 incipit.
514 309 580 335 Nam
602 316 662 335 cum
678 308 721 334 alii
736 315 831 334 onmes
845 307 870 334 id
888 311 1005 334 tantum-

216 357 307 388 modo,
331 356 402 391 quod
425 360 488 382 ante
500 355 581 390 pedes
594 362 653 386 est,
671 354 796 385 videant,
811 360 911 387 suaque
935 357 962 379 ut
979 352 1005 379 in

217 406 277 429 tuto
291 403 362 434 sint,
388 402 511 428 laborent
529 401 562 436 (si
580 406 670 427 tamen
697 400 722 426 id
747 399 813 426 satis
839 404 925 426 tutum
947 405 1007 426 esse

217 447 336 482 potest).
350 455 398 474 nec
416 447 529 474 ulterius
547 446 764 481 progrediantur,
785 452 835 472 nec
854 444 943 480 magni
958 445 1008 471 ali-

217 493 282 528 quid
299 497 327 520 et
344 493 467 525 strenui,
483 492 524 519 \‘eI
539 491 702 527 cogitatione
724 490 876 525 complecti,
894 489 934 516 vel
951 488 1007 516 elli-

217 547 280 567 cere
297 544 412 574 queant;
426 539 482 574 ipse
496 543 589 566 contra
604 558 611 569 ,
630 537 735 564 tatnetsi
756 535 862 563 exteris
880 535 906 562 in
924 535 1005 563 rebus

216 586 372 612 moderatus
382 589 464 616 esset,
477 585 502 611 in
519 584 561 610 his
574 587 663 610 tamen
675 582 782 609 modum
799 581 1006 615 haudquaquam

218 636 308 664 tenet;
327 639 418 658 verum
443 631 549 658 Sublato
577 630 603 656 in
627 629 710 655 alttuu
728 628 834 662 capite,
853 627 1005 661 mentisque

217 678 304 704 oculis
320 683 536 711 quoquoversum
552 675 672 710 jactatis,
690 681 785 700 omnes
801 681 848 700 eas
861 673 933 699 orbis
947 680 1007 706 par-

218 730 269 755 tes,
287 731 354 758 quas
376 722 514 750 salutifera
531 721 629 749 Christi
647 720 768 747 doctrina
784 724 927 754 pervagata
947 724 1006 751 est,

217 768 434 802 comprehendit.
452 767 520 794 (lum
545 772 635 793 autent
656 766 770 797 videret,
792 772 915 799 magnam
935 764 1007 791 illam

218 815 266 841 Dei
282 814 479 844 Itzereditatem,
501 813 641 847 ipsiusque
657 811 777 838 doctrina
790 815 818 837 et
839 811 952 845 legibus,
967 815 1008 837 at-

218 868 270 895 que
288 860 453 888 cruciatibus
469 859 649 893 acquisitam,
661 862 768 892 gentem
786 857 857 884 illam
873 863 1005 891 sanctam,

1056 270 1144 297 τερον.
1165 261 1226 287 Τῶν
1248 261 1302 296 γὰρ
1325 261 1413 288 ἄλλων
1432 260 1560 287 ἁπάντων
1579 259 1610 286 τὸ
1630 260 1658 286 ὲν
1678 260 1742 286 ποσὶ
1768 260 1848 295 μόνον

1056 307 1191 342 ὁρώντων,
1205 307 1252 334 καὶ
1263 306 1293 332 τὸ
1307 306 1367 333 κατ’
1379 306 1478 337 αὐτοὺς
1494 305 1549 339 (65)
1562 306 1635 337 ὅπως
1649 305 1780 339 ἀσφαλῶς
1793 306 1847 338 ἔξει

1056 351 1248 387 λογιζομένων,
1267 352 1346 387 εἴπερ
1361 351 1441 378 τοῦτο
1456 351 1590 384 ἀσφαλὲς,
1607 351 1760 386 περαιτέρω
1777 350 1799 376 δ’
1817 350 1847 377 οὐ

1057 398 1216 433 προῖόντων,
1231 398 1293 424 οὐδέ
1315 407 1340 424 τι
1359 398 1433 432 μέγα.
1445 398 1492 424 καὶ
1507 398 1645 429 νεανικὸν,
1667 397 1683 432 ἢ
1709 396 1847 431 ἐννοῆσαι,

1057 443 1073 479 ἠ
1091 444 1318 479 καταπράξασοαι
1334 444 1508 479 δυναμένων·
1530 443 1618 469 καίτοι
1632 443 1716 470 τᾶλλα
1738 443 1849 479 μέτριος

1056 489 1104 522 ὣν,
1121 490 1149 516 ἐν
1163 489 1268 522 τούτοις
1282 490 1311 516 ού
1329 490 1470 525 μετριάζει
1481 498 1487 504 ”
1503 489 1561 516 ἀλλ’
1578 488 1645 524 ὑψοῦ
1662 489 1711 524 τὴν
1728 489 1849 524 κεφαλὴν

1056 536 1162 568 διάρας,
1185 536 1232 562 καὶ
1249 535 1341 571 κύκλῳ
1354 535 1446 570 τὸτῆς
1463 535 1553 570 ψυχῆς
1568 535 1644 570 ὄμμα
1661 535 1849 572 περιαγαγὼν,

1058 581 1147 606 πᾶσαν
1164 580 1230 606 εἵσω
1248 581 1366 606 ποιεῖται
1387 581 1437 616 τὴν
1455 581 1628 615 οἰκουμένην,
1643 581 1708 616 ὅσην
1730 581 1745 607 ὁ
1763 581 1851 616 σωτή-

1059 635 1116 660 ριος
1128 626 1206 660 λόγος
1219 626 1384 662 ἐπέδραμεν.
1407 626 1493 662 Ὀρῶν
1507 627 1536 653 δὲ
1554 626 1600 652 τὸν
1616 626 1704 662 μέγαν
1718 626 1765 653 τοῦ
1782 626 1849 652 θεοῦ

1057 671 1167 708 κλῆρον,
1190 673 1237 699 καὶ
1252 673 1308 703 τοῖς
1325 671 1407 698 αὐτοῦ
1427 671 1532 706 λόγοις,
1546 672 1594 699 κα).
1613 672 1717 708 νόμοις,
1731 673 1779 699 καὶ
1798 673 1849 700 πά-

1058 716 1116 743 θεσι
1131 716 1352 753 περιποιηθέντα,
1369 717 1400 742 τὸ
1419 716 1496 750 ἅγιον
1514 716 1603 749 ἔθνος,
1619 716 1650 743 τὸ
1664 715 1799 751 βασίλειον
1813 717 1850 742 ἱε-

1059 764 1192 799 ράτευμα,
1211 762 1306 794 κακῶς
1327 763 1516 798 διακείμενον,
1539 763 1580 794 εἷς
1603 771 1632 789 τε
1656 763 1755 798 μυρίας
1773 763 1851 794 δόξας

1058 810 1106 836 κα).
1121 809 1225 841 πλάνας
1239 809 1438 844 διεσπασμένον
1452 808 1508 844 (46)
1522 817 1527 824 -
1544 809 1591 835 καὶ
1605 809 1654 844 τὴν
1670 809 1701 841 ἐξ
1713 808 1850 842 Αἰγύπτου

1060 856 1237 891 μετηρμὲνην
1251 856 1298 882 καὶ
1316 855 1594 890 μεταπεφυτευμένην
1608 855 1740 889 ἄμπελον,
1755 856 1788 882 ὲκ
1803 855 1852 890 τῆς

218 907 322 941 regium
340 906 403 933 illud
418 905 596 932 sacerdotium
612 905 643 937 “,
660 905 728 931 male
749 911 777 931 se
792 904 909 935 habere,
925 909 1006 938 atque

1059 902 1140 928 ἀθέου
1162 901 1209 928 καὶ
1230 902 1371 936 σκοτεινῆς
1387 901 1498 935 ἀγνοίας
1517 902 1556 932 εὶς
1577 901 1677 932 καλλος
1691 910 1721 928 τε
1737 903 1785 928 καὶ
1805 902 1853 936 μέ-

218 953 244 980 in
261 956 401 978 sexu-mas
417 951 557 984 opiniones
571 955 596 976 et
615 958 723 976 errores
739 950 898 976 distraetth
914 957 974 976 esse
992 959 999 976 ε

217 1002 298 1031 atque
314 997 418 1022 vineam
437 996 526 1026 illam,
553 1003 612 1029 quze
635 1003 667 1021 ex
683 995 816 1030 Egypto,
839 995 889 1021 hoc
905 1000 957 1028 est,
973 1003 1008 1022 ex

218 1043 298 1076 impia
325 1047 352 1069 et
374 1042 519 1075 caliginosa
537 1041 700 1076 ignorantia,
718 1041 851 1067 tmnslata
869 1045 896 1067 et.
916 1045 1006 1066 trans-

217 1090 334 1124 plantata
346 1089 435 1116 fuerat
446 1089 479 1120 ",
491 1095 602 1122 qua-que
610 1087 642 1114 ad
653 1093 704 1114 tam
715 1087 873 1114 immensam
887 1086 1007 1120 pulchri-

219 1136 338 1162 tudinem
364 1139 392 1161 et
420 1134 633 1168 magnitudinem
657 1137 836 1167 pervenerat,
853 1137 881 1158 ut
908 1137 1008 1159 terram

216 1182 370 1208 universam
392 1181 524 1214 operiret,
537 1186 569 1204 ac
585 1186 666 1212 supra
685 1183 790 1205 montes
806 1183 833 1204 et
849 1177 945 1204 cedros
961 1184 1007 1204 as-

217 1230 359 1260 surgeret;
379 1225 459 1256 hanc,
473 1223 595 1257 inquam,
610 1231 624 1248 a
640 1230 723 1257 pravo
737 1227 765 1248 et
780 1224 880 1256 agrein
892 1229 968 1256 apro,
981 1222 1008 1249 id

217 1276 271 1303 est,
303 1279 318 1297 a
344 1270 462 1301 diabolo,
489 1269 679 1295 labefactatam
705 1273 732 1294 et.
761 1272 943 1302 pervastatam
967 1268 1007 1301 “;

1059 947 1139 982 γεθος
1158 948 1272 984 ἄπειρον
1291 947 1488 984 προελθοῦσαν,
1505 947 1542 980 ὡς
1563 947 1681 983 καλύψαι
1697 949 1788 975 πᾶσαν
1803 948 1854 984 τὴν

1059 995 1122 1029 γῆν,
1143 995 1189 1021 καὶ
1214 994 1285 1030 ὁρῶν
1307 994 1353 1020 καὶ
1373 995 1477 1030 κέδρων
1504 994 1761 1030 ὑπερεκτείνεσθαι*
1785 994 1853 1021 ταύο

1058 1049 1108 1075 την
1131 1040 1186 1075 (47)
1211 1040 1323 1076 πονηρῷ
1342 1041 1390 1068 καὶ
1406 1041 1494 1077 ἀγρίῳ
1511 1041 1564 1072 συῒ.
1578 1042 1618 1077 τῷ
1634 1042 1760 1078 διαϐόλῳ,
1777 1042 1853 1068 λελυ-

1061 1086 1205 1122 μασμένην
1216 1095 1222 1101 ”
1234 1087 1285 1114 οὐκ
1295 1086 1432 1123 αὔταρκες
1443 1087 1630 1122 ὑπολαμὸἀνει
1642 1088 1750 1124 θρηνεῖν
1763 1088 1852 1124 ἡσυχῆ

1060 1131 1091 1157 τὸ
1117 1131 1213 1164 πάθος,
1236 1133 1283 1159 καὶ
1312 1132 1380 1168 πρὸς
1407 1132 1474 1159 Θεὸν
1499 1133 1579 1168 μόνον
1605 1132 1693 1168 αἱρειν
1722 1132 1779 1168 (48)
1804 1133 1853 1164 τὰς

1061 1180 1167 1214 χεῖρας,
1179 1178 1227 1204 καὶ
1244 1178 1308 1213 παρ’
1324 1179 1430 1205 ἐκείνου
1442 1178 1497 1205 τῶν
1512 1179 1681 1214 κατεχόντων
1698 1179 1792 1205 κακῶν
1805 1178 1851 1204 λύ-

1062 1233 1104 1250 σιν
1122 1224 1223 1260 ζητετν,
1237 1224 1318 1256 αὐτὸς
1334 1225 1362 1251 δὲ
1377 1225 1534 1252 καθεύδειν·
1549 1225 1619 1252 ἀλλὰ
1631 1234 1657 1251 τι
1670 1226 1717 1252 καὶ
1733 1224 1852 1261 βοηθεῖν,

1061 1269 1109 1295 καὶ
1125 1269 1189 1304 παρ’
1207 1268 1302 1295 ἑαυτοῦ
1321 1269 1508 1306 συνεισφέρειν
1525 1270 1594 1306 (ueto
1609 1271 1674 1298 δεῖν.

218 1320 426 1353 haudquaquam
451 1319 516 1344 satis
549 1324 610 1344 esse
627 1316 776 1350 judicavit,
812 1317 834 1342 si
867 1316 937 1343 hanc
956 1316 1138 1344 calamitatem
1165 1319 1244 1344 tacite
1267 1317 1438 1352 deploraret,
1458 1326 1607 1353 manusque
1627 1318 1660 1345 ad
1683 1318 1766 1345 Deum
1784 1319 1853 1345 dun-

219 1371 293 1394 taxat
309 1366 435 1398 tolleret,
450 1365 484 1392 ab
505 1372 601 1398 eoque.
616 1370 644 1390 ut
659 1364 786 1399 urgentia
807 1364 876 1391 mala
895 1363 1050 1398 depelleret,
1082 1365 1206 1399 precibus
1240 1366 1427 1398 contenderet,
1463 1366 1520 1400 ipse
1542 1374 1607 1392 vero
1623 1366 1727 1393 interea
1753 1367 1854 1394 dormi-

217 1419 276 1453 ret;
292 1421 384 1439 verum
403 1413 556 1438 faciendum
573 1411 623 1438 sibi
638 1418 747 1446 quoque
759 1412 873 1445 putavit,
887 1416 918 1438 ut
929 1419 1008 1446 opem
1028 1413 1172 1446 quamdam
1187 1411 1304 1446 allerret,
1319 1420 1352 1440 ac
1366 1413 1400 1441 de
1416 1421 1465 1440 suo
1479 1412 1579 1447 aliquid
1594 1418 1731 1448 erogaret.

251 1460 332 1489 XLII.
354 1460 422 1493 Quid
451 1460 522 1486 enim
551 1459 601 1486 hac
632 1459 786 1486 calamitate
804 1459 918 1492 tristius,
945 1467 1006 1486 cum

1094 1461 1160 1487 MB’.
1179 1461 1211 1487 Τί
1230 1461 1285 1498 γὰρ
1305 1459 1377 1488 εἶναι
1392 1463 1440 1497 τῆς
1458 1463 1600 1498 συμφορᾶς
1619 1462 1721 1497 ταύτης
1743 1461 1854 1497 ἀνιαρό-

219 1508 304 1535 satius
321 1510 402 1538 esset,
419 1510 448 1531 Ill.
465 1505 487 1531 is
498 1525 505 1537 ,
523 1505 567 1539 qui
591 1513 697 1531 sursum
717 1509 833 1539 spectat,
846 1505 928 1541 803
945 1513 1009 1540 ope—

218 1561 276 1580 ram
294 1553 318 1579 in
339 1559 394 1578 rem
418 1551 552 1585 publicant
579 1551 734 1578 conferret?
757 1551 817 1578 Uno
841 1553 940 1578 etenint
957 1552 1009 1579 ho-

220 1600 291 1625 mine
311 1604 385 1625 recte
405 1604 451 1624 aut
477 1598 546 1624 male
564 1606 593 1625 se
610 1603 731 1631 gerente,
749 1599 815 1625 nihil
842 1599 903 1626 hinc
921 1600 1010 1633 reipu-

218 1645 294 1672 blica:
309 1644 447 1680 portendi;
474 1649 502 1670 at
515 1644 652 1678 republica
675 1644 726 1671 hoe
748 1649 793 1671 aut
816 1645 860 1672 illo
875 1646 955 1672 tnodo
978 1653 1008 1672 se

220 1692 350 1724 habente,
367 1689 487 1724 singulos
503 1690 585 1715 etiam
606 1690 700 1716 eodem
724 1691 803 1717 modo
816 1690 885 1717 allici
901 1698 1010 1718 necesse

219 1745 288 1764 esse.
307 1737 368 1763 Ilazc
387 1736 469 1770 igitur
493 1735 537 1762 ille
565 1735 665 1769 publici
685 1737 819 1763 commodi
850 1743 1009 1771 procurator

219 1789 246 1810 et
277 1784 390 1810 antistes
419 1790 510 1809 secum
549 1788 678 1815 reputans
718 1787 800 1817 atque
840 1783 1010 1816 perpendens

219 1828 448 1866 (quandoquidem
469 1829 540 1854 tinea
557 1828 658 1854 ossium
681 1831 722 1854 est
745 1835 794 1854 cor
807 1835 886 1854 sensu
912 1829 1009 1862 praedi-

219 1881 287 1907 tum,
305 1881 334 1902 ut
347 1875 483 1902 Salomoni
501 1875 522 1890 ¹⁷
538 1880 565 1901 et
579 1874 685 1900 veritati
704 1874 809 1908 placet;
827 1879 909 1909 atque
926 1879 954 1901 ut
966 1875 1008 1901 itt-

219 1923 336 1950 tlolcntia
354 1921 413 1948 beta
433 1927 474 1948 est
490 1926 517 1947 et
532 1920 636 1952 hilaris,
654 1921 690 1946 ita
706 1921 908 1947 conuniseratio
924 1921 1009 1948 tristis

218 1969 359 1998 etacerha,
373 1972 520 2001 pectusque
531 1966 639 1993 contieit
651 1967 776 1992 diutttrna
789 1966 928 2002 cogitatio)
943 1975 950 1999 ;
966 1966 1002 1993 id-

219 2015 292 2041 circo
312 2013 461 2045 mmrcbat,
477 2013 639 2047 angebatur,
659 2011 918 2043 convulnerabatur,
938 2011 1008 2039 idem

219 2060 281 2094 ipsi,
295 2060 366 2094 quod
379 2058 498 2090 Jonze“,
518 2058 588 2093 quod
610 2058 712 2089 Davidi,
735 2065 783 2084 usu
798 2058 934 2090 veniebat,
950 2060 1009 2086 atti-

219 2114 293 2133 mutn
307 2104 502 2138 despondebat,
517 2112 577 2136 nec,
588 2109 635 2130 aut
644 2111 768 2130 somnum
780 2103 877 2133 oculis.
888 2108 936 2129 aut
947 2103 1009 2130 dor-

1060 1515 1153 1543 τερον,
1172 1507 1243 1543 ὑπὲρ
1265 1507 1293 1534 δὲ
1313 1507 1360 1534 τοῦ
1381 1509 1473 1535 κοινοῦ
1493 1509 1592 1545 χρῆναι
1619 1509 1718 1544 μᾶλλον
1737 1509 1854 1536 σπονδά-

1061 1553 1117 1584 ζειν
1135 1553 1191 1588 (49)
1208 1553 1253 1580 τὸν
1271 1553 1327 1580 ἄνω
1347 1554 1493 1589 βλέποντας
1516 1555 1590 1587 Ἔνος
1608 1555 1657 1590 μὲν
1682 1555 1738 1590 γὰρ
1753 1555 1809 1590 (50)
1823 1552 1852 1582 εὖ

1061 1598 1237 1634 πράττοντος,
1255 1600 1271 1634 ἢ
1288 1599 1395 1633 κακῶς,
1410 1601 1487 1627 οὐδὲν
1506 1601 1545 1636 τῷ
1564 1601 1645 1637 κοινῷ
1660 1602 1739 1629 τοῦτο
1758 1603 1854 1637 ἐπιση-

1062 1645 1169 1680 μαίνειν
1180 1653 1187 1660 ·
1201 1644 1248 1671 τοῦ
1262 1645 1352 1672 κοινοῦ
1367 1645 1396 1672 δὲ
1411 1646 1498 1679 οὕτως
1514 1647 1530 1682 ἢ
1546 1647 1657 1679 ἔκείνως
1672 1647 1792 1682 ἔχοντος,
1808 1648 1854 1676 καὶ

1059 1691 1105 1716 τὸν
1118 1689 1179 1715 καθ’
1192 1689 1307 1716 ἕκαστον
1318 1690 1419 1726 ὁμοίως
1432 1691 1514 1726 ἔχειν,
1530 1692 1620 1717 πᾶσαν
1634 1689 1704 1717 εἶναι
1716 1691 1850 1727 ἀνάγκην.

1060 1735 1143 1762 Ταῦτ’
1166 1733 1213 1762 οὖν
1236 1735 1334 1763 ἐννοῶν
1356 1737 1403 1762 καὶ
1422 1736 1531 1762 σκοπῶν
1555 1737 1659 1767 ἐκεῖνος
1679 1736 1746 1771 (51),
1773 1737 1789 1763 ὁ
1806 1735 1853 1763 τοῦ

1061 1781 1149 1808 κοινοῦ
1171 1781 1298 1818 κηδεμὼν
1315 1782 1362 1808 καὶ
1384 1782 1539 1817 προστάτης
1557 1782 1671 1817 (ἐπειδὴ
1689 1782 1738 1816 σὴς
1752 1782 1854 1810 ὀστέων

1061 1827 1159 1863 καρδία
1173 1828 1330 1863 αἰσθητικὴ,
1347 1828 1385 1860 ὠς
1401 1828 1554 1864 Σολομῶντι
1572 1829 1619 1854 καὶ
1634 1830 1667 1864 τῇ
1681 1829 1796 1864 ἀληθείᾳ
1811 1829 1854 1856 δο-

1060 1875 1120 1899 κεῖ·
1141 1873 1232 1900 καὶτὸ
1251 1874 1300 1909 μὲν
1319 1874 1482 1910 ἀνάλγητον,
1497 1874 1631 1910 εύθυμον·
1653 1875 1684 1901 τὸ
1696 1875 1723 1902 δὲ
1745 1884 1853 1911 συμπα-

1061 1919 1115 1950 θὲς,
1129 1919 1252 1955 λυπηρόν
1261 1928 1268 1935 ·
1282 1920 1329 1946 καὶ
1343 1920 1421 1955 «ait;
1435 1921 1559 1956 καρδίας,
1569 1921 1688 1956 ἕμμονος
1701 1921 1851 1957 λογισμὸς),

1060 1966 1105 1992 διὰ
1136 1966 1215 1993 τοῦτο
1250 1967 1418 2002 ἐσφάδαζεν,
1457 1969 1566 2003 ἠνιᾶτο,
1601 1969 1851 2005 κατετιτρώσκετο,

1060 2013 1162 2047 ἔπασχε
1177 2014 1207 2039 τὺ
1225 2014 1312 2044 Ἰωνᾶ,
1326 2014 1357 2040 τὸ
1367 2015 1458 2047 Δαείιδ,
1471 2015 1619 2050 ἀπελέγετο
1629 2015 1678 2051 τὴν
1689 2015 1789 2051 ψυχὴν,
1803 2017 1852 2043 οὐκ

1060 2059 1146 2086 ἐδίδου
1170 2059 1254 2087 ὕπνον
1274 2062 1330 2092 τοῖς
1353 2061 1518 2097 ὀφθαλμοῖς,
1536 2062 1596 2088 οὐδὲ
1618 2063 1773 2098 νυσταγμὺν
1797 2064 1852 2095 τοῖς

1061 2105 1207 2141 βλεφάροις
1217 2115 1223 2121 ·
1241 2107 1434 2142 προσεδαπάνα
1450 2108 1481 2134 τὸ
1497 2108 1655 2144 λειπόμενον
1672 2109 1726 2135 τῶν
1744 2109 1852 2145 σαρκῶν

219 2151 389 2179 mitationem
404 2149 539 2184 palpebris
558 2148 723 2176 concedebat
738 2149 758 2165 ¹⁶
774 2158 781 2175 :
803 2148 934 2183 quidquid
947 2157 1006 2175 cari

1062 2152 1121 2182 ταῖς
1134 2151 1283 2186 φροντίσιν,
1300 2151 1352 2184 ἕως
1367 2152 1435 2190 εὕρῃ
1450 2153 1497 2180 τοῦ
1517 2153 1602 2180 κακοῦ
1621 2153 1697 2180 λύσιν
1707 2162 1714 2169 ·
1731 2154 1853 2189 ἐπιζητεῖ

219 2199 292 2226 nium
314 2200 464 2232 supererat,
478 2196 550 2223 curis
565 2195 734 2227 absumebat,
747 2195 835 2229 quoad
858 2195 919 2222 huic
934 2195 1004 2223 man

220 2244 368 2271 remedium
388 2242 550 2273 invenisset;
566 2241 685 2268 divinant
705 2245 733 2267 et
746 2240 892 2267 humanam
906 2249 983 2276 opem
996 2261 1004 2273 ,

219 2298 279 2325 quae
292 2289 428 2324 publicum
450 2288 603 2315 incendium
620 2287 822 2320 comprimeret,
838 2286 1005 2322 oﬂ'usamque

219 2335 298 2363 nobis
309 2335 452 2369 caliginem
472 2334 633 2364 discuteret,
652 2332 822 2366 tmplorabat.

253 2381 344 2410 XLIII.
361 2382 448 2415 Atque
474 2379 540 2406 illud
557 2379 666 2412 quidem
691 2386 773 2405 unum
791 2378 869 2406 valde
887 2378 1006 2406 salutife-

219 2435 278 2455 rum
295 2427 441 2462 excogitat.
462 2425 528 2452 Nam
545 2432 606 2451 cum
636 2423 766 2458 seipsum,
790 2428 920 2458 quantmn
948 2424 1006 2451 ﬁeri

255 2485 277 2501 “
290 2484 298 2512 l
312 2483 384 2511 Pctr.
401 2491 432 2514 ll,
447 2482 474 2509 9.
513 2482 534 2497 ¹⁸
549 2481 620 2509 Psal.
636 2487 718 2508 Lxxtx
744 2479 770 2507 9.
811 2479 832 2494 “
847 2479 912 2506 ibid.
926 2480 969 2508 II.

254 2567 310 2601 (Μ)
333 2568 372 2593 Τι.
388 2565 416 2591 In
434 2565 575 2601 nontmllis,
593 2565 642 2591 ἐτι.

331 2601 400 2629 Κατ’
418 2600 538 2633 αὺτούς.
555 2601 599 2627 Sic
621 2601 709 2635 plures
729 2598 807 2626 codd.
827 2598 855 2625 In
877 2598 932 2632 ed.,
947 2599 1006 2626 καθ’

221 2647 567 2708 σ⁵Ἶῒόξᾏιεοτιιαοζιιένον.
584 2670 671 2708 Pass,
687 2667 893 2708 διεσπαρμένον.

255 2705 311 2743 (47)
334 2709 457 2741 Ταύτην.
472 2709 499 2734 Ιιι
514 2708 557 2734 ed.
572 2707 692 2740 sequitur
707 2705 745 2737 δέ,
761 2706 831 2738 quod
845 2705 1005 2732 auctoritate

218 2744 296 2771 codd.
312 2743 469 2770 delevinms.

238 2779 309 2820 ΑΗ)
329 2778 428 2820 Μόνον
439 2777 542 2810 αἴρειν.
559 2775 603 2803 Sic
618 2775 702 2810 [ἷξες.
715 2782 739 2808 a,
753 2775 797 2802 bm
810 2781 836 2803 et
849 2776 893 2804 ph.
911 2774 937 2801 In
948 2776 1002 2808 ed.,

317 2813 462 2885 δὲ
475 2845 526 2872 τοῦ
542 2845 642 2885 ιςοιξθοῦ
653 2845 897 2885 χρῆξηαιΛμᾶέλον
910 2852 1005 2885 garou-

218 2880 326 2914 ade-tr.
344 2883 388 2910 Sic
399 2880 488 2917 'Ilegg.
502 2889 527 2913 a,
542 2883 568 2914 d,
582 2882 634 2909 duo
650 2880 744 2912 tiidsL,
759 2880 806 2909 0r.
819 2882 847 2915 2,
861 2887 888 2909 et
908 2882 1002 2909 Contb.

1009 2481 1030 2497 ¹⁷
1046 2481 1127 2511 Prov.
1147 2492 1201 2517 xw,
1214 2485 1258 2512 50.

1063 2195 1138 2222 θείαν
1156 2196 1293 2232 βοήθειαν,
1309 2197 1325 2233 ἢ
1349 2198 1522 2235 ἀνθρωπίνην
1537 2199 1604 2235 (52),
1621 2199 1682 2234 ἣτις
1699 2200 1793 2235 στήσει
1807 2200 1852 2227 τὸν

1063 2243 1151 2268 κοινὸν
1165 2243 1339 2279 ἐμπρησμὸν,
1359 2245 1406 2271 καὶ
1422 2245 1472 2282 τὴν
1492 2246 1642 2282 ἐπέχουσαν
1667 2246 1740 2281 ἡμᾶς
1760 2246 1851 2273 σκοτό-

1063 2296 1170 2322 μαιναν.

1096 2380 1161 2406 Ml".
1183 2381 1230 2407 ’Ἑν
1252 2382 1301 2416 μὲν
1323 2380 1369 2408 οὖν
1391 2384 1480 2409 ὲκεῖνο
1501 2385 1604 2410 ἐπινοεῖ
1622 2385 1668 2410 καὶ
1686 2384 1746 2410 λίαν
1764 2385 1850 2421 σωτή-

1063 2433 1133 2460 ριον·
1152 2426 1318 2461 Συναγαγὼν
1343 2427 1455 2460 ἑαυτὸν,
1475 2428 1513 2459 ὡς
1533 2425 1588 2454 οἶόν
1604 2437 1634 2454 τε
1650 2426 1696 2464 ἦν,
1714 2429 1762 2455 καὶ
1785 2438 1849 2463 συγ-

1299 2485 1320 2501 ¹⁸
1335 2485 1396 2513 Jon.
1417 2493 1443 2512 tv
1453 2505 1460 2517 ,
1475 2486 1503 2513 9.
1537 2486 1558 2503 ιο
1569 2486 1639 2513 Psal.
1653 2494 1732 2514 cum
1743 2507 1752 2520 ,
1771 2487 1799 2515 4.

1058 2564 1086 2591 In
1101 2565 1144 2593 ed.
1159 2573 1166 2591 :
1181 2565 1251 2601 ὑπὲρ
1263 2565 1291 2592 δὲ
1306 2563 1353 2591 τοῦ
1365 2564 1465 2600 μᾶλλον
1477 2564 1576 2600 χρῆναι
1589 2564 1749 2596 σπουδάζειν
1758 2584 1767 2595 .
1779 2565 1848 2601 quod

1059 2601 1098 2627 sic
1121 2602 1201 2627 vertit
1217 2601 1309 2627 Billius
1326 2608 1362 2636 εν(
1377 2601 1430 2627 Aut
1451 2608 1499 2634 pro
1517 2608 1568 2634 qua
1585 2601 1690 2636 tandem
1709 2608 1739 2628 re
1766 2602 1849 2636 magis

1057 2635 1250 2662 elaborandum
1264 2636 1287 2662 ei
1300 2635 1345 2669 qui
1360 2643 1465 2662 sursum
1482 2635 1605 2668 spectat?
1627 2645 1636 2661 ι

1176 2670 1258 2709 ’ζεῖ-νὸς
1274 2670 1332 2709 μὲν
1345 2670 1410 2709 γᾴρ.
1425 2670 1508 2709 Gabr;
1524 2669 1715 2709 ειά-ιιίῑ-ὰνδρόᾗ

1099 2706 1154 2741 (51)
1181 2705 1310 2732 Ἐννοῶν
1335 2706 1383 2731 καὶ
1408 2705 1530 2732 σκοπῶν
1542 2705 1672 2741 ἐκεῖνος.
1698 2705 1742 2731 Sic
1761 2712 1850 2738 putres

1063 2739 1148 2780 “fug.
1175 2746 1202 2768 et
1227 2741 1272 2768 0r.
1291 2741 1317 2769 ‘2.
1346 2741 1373 2767 lu
1397 2742 1452 2773 ed.,
1476 2739 1573 2767 ἐννοῶν
1595 2741 1707 2772 ἐκεῖνος,
1727 2741 1774 2766 καὶ
1790 2749 1850 2766 σκο-

1064 2784 1133 2802 πων.

1099 2811 1155 2846 (52)
1175 2812 1212 2838 ‘II
1222 2819 1422 2845 araptuna'nr.
1451 2812 1516 2845 IIeg.
1539 2811 1573 2838 IIU
1594 2815 1621 2838 ct
1650 2810 1723 2844 Pan,
1739 2818 1789 2836 ουκ
1807 2818 1849 2837 αν-

1063 2847 1212 2881 Θρωπίνην.
1227 2846 1254 2874 In
1267 2847 1402 2874 nonnullis
1417 2847 1491 2874 deest
1502 2847 1528 2882 ἡ.
