2013 3134
169 178 220 206 5S3

590 181 718 212 ORATIO
739 183 830 213 XLIII.
850 202 883 207 -—
902 186 937 213 IN
956 185 1096 216 LAUDEM
1116 187 1238 217 BASILII
1258 190 1374 220 MAGNI.

1740 196 1789 228 55-5

167 234 276 266 κλείσας
289 233 328 271 τῷ
346 236 500 272 πνεύματι,
518 239 566 265 καὶ
581 239 683 272 πάντας
704 242 754 276 μὲν
770 243 952 278 ἀνθρωπίνους

1007 250 1121 280 poterat,
1150 247 1313 282 collegisset,
1339 253 1366 276 et
1397 257 1457 277 cum
1477 251 1573 286 spiritu
1601 254 1788 290 conclusisset.

167 279 312 315 λογισμοὺς
333 282 458 316 κινήσας,
477 284 531 310 ’πᾶν
552 284 581 310 δὲ
596 285 650 312 τῶν
667 287 783 322 Γραφῶν
803 289 856 323 (55)
874 289 956 324 βάθος

165 325 378 361 ἀναλεξάμενος,
396 327 560 364 λογογραφεῖ
578 330 626 366 τὴν
647 331 799 366 εὐσέϐειαν,
821 335 866 360 καὶ
881 335 956 362 ἀντι-

165 370 252 403 θέτοις
273 372 374 404 πάλαις
395 374 442 400 καὶ
460 375 562 410 μάχαις
585 377 615 403 τὸ
639 378 706 404 πολὺ
733 379 786 405 τῶν
808 381 954 415 αἱρετικῶν

164 417 346 453 ἀποκρούεται
360 419 460 455 Θράσος
472 429 478 435 ·
495 423 558 453 τοὺς
574 423 621 458 μὲν
634 424 681 450 καὶ
694 425 734 455 εὶς
745 427 838 460 χεῖρας
854 428 952 460 ἰόντας,

163 463 327 499 ἀγχεμάχοις
343 465 434 497 ὅπλοις
451 468 506 499 τοῖς
521 468 575 494 ἀπὸ
589 469 715 506 γλώσσης
730 474 954 510 καταστρεφόμεο

163 517 204 540 νος
217 518 224 525 ο
244 512 308 542 τοὺς
324 511 352 537 δὲ
372 512 529 548 πόρρωθεν,
547 514 652 549 βάλλων
675 517 824 553 τοξεύμασι
846 521 903 552 τοῖς
920 522 952 547 ὲκ

164 556 293 591 μέλανος,
312 559 390 586 οὐδὲν
405 560 567 595 ἀτιμοτέρου
588 561 644 596 (54)
662 562 717 590 τῶν
740 564 770 589 ἐν
791 567 850 597 ταῖς
870 566 952 599 πλαξὶ

162 604 345 638 χαραγμάτων
356 611 362 620 ⁵
379 605 441 631 οὐδὲ
463 606 503 632 ἐνὶ
517 606 567 641 τῆς
593 607 722 640 Ἰουδαίας
742 609 830 644 ἔθνει,
846 612 892 638 καὶ
907 621 951 648 μιέ

162 648 217 684 κρῷ
232 649 331 684 τούτῳ,
349 651 558 686 νομοθετοῦντος
572 653 637 689 περ).
653 653 815 690 βρωμάτων,
831 657 878 683 καὶ
894 666 951 684 πω-

163 694 266 730 μάτων,
282 696 330 722 καὶ
351 698 526 733 προσκαίρων
543 698 655 730 θυσιῶν,
671 701 718 726 καὶ
734 702 833 736 σαρκὸς
847 703 950 739 καθαρ-

161 740 223 768 σίων
233 748 240 754 ·
260 741 328 768 ἀλλὰ
341 743 423 769 παντὶ
437 743 493 777 (55)
512 744 586 777 γένει
602 745 650 771 καὶ
664 745 742 781 μέρει
756 747 806 782 τῆς
822 749 949 784 οἰκουμέ-

159 794 215 821 νης,
229 788 295 822 περὶ
308 787 355 814 τοῦ
375 788 456 823 λόγου
476 789 525 824 τῆς
541 789 680 826 ἀληθείας,
697 792 726 824 ἐξ
746 789 777 819 οὗ
790 793 838 820 καὶ
852 794 882 821 τὸ
895 794 948 821 σώ-

159 828 252 860 ζεσθαι
273 831 456 866 περιγίνεται.
479 832 610 869 Δεύτερον
628 835 656 861 δὲ
684 835 751 871 (καὶ
768 837 822 874 γὰρ
846 838 946 873 ὁμοίως

158 875 250 907 ἀτελὲς
267 876 364 911 ἄλογος
381 878 491 914 πρᾶξις,
506 879 554 906 καὶ
576 879 654 915 λόγος
673 881 844 920 ἄπρακτος),
860 893 945 919 προσ-

1006 296 1085 326 atque
1101 297 1128 319 et
1141 300 1236 320 omnes
1257 294 1390 323 humanos
1410 303 1506 325 sensus
1522 299 1675 333 excitasset,
1699 306 1724 328 ct
1749 302 1789 330 al-

1007 337 1110 364 tissima
1131 345 1242 372 qua-que
1262 341 1408 374 Scripturzn
1433 342 1488 369 loca
1507 345 1698 378 pervolvisset,
1716 349 1787 382 piam

1005 382 1155 410 doctrinam
1178 384 1275 411 litteris
1297 387 1456 422 consignat,
1474 389 1688 426 adversariisque
1703 393 1789 419 collu-

1003 428 1167 456 ctationibus
1183 435 1210 457 et
1232 431 1331 465 prmliis
1345 433 1479 467 ingentem
1501 435 1688 464 haereticorum
1704 439 1788 466 auda-

1002 473 1071 500 ciam
1086 474 1186 509 frangit
1207 483 1239 503 ac
1253 478 1410 511 propulsat;
1428 487 1475 507 eos
1488 482 1595 514 quidem
1610 503 1616 514 ,
1633 483 1676 517 qui
1692 491 1787 512 atauus

1002 516 1125 544 conferre
1150 518 1207 546 ausi
1227 519 1352 554 fuerant,
1368 521 1451 549 armis
1468 522 1566 557 lingua:
1580 525 1701 552 cominus
1723 533 1789 553 con-

1002 563 1134 596 tundens;
1151 571 1198 592 eos
1218 570 1318 595 autem.
1334 568 1378 602 qui
1396 569 1488 602 procul
1504 568 1537 595 ab
1548 578 1579 596 co
1593 570 1677 598 dissiti
1692 577 1786 604 erant.

1000 609 1105 644 sagittis
1118 617 1149 637 ex
1169 615 1322 639 atramento
1342 613 1470 641 confectis
1492 615 1600 647 feriens,
1618 617 1700 644 nihilo
1718 617 1787 644 iure-

999 655 1072 682 riore
1096 655 1130 683 iis
1147 655 1262 689 litteris,
1286 665 1347 692 qua:
1370 660 1395 686 in
1419 660 1517 688 tabulis
1541 661 1680 696 insculpue
1701 667 1783 691 sunt:

998 708 1049 728 nec
1062 701 1106 728 uni
1124 706 1227 730 tantum
1245 709 1272 730 et
1288 704 1392 739 exigute
1411 705 1561 734 Judarorum
1580 709 1679 736 nationi
1696 710 1729 737 de
1744 710 1785 737 ci—

999 747 1040 774 bis
1062 752 1089 775 et
1112 749 1277 783 potionibus,
1301 757 1329 778 et
1349 751 1459 778 caducis
1475 753 1625 786 sacrificiis,
1641 755 1784 789 carnisque

996 791 1200 826 purgationibus
1214 793 1255 826 ὀς
1282 794 1329 821 sed
1359 796 1483 824 omnibus
1510 797 1680 831 hominibus,
1704 805 1784 835 atque

996 836 1122 864 omnibus
1135 837 1209 866 orbis
1232 840 1372 874 partibus,
1392 842 1426 869 de
1444 843 1563 870 veritatis
1591 845 1713 873 doctrina
1725 867 1733 879 ,
1749 855 1783 874 ex

996 888 1049 916 qua
1075 883 1148 911 salus
1170 890 1352 920 comparatur,
1383 887 1456 922 leges
1484 893 1627 917 statuente.
1659 890 1781 925 Deinde.

158 921 237 948 ετὶϐει
254 921 294 957 τῷ
305 923 376 959 λόγῳ
390 924 437 950 καὶ
453 924 502 965 τὴν
517 926 550 952 ἐκ
564 926 611 953 τοῦ
629 928 758 962 πράττειν
772 929 942 966 ἐπικουρίαν·

994 928 1120 962 quoniam
1131 937 1207 965 teque
1221 930 1377 966 imperfecta
1393 940 1436 960 res
1451 937 1500 964 est,
1514 935 1586 962 actio
1599 943 1724 965 sermone
1736 938 1782 965 de-

157 969 208 1000 τοΐς
229 969 281 1003 μὲν
296 970 454 1006 ἐπιδημῶν,
477 972 545 1008 πρὸς
563 973 591 1000 δὲ
607 974 671 1006 τοὺς
687 975 846 1010 πρεσϐεύων
857 996 864 1007 ,
881 977 945 1009 τοὺς

156 1013 183 1040 δὲ
196 1015 286 1042 καλῶν
303 1016 371 1052 (56),
392 1017 543 1051 νουθετῶν,
558 1019 688 1055 ἐλέγχων,
704 1021 849 1057 ἐπιτιμῶν,
867 1023 946 1049 ἀπει-

156 1058 220 1091 λῶν,
238 1061 393 1093 ὀνειδίζων,
411 1063 593 1098 προπολεμῶν
614 1065 715 1098 ἐθνῶν,
738 1066 859 1100 πόλεων,
890 1068 944 1094 τῶν

155 1106 213 1133 καθ’
226 1107 354 1140 ἕκαστον,
370 1109 424 1134 πᾶν
435 1107 504 1141 εἶδος
518 1110 633 1138 ἐπινοῶν
648 1112 796 1148 σωτηρίας,
810 1115 944 1149 πανταχό-

155 1151 200 1178 θεν
224 1152 357 1188 ἰώμενος·
372 1155 386 1181 ό
400 1154 532 1190 Βεσελεὴλ
548 1156 661 1189 ἐκεῖνος,
675 1159 690 1184 ὁ
710 1159 761 1193 τῆς
776 1158 851 1191 θείας
866 1160 945 1195 ἀρχι-

154 1197 253 1224 τέκτων
275 1199 389 1234 σκηνῆς,
409 1201 482 1237 πάσῃ
506 1201 573 1236 πρὸς
588 1202 618 1228 τὸ
634 1202 714 1237 ἔργον
732 1203 782 1239 ὕλῃ
799 1205 845 1230 καὶ
862 1206 944 1241 τέχνῃ

155 1242 310 1278 χρώμενος,
334 1245 382 1270 καὶ
400 1246 487 1272 πάντα
503 1246 609 1274 πλέκων
630 1249 671 1280 εἰς
690 1248 805 1282 κάλλους
819 1250 879 1282 ἐνὸς
895 1259 943 1277 πε-

155 1291 274 1324 ριουσίαν
296 1292 343 1318 καὶ
357 1292 499 1327 ἁρμονίαν.

994 972 1099 1006 stituta,
1118 979 1145 1002 et
1170 982 1260 1003 sermo
1287 976 1320 1003 ab
1336 978 1444 1005 actione
1461 984 1591 1013 remotus,
1612 980 1713 1009 idcirco
1735 990 1781 1010 ac—

994 1018 1074 1047 tionis
1088 1020 1236 1048 subsidium
1252 1023 1369 1050 sermoni
1385 1023 1558 1059 adjungebat,
1574 1026 1640 1054 alius
1652 1028 1779 1056 nimirum

993 1063 1095 1099 adiens,
1123 1065 1157 1092 ad
1181 1065 1248 1094 alios
1262 1067 1423 1102 legationem
1444 1070 1571 1103 mittens;
1597 1071 1664 1099 alios
1680 1080 1777 1101 accer-

993 1118 1066 1143 sens,
1079 1110 1238 1143 admonens,
1253 1120 1379 1148 arguens,
1396 1115 1537 1150 increpms
1555 1118 1588 1149 ἰ,
1608 1119 1688 1146 minis
1705 1119 1779 1147 inse-

992 1160 1079 1188 ctans,
1098 1156 1204 1190 probris
1215 1157 1362 1192 incessens,
1380 1167 1428 1194 pro
1442 1161 1576 1195 gentibus,
1592 1169 1640 1197 pro
1657 1164 1777 1197 urbibus,

992 1208 1041 1236 pro
1051 1201 1164 1236 singulis
1186 1204 1267 1230 etiam
1284 1204 1437 1233 hominibus
1457 1212 1594 1235 certamen
1610 1210 1757 1244 suscipiens
1769 1229 1778 1244 ,

990 1255 1070 1276 Omne
1084 1249 1180 1278 salutis
1192 1258 1276 1285 genus
1287 1251 1454 1286 excogitans,
1475 1255 1652 1291 undecunque
1668 1259 1778 1287 medici-

990 1301 1052 1321 nam
1069 1296 1162 1323 tnorbo
1181 1296 1327 1331 adhibens;
1348 1297 1467 1326 Beseleel
1488 1299 1549 1333 ille,
1565 1302 1608 1329 ille
1621 1322 1628 1335 ,
1651 1304 1773 1340 inquam,

154 1335 233 1362 divini
259 1336 409 1364 fabricator
433 1339 596 1366 tabernaculi
610 1340 643 1373 ",
667 1340 808 1368 materiam
830 1348 936 1368 omnem
955 1346 984 1370 et
1015 1347 1100 1368 artem
1121 1343 1155 1369 ad
1178 1343 1313 1377 opiticium
1351 1346 1576 1380 accommodans,
1597 1349 1681 1386 804
1698 1357 1778 1386 atque

154 1382 240 1408 omnia
257 1388 425 1416 contexens,
443 1385 476 1411 ad
492 1384 618 1412 eximiam
634 1384 778 1419 quamdam
792 1387 872 1413 unius
883 1385 973 1420 operis
984 1385 1210 1421 pulchritudinem
1225 1391 1253 1414 et
1267 1388 1487 1420 concinnitatem.

184 1427 247 1453 MA’.
277 1428 310 1454 Τί
338 1429 420 1455 τᾶλλα
447 1430 500 1466 χρὴ
526 1430 632 1465 levent;
668 1432 739 1458 Ἀλλ’
765 1428 833 1468 ἧκεν
862 1430 941 1464 αὖθις

134 1467 137 1475 ν
151 1473 215 1508 ἡμῖν
228 1473 285 1508 (57)
309 1475 323 1500 ὁ
339 1477 519 1511 χριατομάχος
538 1477 674 1512 βασιλεὺς,
690 1478 738 1504 καὶ
753 1478 802 1514 τῆς
822 1478 939 1510 πίστεως

1030 1431 1121 1460 XLIV.
1142 1433 1210 1466 Quid
1226 1433 1278 1461 alia
1288 1434 1378 1462 dicere
1389 1443 1499 1466 necesse
1509 1441 1567 1467 est?
1581 1441 1678 1469 Verum
1692 1444 1777 1472 enim-

993 1485 1057 1505 vero
1077 1477 1177 1506 Christi
1201 1478 1286 1507 hostis
1311 1480 1466 1516 imperator,
1492 1489 1520 1511 et
1543 1484 1604 1512 Iidei
1631 1493 1774 1522 tyrannus.

151 1518 290 1554 τύραννος,
308 1521 377 1555 μετὰ
392 1521 513 1554 πλείονος
536 1523 583 1558 τῆς
600 1523 726 1555 ἀσεϐείας
742 1524 790 1550 καὶ
809 1523 938 1559 θερμοτέ-

992 1531 1053 1550 cum
1074 1523 1168 1559 majori
1193 1523 1340 1559 impietate,
1364 1533 1396 1554 ac
1422 1527 1576 1557 l‘erventiori
1594 1518 1663 1565 acie,
1685 1537 1777 1567 utpote

124 1584 129 1605 1η
153 1572 199 1599 ρας
215 1566 264 1601 τῆς
281 1568 477 1602 παρατάξεως,
494 1569 531 1600 ὡς
551 1569 620 1604 πρὸς
642 1569 846 1604 ἀνταγωνιστὴν
863 1570 939 1605 ἰσχυ-

151 1610 258 1646 ρότερον
274 1612 353 1644 ὄντος
373 1613 447 1649 αὑτῷ
462 1614 508 1641 τοῦ
527 1614 618 1648 λόγου.
640 1616 710 1642 κατὰ
732 1616 762 1642 τὸ
784 1614 938 1651 ἀκάθαρτον

151 1656 234 1684 ἐχῖίνο
253 1657 322 1684 πνεῖ
328 1667 366 1693 μα
381 1660 429 1686 καὶ
445 1660 579 1696 πονηρὸν,
594 1661 608 1687 ὃ
628 1661 674 1688 τοῦ
692 1661 836 1696 ἀνορώπου
858 1661 940 1688 λυθὲν

151 1703 196 1728 καί
211 1704 430 1740 περιπλανηϐὲν,
448 1706 517 1741 πρὸς
537 1706 584 1732 τὸν
597 1707 678 1733 αὐτὸν
694 1706 859 1741 ἀναστρέφει
882 1706 938 1742 (58)

153 1749 219 1783 μετὰ
229 1749 362 1776 πλειόνων
376 1752 539 1786 πνευμάτων
551 1752 817 1788 εἰσοικισοησόμενον
825 1771 832 1784 ,
844 1751 938 1788 ὥσπερ

151 1794 179 1820 ὲν
193 1797 249 1827 τοῖς
268 1796 447 1831 Εὑαγγελίοις
467 1798 634 1834 ἠκούσαμεν.
651 1798 752 1825 Τούτου
766 1797 872 1832 γίνεται
891 1807 937 1834 μι-

153 1841 236 1876 μητὴς
253 1842 311 1878 (59)
337 1843 457 1876 ἐκεῖνος,
477 1844 544 1879 ὁμοῦ
569 1852 598 1870 τε
619 1845 669 1880 τὴν
692 1843 828 1880 προτέραν
852 1841 937 1880 ἧτταν

151 1887 394 1924 ἀνακαλεσάμενος,
410 1890 457 1916 καὶ
470 1890 633 1925 προσθήσων
644 1899 670 1916 τι
681 1891 737 1922 τοῖς
748 1889 866 1925 πρώτοις
880 1890 936 1926 (60)

151 1933 330 1969 παλαίσμασι.
344 1936 435 1962 Δεινδν
449 1935 501 1971 γὰρ
516 1934 585 1962 εἶναι
598 1937 646 1963 καὶ
660 1936 780 1971 σχέτλιον
796 1937 860 1972 (61),
872 1937 938 1963 πολ-

150 1978 200 2005 λῶν
215 1981 263 2015 μὲν
280 1981 366 2008 ὲῦνῶν
380 1981 544 2017 ἐπάρχοντα,
556 1982 658 2017 πολλῆς
675 1983 704 2009 δὲ
720 1981 799 2017 δόξης
823 1982 937 2018 ἠξιωμέ-

151 2032 202 2056 νον,
216 2026 319 2058 πάντας
333 2027 361 2053 δὲ
372 2027 434 2058 τοὺς
445 2027 536 2062 κύκλῳ
551 2027 810 2063 καταστρεψάμενον
821 2026 860 2062 τῷ
873 2028 937 2063 κρά-

151 2079 188 2098 τει
204 2073 253 2108 τῆς
265 2073 406 2106 ἀσεϐείας,
418 2074 465 2099 καὶ
476 2073 677 2109 χειρωσάμενον
693 2073 747 2099 πᾶν
762 2072 794 2099 τὸ
817 2081 934 2108 rapueru—

151 2117 203 2151 χὺν,
221 2118 280 2150 ἐνὸς
295 2119 402 2154 ἀνδρὸς,
420 2119 467 2146 καὶ
483 2120 547 2154 μιᾶς
564 2119 667 2150 πόλεως
683 2119 757 2154 ἥττω
776 2118 831 2154 (69)
850 2119 935 2154 ὀφθῆ-

151 2170 201 2195 ναι⁷
215 2164 263 2190 καὶ
276 2164 386 2198 γέλωτα
400 2164 502 2198 δφλειν,
524 2164 554 2190 οὐ
571 2165 629 2196 τοῖς
647 2164 743 2198 ἄγουσι
759 2164 838 2200 μόνον
853 2164 934 2192 αὑτὸν

151 2210 313 2243 προστάταις
328 2211 378 2246 τῆς
393 2210 501 2243 ἀθεῖας,
518 2210 586 2237 ἀλλὰ
604 2211 650 2237 καὶ
673 2211 756 2237 πᾶσιν
771 2209 933 2245 ἀνθρώποις,
949 2227 972 2255 D

150 2253 184 2286 ὡς
198 2256 386 2291 ὑπελάμϐανε.

181 2301 246 2328 Μεν.
269 2303 323 2328 Τὺν
339 2302 388 2337 μὲν
408 2302 439 2338 δὴ
459 2303 571 2338 Περσῶν
590 2302 702 2338 βασιλέα
722 2303 813 2336 φασὶν,
838 2302 931 2337 ἐπειδή

430 2349 453 2356 ι«
469 2349 493 2356 ν-

149 2354 209 2373 ποτε
229 2347 300 2375 κατὰ
323 2349 373 2384 τῆς
399 2349 524 2381 Ἑλλάδος
543 2349 690 2383 ἐστράτευε
717 2348 783 2384 (65),
810 2349 863 2375 πᾶν
883 2348 933 2383 μὲν

149 2392 222 2426 γένος
234 2393 386 2430 ἀνθρώπων
402 2395 445 2421 ἐπ’
463 2395 561 2426 αὐτοὺς
576 2394 710 2427 ἐλαύνων,
727 2395 807 2421 παντὶ
821 2395 850 2421 δὲ
865 2394 933 2426 ζέων

150 2437 223 2474 (ιυμῷ
243 2440 291 2467 καὶ
307 2440 477 2476 φρονήματι,
492 2441 522 2466 οὑ
541 2441 628 2477 ταύτῃ
656 2441 734 2476 μόνον
761 2440 932 2475 ἐπαίρεσθαι,

183 2496 205 2511 ¹⁰
220 2495 302 2524 Hebr.
315 2504 353 2530 1x,
367 2497 394 2524 9.
431 2499 454 2514 ἰ
471 2498 493 2525 ll
506 2498 575 2525 Tim.
591 2506 628 2532 tv,
643 2499 670 2526 2.

183 2551 237 2586 (55)
256 2551 322 2579 Πᾶν
349 2552 382 2579 δὲ
402 2553 461 2580 τῶν
485 2554 623 2588 Γραφῶν,
638 2559 690 2580 etc.
709 2563 718 2580 ι
739 2554 805 2580 Cum
825 2561 932 2580 omnem

151 2584 352 2628 scripturarum
375 2584 583 2621 profundit—atem
605 2584 740 2628 scrutatus
764 2593 834 2628 esset
849 2596 856 2615 :
871 2597 932 2616 cmn

150 2620 324 2657 altpspmues
336 2620 534 2656 scripturarum
550 2631 646 2651 sensus
659 2625 848 2657 decerpsisset.
867 2634 876 2648 ι

183 2655 237 2690 (54)
263 2655 453 2692 Ἀτιμοτὲρου.
482 2658 548 2693 Reg.
577 2666 592 2685 c
619 2663 646 2685 et
673 2655 780 2690 Comb.,
806 2658 934 2694 ἀτιμοτέ-

263 2726 353 2763 ᾉῇλίι
365 2727 454 2753 παντί
478 2728 522 2755 Sic
535 2732 591 2755 tres
602 2727 696 2763 Repg.,
708 2727 755 2755 Or.
771 2728 788 2754 2
800 2733 826 2755 et
836 2728 926 2758 Coum,

149 2758 176 2786 In
188 2758 242 2790 ed...
259 2761 328 2787 ἀλλὰ
342 2763 389 2787 καὶ
401 2763 489 2788 παντί.

183 2795 238 2832 (iiii)
257 2795 374 2832 Κρλών.
388 2796 476 2830 Pass.,
490 2798 664 2832 παρακαλῶν.

184 2830 238 2866 (57)
257 2829 352 2863 Αὖθις
363 2832 444 2866 ἡμῖν.
461 2829 506 2860 Sic
523 2829 577 2860 tres
592 2833 675 2868 Regg.
690 2833 716 2860 In
735 2834 790 2864 ed.,
806 2833 872 2870 ἡμῖν
882 2833 933 2862 αὖ·

150 2863 238 2934 e:g(.58‘
264 2901 459 2936 Ἀτ-αιττρέερει.
477 2902 540 2937 Reg.
555 2903 601 2937 ph,
615 2904 831 2940 ἁντεπιστρέφει.

305 2947 441 2978 Panos.
464 2950 523 2980 Gn.
548 2950 696 2982 XXXVI.

710 2500 732 2514 ²²
748 2498 834 2526 Exod.
857 2506 933 2533 xxxi,

991 1575 1051 1595 cum
1068 1568 1213 1602 potentiori
1236 1569 1391 1598 adversario
1416 1579 1473 1599 rem
1497 1573 1651 1609 habiturus,
1667 1577 1700 1605 ad
1726 1586 1776 1607 nos

991 1614 1089 1641 iterum
1106 1614 1188 1648 venit,
1206 1615 1302 1650 impuri
1316 1623 1348 1642 ac
1367 1619 1442 1651 pravi
1458 1618 1529 1647 illius
1544 1622 1654 1655 spiritus
1672 1623 1699 1650 iu
1715 1632 1772 1652 mo-

990 1661 1066 1691 dum,
1079 1660 1125 1695 qui
1145 1667 1179 1687 ex
1193 1660 1312 1689 hominis
1327 1669 1441 1697 corpore
1455 1665 1556 1698 pulsus,
1579 1667 1678 1702 diuque
1691 1677 1775 1705 vaga-

991 1711 1035 1733 lus
1046 1725 1054 1738 ,
1069 1706 1102 1733 ad
1117 1706 1241 1734 eumdem
1256 1715 1350 1736 rursus
1369 1717 1430 1737 cum
1454 1711 1548 1745 majori
1568 1714 1710 1746 spirituum
1729 1724 1774 1751 ag-

989 1754 1064 1781 mine
1080 1753 1249 1782 habitaturus
1267 1755 1348 1788 redit,
1368 1757 1592 1790 quemadmodum
1613 1760 1639 1786 in
1655 1761 1775 1797 Evange-

989 1798 1026 1826 lio
1048 1798 1164 1826 habetur
1174 1799 1207 1827 ’³.
1222 1800 1307 1835 Hujus
1319 1800 1365 1828 ille
1376 1802 1536 1830 imitatorem
1552 1811 1581 1830 se
1595 1806 1704 1839 prabet,
1717 1811 1774 1835 tum

988 1849 1019 1872 ut
1033 1844 1136 1872 cladem
1152 1845 1226 1880 prius
1238 1851 1376 1881 acceptam
1388 1848 1512 1880 sarciret,
1529 1855 1583 1876 tum
1598 1856 1626 1878 ut
1640 1853 1775 1887 prioribus

987 1891 1122 1926 palaestris
1133 1891 1232 1926 aliquid
1241 1893 1362 1920 adderct.
1372 1893 1510 1928 Indignum
1523 1897 1594 1924 enim
1606 1902 1633 1924 et
1644 1898 1772 1928 miserum

988 1945 1049 1965 esse
1061 1938 1252 1970 existimabat,
1267 1947 1326 1966 cum
1350 1940 1447 1968 multas
1464 1946 1556 1976 gentes
1574 1943 1686 1978 imperio
1699 1949 1773 1973 tene-

988 1987 1041 2016 ret,
1059 1991 1240 2019 magnamque
1259 1984 1371 2019 gloriam
1389 1992 1549 2015 consecutus
1565 1993 1647 2021 esset,
1664 1998 1697 2017 ac
1716 1992 1774 2019 ﬁni-

989 2030 1068 2057 timos
1085 2038 1179 2057 omnes
1202 2030 1348 2064 impietatis
1371 2032 1467 2060 robore
1486 2037 1567 2068 atque
1588 2037 1706 2068 potentia
1722 2038 1771 2064 do-

987 2075 1114 2106 muisset,
1131 2075 1280 2111 ditionique
1299 2083 1372 2108 sum,
1388 2077 1518 2112 quidquid
1538 2079 1646 2107 obvium
1666 2081 1775 2109 natiue--

987 2125 1044 2152 rat,
1067 2121 1243 2155 Subjeeissct,
1260 2122 1294 2149 ab
1321 2129 1374 2148 uno
1390 2122 1514 2157 homine,
1532 2132 1640 2159 unaque
1663 2127 1772 2155 civitate

986 2166 1128 2201 superari,
1143 2174 1194 2194 nec
1207 2167 1293 2194 solum
1316 2167 1461 2202 impietatis
1485 2171 1624 2203 patronis,
1640 2179 1655 2197 a
1673 2173 1772 2206 quibus

987 2212 1147 2245 ducebatur,
1162 2213 1208 2240 sed
1228 2214 1308 2240 ctiam
1323 2214 1449 2241 omnibus
1459 2215 1628 2249 mortalibus,
1647 2222 1675 2244 ut
1687 2218 1772 2254 ipsius

985 2258 1077 2293 opinio
1089 2259 1203 2291 ferebaz,
1216 2259 1282 2286 risui
1297 2267 1366 2287 esse.

1024 2303 1102 2331 XLV.
1124 2304 1265 2332 Persarum
1278 2306 1385 2340 quidem
1400 2314 1491 2341 regem
1511 2314 1632 2340 narrant,
1654 2317 1714 2336 cum
1731 2311 1771 2337 in-

987 2349 1090 2377 finitam
1108 2351 1242 2385 quondam
1261 2352 1399 2379 hominum
1415 2354 1533 2387 cujusvis
1552 2355 1670 2381 nationis
1679 2356 1771 2383 multi-

987 2395 1106 2422 tudinem
1125 2403 1215 2423 secum
1232 2397 1341 2430 ducens,
1359 2403 1440 2431 atque
1459 2399 1596 2426 iracundia
1612 2404 1638 2426 et
1657 2401 1768 2428 audacia

987 2442 1093 2469 fervens
1107 2462 1114 2476 ,
1131 2442 1157 2469 in
1171 2441 1304 2470 Graeciam
1319 2444 1516 2478 expeditionem
1537 2444 1647 2479 Iaceret,
1670 2455 1721 2473 uou
1736 2454 1768 2474 eo

955 2499 973 2525 2
987 2507 1048 2534 sqq.
1087 2499 1111 2515 ’³
1123 2498 1189 2527 Luc.
1204 2508 1243 2533 χι,
1254 2500 1290 2527 24
1301 2508 1361 2536 sqq.

1018 2555 1074 2590 (59)
1093 2555 1240 2589 Μιμητής.
1255 2564 1264 2580 ε
1281 2555 1412 2583 Imitator.
1430 2566 1440 2582 ι
1457 2557 1501 2582 Sic
1515 2565 1608 2584 omnes
1620 2558 1675 2585 fere
1689 2560 1766 2587 codd.

983 2589 1010 2628 In
1027 2590 1260 2628 ed.,p.et0r‘1ﬁg._c
1279 2592 1433 2628 discipulus.
1449 2602 1458 2617 ι
1482 2592 1556 2628 Pass.
1572 2593 1604 2619 ad
1620 2601 1704 2628 marg.
1718 2595 1767 2621 ha-

982 2624 1027 2651 bet
1043 2633 1049 2650 :
1065 2624 1204 2651 Οὐάλεντα
1215 2625 1304 2658 λέγωο
1321 2627 1474 2653 «Valentem
1493 2627 1561 2653 dico.
1582 2637 1591 2653 ι

1019 2659 1074 2694 (60)
1093 2659 1231 2694 ΙΙρὼτοις.
1248 2660 1360 2688 Deestiu
1379 2662 1444 2696 Reg.
1467 2664 1512 2696 ph.
1538 2662 1564 2688 lu
1588 2662 1657 2694 aliis,
1673 2663 1768 2698 προτέ-

1001 2703 1050 2725 οις.

984 2703 1073 2767 {flii-1)
1094 2729 1354 2767 Σχέτλιονηδτςιιοι.
1374 2731 1440 2766 Reg.
1458 2731 1511 2764 bm,
1532 2731 1660 2767 χαλεπόν.
1678 2743 1686 2758 ι
1704 2733 1768 2760 Per-

983 2765 1124 2796 niciosum,
1143 2773 1233 2799 grave.
1246 2766 1361 2793 dillicile.
1377 2776 1386 2792 ι

1019 2799 1074 2838 (92)
1094 2800 1199 2838 flictu).
1216 2800 1260 2828 Sic
1277 2801 1424 2835 legendum,
1444 2802 1483 2828 vel
1498 2803 1608 2838 ἥττονα,
1627 2809 1655 2830 ut
1676 2803 1701 2830 in
1719 2803 1767 2831 0r.

982 2834 1008 2861 2.
1023 2834 1157 2872 Δ[πεφειῆζθι
1169 2834 1347 2872 inuouuullis
1362 2837 1450 2872 (:04!th
1467 2834 1566 2872 ἥττων.

1018 2869 1074 2904 (65)
1101 2869 1283 2905 Ἑστράτειιε.
1300 2871 1393 2900 l’lurcs
1404 2869 1488 2909 Regg.
1501 2879 1527 2901 ct
1541 2874 1622 2901 Coisl.
1634 2874 1660 2907 2,
1674 2873 1768 2910 act—rpi-

983 2911 1073 2931 τενσε.

1577 2956 1614 2986 18
