2013 3134
210 144 263 172 553

806 142 833 170 S.
855 142 1021 171 GREGORH
1041 143 1217 171 THEOLOGI

1781 146 1830 174 556

209 207 313 231 tantum
328 201 437 229 nomine
455 201 580 236 superbia
600 201 698 228 elatum
715 205 742 228 ct
758 201 783 228 in
802 201 882 228 minis
897 201 993 229 immo-

1045 203 1090 230 κα).
1106 203 1224 239 ἄμετρον
1239 199 1307 228 εἶναι
1322 202 1383 234 ταῖς
1397 202 1523 234 ἀπειλαῖς
1535 209 1542 217 ·
1559 201 1616 229 ἀλλ’
1630 202 1668 234 ὼς
1681 202 1714 229 ἂν
1732 203 1832 238 μᾶλλον

209 250 299 277 dicum
326 248 425 280 fuisse;
441 247 506 280 sed,
518 251 547 274 ut
561 247 688 281 majorem
710 247 761 274 illis
778 251 908 274 terrorem
925 247 996 274 iucu-

211 299 296 327 teret,
318 301 367 328 per
390 300 421 321 ea
436 293 536 326 etiam,
550 300 609 327 quae
633 300 701 320 novo
717 297 744 319 et
768 292 895 319 inusitato
918 293 996 320 modo

210 341 340 368 adversus
365 339 497 367 elementa
523 339 690 374 designabat,
713 338 908 365 formidabilem
937 346 996 366 sese

210 387 367 414 reddidisse.
385 385 457 412 Nova
474 386 595 420 quazdam
618 390 689 412 terra
705 389 732 412 et
751 392 847 411 novum
862 392 936 412 mare
949 393 997 411 au-

210 431 336 458 diebatur
361 431 420 458 novi
444 430 514 457 illius
535 430 640 464 opilicis
653 450 661 462 ,
677 434 703 456 et
717 430 851 457 exercitus
869 430 896 456 in
911 430 997 456 conti-

211 477 285 504 nenti
301 477 440 510 navigans,
455 484 487 503 ac
501 483 607 503 rursum
622 476 734 510 pedibus
751 483 825 502 mare
840 483 995 510 peragrans,

211 523 328 556 abreptae
352 522 414 549 item
432 521 526 548 insula}
538 541 545 552 ,
566 526 593 548 et
612 528 687 548 mare
712 521 867 548 verberibus
879 528 995 554 caesum,

212 573 363 602 cteteraque
382 568 489 600 omnia,
517 574 576 601 quae
596 567 686 594 vesani
713 567 848 594 exercitus
868 566 997 601 ducisque

212 615 284 642 haud
303 614 412 642 dubium
428 619 614 648 argumentum
630 617 707 640 erant
719 633 726 644 ,
742 613 924 647 ignaviorilms
939 613 997 647 qui-

212 662 273 687 dem
301 660 492 691 formidabilia,
523 659 680 686 fortioribus
705 664 795 686 autem
822 666 854 686 ac
885 659 996 685 lirmiori

212 707 302 733 animo
319 707 438 740 praeditis
459 706 538 733 stulta
562 711 589 732 at
612 705 735 732 ridicula.
762 705 809 732 llic
831 712 914 736 vero.
931 704 996 731 nihil

213 751 321 786 quidem
338 751 392 778 ulla
409 751 561 785 huiusmodi
583 758 612 777 re
631 758 699 785 opus
721 750 848 782 habebat,
864 757 924 776 cum
940 750 997 776 bcl-

213 798 268 825 lum
293 798 435 825 adversum
456 804 505 824 nos
525 801 715 830 compararet;
739 803 841 827 verum,
860 794 930 830 quod
956 794 998 822 his

212 843 289 879 pejus
302 848 330 870 et
344 843 521 878 perniciosius
535 847 608 875 erat,
625 842 675 870 hoc
690 862 697 873 ,
711 847 738 869 et
756 841 853 873 facere.
871 846 896 868 et
909 841 997 868 dicere

1047 250 1144 281 αὐτοὺς
1159 248 1352 284 καταπλήξειε,
1370 248 1483 284 φοϐερὸν
1498 248 1594 275 ἑαυτὸν
1607 249 1704 280 ποιεῖν,
1715 249 1762 275 καὶ
1773 251 1832 281 ταῖς

1047 294 1117 321 κατὰ
1130 295 1185 328 (64)
1198 295 1251 320 τῶν
1264 295 1402 329 στοιχείων
1412 295 1606 330 καινοτομίαις.
1619 295 1658 330 Γῆ
1666 303 1708 326 τις
1719 295 1832 329 ἠκούετο

1047 340 1108 376 ξένη
1117 361 1124 371 ,
1138 341 1184 366 καὶ
1198 340 1320 366 θάλασσα
1342 340 1388 366 τοῦ
1406 340 1466 366 νέου
1479 340 1645 376 δημιουργοῦ
1656 360 1662 372 ,
1681 340 1729 366 καὶ
1749 349 1833 376 στρα-

1046 385 1091 416 τὸς
1107 385 1218 420 ἤπειρον
1235 385 1339 416 πλέων,
1363 386 1410 411 καὶ
1423 385 1544 417 πεζεὺων
1564 386 1691 420 πέλαγος,
1712 386 1787 421 νῆσοί
1802 394 1832 412 τε

1047 430 1251 465 ἁρπαζόμεναι,
1281 431 1328 456 καὶ
1345 430 1465 456 θάλασσα
1493 430 1677 465 μαστιζομένη
1689 451 1696 462 ,
1720 430 1767 456 καὶ
1783 431 1833 458 ὅσα

1046 475 1096 509 τῆς
1115 475 1272 510 ἐμπλήκτου
1294 475 1386 508 σαφῶς
1402 473 1436 509 ἦν
1450 476 1579 510 στρατιᾶς
1593 476 1640 502 καὶ
1657 475 1831 510 στρατηγίας,

1047 521 1215 556 κατάπληξις
1234 522 1282 556 μὲν
1306 523 1362 552 τοῖς
1388 521 1602 557 ἀγεννεστέροις,
1626 522 1712 556 γέλως
1730 521 1758 547 δὲ
1777 523 1833 551 τοῖς

1048 567 1254 603 ἁνδρικωτέροις
1276 568 1322 594 καὶ
1347 568 1533 603 στερροτέροις
1554 568 1584 594 τὸ
1601 568 1737 603 φρόνημα.
1758 567 1787 594 '0
1804 567 1832 593 δὲ

1047 613 1167 640 τοιούτου
1186 613 1235 648 μὲν
1249 613 1355 644 οὐδενὸς
1373 613 1457 639 ἐδεῖτο
1476 614 1537 639 καθ’
1555 613 1634 648 ἡμῶν
1659 613 1830 649 στρατεύων·

1047 659 1062 685 ὃ
1087 659 1114 684 δὲ
1143 657 1177 695 ἦν
1203 658 1313 685 ἐκείνων
1339 660 1428 694 χεῖρον
1458 660 1505 685 καὶ
1534 659 1735 695 βλαϐερώτερον
1766 659 1831 695 (65),

1047 704 1126 730 τοῦτο
1139 704 1194 740 (66)
1207 705 1291 730 ποιῶν
1315 704 1362 730 καὶ
1373 705 1461 738 λέγων
1476 705 1600 739 ἠκούετο.
1619 705 1716 732 Ἐθετο
1735 706 1775 737 είς
1789 705 1834 732 οὑ-

1050 749 1130 784 ρανὸν
1145 749 1175 775 τὸ
1200 749 1287 784 στόμα
1310 749 1409 781 αὐτοῦ,
1435 750 1608 785 βλασφημίαν
1632 750 1720 778 λαλῶν
1741 752 1780 782 εἰς
1802 750 1833 777 τὸ

1050 795 1126 830 ὕψος,
1146 795 1193 821 καὶ
1207 796 1223 830 ἡ
1238 795 1348 829 γλῶσσα
1360 795 1442 822 αὑτοῦ
1457 796 1564 831 διῆλθεν
1580 796 1627 822 ἐπὶ
1639 796 1688 831 τῆς
1700 796 1761 830 γῆς.
1776 797 1833 822 Κα-

1048 839 1101 872 λῶς
1117 839 1171 876 γὰρ
1187 840 1266 867 αὑτὸν
1281 841 1295 866 ὀ
1314 840 1384 872 θεῖος
1398 841 1480 868 Δαϐὶδ
1498 841 1548 876 πρὸ
1560 841 1639 876 ἡμῶν
1650 842 1832 876 ἐστηλίτευσε,

214 890 362 917 ferebatur.
376 889 469 916 Posuit
479 889 506 916 in
521 888 618 916 ccclum
639 896 670 915 os
689 896 765 914 suum
778 909 786 919 ,
803 887 994 922 blasphemiam

1046 886 1092 912 τὸν
1115 885 1227 922 οὐρανὸν
1254 887 1294 917 είς
1320 886 1372 921 γῆν
1392 886 1520 913 κλίναντα
1540 887 1607 922 (67),
1628 888 1675 914 καὶ
1693 887 1763 922 μετά
1783 888 1833 922 τῆς

214 935 240 962 in
263 935 398 963 excelsum
426 936 546 970 loquens,
571 939 598 962 et
624 935 712 969 lingua
740 935 797 969 ejus
826 934 949 960 transivit
966 933 992 959 in

214 986 286 1009 terra
297 983 331 1009 “.
341 981 456 1009 Pulchre
467 981 537 1008 enim
551 981 633 1008 David
650 987 710 1007 eum
728 986 790 1007 ante
806 987 854 1007 nos
868 979 996 1010 confixit;

215 1027 301 1059 illum,
312 1027 488 1062 inquamhqui
499 1027 596 1054 caelum
611 1027 637 1053 in
645 1026 726 1061 805
735 1030 834 1053 terram
844 1025 999 1054 inclinabat,

213 1080 246 1100 ac
259 1073 286 1099 in
308 1080 397 1099 rerum
412 1076 564 1100 creatarum
583 1079 722 1099 nttmerutn
742 1071 854 1106 cogebat
879 1076 1001 1097 naturam

1047 930 1160 962 κτίσεως
1173 930 1341 966 ἁριθμοῦντα
1353 930 1433 965 φύσιν
1448 931 1496 966 τὴν
1512 931 1706 967 ὑπερκόσμιον.
1723 933 1757 967 ἣν
1773 933 1833 959 οὐδὲ

1048 977 1146 1012 χωρεῖν
1159 976 1176 1011 ἡ
1191 976 1278 1007 κτίσις
1294 976 1415 1008 δύναται,
1432 976 1483 1003 κᾶν
1500 976 1560 1011 μεθ’
1577 977 1593 1012 ή
1599 977 1656 1012 μῶν
1678 986 1704 1004 τι
1717 977 1773 1013 (68)
1786 978 1832 1012 γέσ

1049 1029 1127 1055 νηται
1140 1020 1210 1055 λόγῳ
1223 1021 1435 1056 φιλανθρωπίας,
1449 1021 1480 1048 ἵν’
1492 1023 1509 1057 ὴ
1514 1023 1566 1058 μᾶς
1580 1023 1681 1060 ἑλκύσῃ
1694 1024 1750 1059 (69)
1765 1024 1832 1060 πρὸς

1051 1067 1149 1102 ἑαυτὴν
1162 1068 1248 1102 χαμαὶ
1260 1067 1413 1103 κειμένους.

213 1119 314 1146 mundo
334 1118 536 1150 sublimiorem,
552 1125 631 1152 quam
654 1126 688 1144 ne
709 1124 807 1152 capere
827 1117 933 1152 quidem
956 1122 999 1142 res
1016 1113 1068 1140 ulla
1084 1119 1174 1140 creata
1198 1117 1295 1147 potest,
1327 1114 1452 1146 tametsi,
1467 1114 1501 1141 ob
1532 1115 1616 1142 nostri
1631 1123 1767 1147 amorem,
1783 1116 1833 1142 ali-

214 1166 371 1201 quantisper
390 1165 528 1192 nobiscum
541 1170 646 1192 versata
662 1165 706 1197 sit,
721 1170 750 1192 ut
764 1173 812 1192 nos
825 1163 1028 1198 humijacentes
1041 1162 1074 1188 ad
1091 1161 1204 1195 seipsazn
1218 1161 1378 1188 attrahcret.

248 1211 341 1239 XLVI.
358 1211 444 1239 Porro
466 1218 526 1238 eum
548 1211 663 1238 illustria
688 1212 797 1246 quidem
820 1212 905 1246 prima
924 1211 995 1237 illius

213 1255 333 1283 facinora
347 1255 456 1288 fuerint,
472 1261 525 1282 tum
547 1263 611 1282 vero
629 1256 775 1283 illustriora
791 1256 866 1284 fuere
886 1263 917 1283 ea
931 1263 992 1283 cer-

214 1301 326 1332 tamina,
345 1308 404 1335 quae
423 1305 558 1335 postrema
572 1301 714 1328 adVersum
735 1308 783 1328 nos
800 1301 902 1328 habuit.
916 1300 995 1334 ρειπ-

213 1353 276 1373 nam
303 1352 392 1373 autem
419 1347 504 1381 prima
521 1347 601 1374 dico?
623 1346 731 1379 Exsilia,
755 1347 840 1380 fuga},
867 1347 995 1373 bonorum

212 1391 433 1426 proscriptiones.
443 1391 555 1424 insidia-,
568 1397 620 1418 tant
637 1398 746 1425 apertae,
757 1399 837 1426 quam
852 1393 973 1419 obscurze
987 1400 994 1424 ;

213 1445 369 1466 sermonum
389 1438 530 1469 illecebrae,
549 1438 592 1465 ubi
607 1438 713 1465 occasio
729 1445 758 1465 se
775 1437 918 1469 offerebat;
941 1439 993 1471 vis,

1084 1208 1156 1242 ΜΤ.
1173 1209 1227 1235 Καὶ
1248 1208 1280 1244 δὴ
1300 1208 1414 1244 λαμπρὰ
1432 1209 1480 1243 μὲν
1501 1210 1583 1236 αὑτοῦ
1606 1211 1640 1236 τὰ
1661 1210 1757 1246 πρῶτα
1773 1220 1834 1238 νεα-

1047 1253 1188 1287 νιεύματα,
1203 1252 1380 1287 λαμπρότερα
1402 1252 1429 1278 δὲ
1445 1253 1479 1279 τὰ
1500 1253 1643 1280 ’τελευταῖα
1666 1255 1726 1281 καθ’
1756 1255 1834 1290 ἡμῶν

1047 1299 1234 1333 ἀγωνίσματα.
1256 1298 1321 1324 Τίνα
1345 1299 1377 1333 δὴ
1394 1298 1467 1332 λέγω
1490 1299 1523 1326 τὰ
1552 1299 1648 1335 πρῶτα
1662 1300 1738 1333 (ἴυ);
1775 1300 1833 1333 Ἐξ-

1048 1344 1131 1378 ορίαι,
1146 1344 1240 1377 φυγαὶ,
1258 1343 1414 1378 δημεύσεις,
1431 1345 1571 1372 ἐπιῦουλαὶ
1596 1346 1652 1381 (Ἠ)
1665 1347 1780 1381 φανεραί
1803 1356 1832 1373 τε

1049 1390 1096 1416 καὶ
1109 1390 1220 1423 ἀφανεῖς
1230 1397 1236 1403 ·
1247 1390 1278 1416 τὸ
1293 1390 1405 1421 πείθειν,
1420 1387 1450 1417 οὗ
1461 1391 1555 1426 καιρὸς
1567 1389 1600 1426 ἦν
1611 1399 1617 1405 ·
1634 1392 1664 1418 τὸ
1680 1392 1832 1426 βιάζεσθαι,

1047 1436 1093 1462 τοῦ
1124 1436 1227 1462 πείθειν
1250 1437 1300 1462 οὐκ
1321 1436 1406 1468 ὄντος.
1437 1438 1468 1463 Ol
1496 1438 1545 1472 μὲν
1571 1437 1750 1473 ἐξωθούμενοι
1778 1439 1832 1465 τῶν

213 1484 258 1511 ubi
276 1484 418 1511 verborum
431 1483 565 1511 blanditiis
580 1483 653 1511 locus
672 1491 723 1510 non
736 1488 804 1510 erat.
821 1483 871 1510 Alii
887 1484 993 1518 quidem

1052 1482 1228 1517 Ἐκκλησιῶν,
1260 1483 1316 1508 ὅσοι
1340 1482 1387 1509 τοῦ
1417 1483 1497 1519 ὀρθοῦ
1524 1483 1602 1518 λόγου
1629 1484 1741 1511 καὶτοῦ
1769 1485 1822 1512 καθ

214 1530 248 1556 ab
265 1529 392 1556 Ecclesiis
412 1528 634 1560 extrudebantur,
659 1528 706 1562 qui
721 1527 824 1555 scilicet
842 1528 921 1554 Iidem
950 1535 995 1553 or-

214 1575 359 1602 thodoxam
392 1582 424 1601 ac
446 1577 567 1601 nostratn
593 1575 798 1609 profitebantur.
826 1574 877 1601 ΑΜ
905 1579 995 1601 autem

214 1621 464 1652 introducebantur,
487 1627 582 1654 nempe
606 1622 652 1655 qui
673 1620 829 1655 pestiferam
853 1625 879 1647 et
898 1621 995 1647 exitia-

214 1667 266 1694 lem
284 1667 455 1701 imperatoris
472 1667 620 1694 doctrinam
643 1668 779 1699 tenebant,
804 1667 850 1701 qui
870 1667 993 1701 impieta-

215 1714 248 1739 tis
267 1712 446 1747 ehirographa
463 1713 614 1747 exigebant,
629 1712 673 1746 qui
699 1712 740 1739 his
763 1712 851 1739 adhuc
870 1713 994 1745 graviora

214 1758 377 1785 scribebant.
401 1756 561 1792 Presbyteri
590 1757 616 1783 in
644 1756 732 1783 medio
753 1756 819 1782 mari
846 1755 994 1788 combusti;

214 1802 288 1836 impii
302 1801 361 1829 belli
379 1802 468 1834 duces,
487 1809 537 1828 non
556 1801 651 1828 Persas
667 1806 834 1835 superantes,
861 1809 912 1828 non
930 1801 995 1836 Scy-

214 1849 273 1875 thas
288 1848 316 1875 in
330 1852 489 1881 potestatem
503 1848 664 1882 redigentes,
683 1854 734 1873 non
751 1846 830 1872 aliam
849 1845 994 1880 quamdam

212 1893 382 1921 barbaricam
406 1899 511 1928 gentem
537 1893 720 1925 debellantes;
744 1900 837 1918 verum
864 1892 995 1919 Ecclesiis

213 1939 311 1966 bellum
327 1938 482 1971 inferentes,
500 1938 524 1964 in
538 1937 666 1964 altaribus
680 1937 840 1968 saltitantes.
857 1937 995 1963 hominum

213 1988 240 2010 et
253 1984 422 2011 victimarum
439 1984 568 2018 sanguine
584 1984 724 2009 incruenta
752 1982 885 2009 sacriﬁcia
902 1988 995 2009 conta-

213 2031 357 2062 minautes,
375 2037 408 2057 ac
423 2030 553 2063 virginum
573 2029 700 2063 pudorem
717 2030 815 2062 probro
835 2028 993 2055 allicientes.

213 2075 294 2110 quue
313 2082 392 2110 quam
411 2075 516 2102 tandem
536 2076 570 2101 ob
589 2074 717 2101 causam?
739 2073 882 2103 Nimirum,
900 2077 928 2100 ut
950 2073 996 2101 Ja-

212 2119 263 2146 cob
278 2119 430 2153 patriarcha
445 2119 635 2153 expelleretur,
654 2119 757 2153 ipsique
770 2117 840 2144 Esau
857 2118 910 2150 ille,
932 2123 995 2147 ante

255 2207 279 2222 “
294 2206 366 2234 Psal.
381 2215 463 2240 Lxxtt,
476 2207 502 2234 9.

249 2296 304 2331 (64)
324 2296 413 2323 Κατά.
429 2296 509 2324 Deest
525 2298 550 2324 in
566 2297 641 2324 Pass.

248 2331 303 2368 (65)
322 2331 554 2366 Βλαϐερώτερον.
569 2333 633 2367 Reg.
649 2340 673 2365 c,
687 2333 733 2361 0r.
747 2333 764 2360 2
776 2333 916 2364 etComb.,
932 2333 994 2368 βλα-

214 2366 374 2402 σερώτατον,

250 2402 304 2436 (66)
326 2401 425 2428 Τοῦτο.
447 2402 529 2436 ltegg.
544 2409 568 2434 c.
587 2403 615 2435 d,
631 2403 731 2430 addunt
745 2411 800 2429 και.

249 2437 304 2472 (67)
322 2436 482 2464 Κλιναντα.
514 2437 595 2472 ﬂegg.
617 2439 680 2471 bm,
707 2439 742 2473 ph
767 2443 794 2464 et
820 2437 914 2470 Pass.,
939 2438 994 2465 κλί-

213 2480 256 2499 νον
259 2480 300 2498 τα.

247 2507 304 2540 (68)
323 2506 388 2533 Κᾶν
400 2507 464 2540 μεθ’
485 2505 570 2541 ἡμῶν
587 2515 624 2539 τι,
647 2511 689 2534 etc
710 2517 718 2532 ε
732 2506 847 2534 Tametsi
863 2514 893 2534 se
916 2507 992 2535 nobis

212 2542 396 2573 inclinaverit;
412 2541 549 2568 nobiscum
565 2542 754 2569 commercium
769 2542 923 2574 habuerit,»
945 2550 991 2569 no—

210 2581 297 2637 str-[qm
319 2576 420 2604 scilicet
435 2581 559 2603 naturam
576 2584 726 2604 assumens.
741 2577 820 2604 Deest
834 2585 860 2603 τι
876 2578 902 2604 in
927 2584 993 2604 non-

212 2620 248 2637 nu
270 2619 301 2637 IS.

212 2619 301 2638 llUIIIS.

249 2646 304 2682 (69)
328 2645 474 2682 Ἑλκύᾳῃ.
490 2646 536 2682 O_r.
549 2646 576 2678 2,
591 2646 667 2682 ἕλκῃ.

214 2681 394 2742 Πέὲο)ὴΐίνα
416 2681 453 2715 δὴ
476 2680 553 2716 λέγω
573 2681 609 2708 τὰ
631 2680 746 2715 πρώτω
766 2681 829 2709 llaec
852 2682 948 2709 desunt
965 2682 991 2708 in

238 2723 267 2742 ea
293 2723 340 2742 Dn.

248 2723 505 2786 (ἦίῗηξέπιϐουλαι.
521 2750 599 2777 Deest
615 2750 739 2786 ianegg.
752 2759 778 2783 a,
791 2752 817 2783 d,
836 2751 890 2782 hm,
909 2750 954 2785 ph.

248 2785 303 2819 (7:!)
330 2785 527 2820 Ἐμπρησμοί,
547 2791 598 2813 etc.
613 2785 760 2813 Alludit’ad
782 2787 915 2818 octoginta
932 2793 990 2818 pre-

212 2818 346 2852 sbyteros,
360 2821 403 2853 qui
426 2818 605 2847 Nicomediam
625 2821 656 2846 ad
676 2820 811 2847 Valentem
836 2821 909 2847 missi
932 2821 989 2848 fue-

213 2857 284 2886 rant,
299 2853 397 2888 quique
415 2855 526 2882 navibus
541 2855 655 2882 incensis
676 2855 801 2890 impositi,
825 2860 910 2883 morte
925 2862 987 2883 cru-

1046 1529 1137 1564 ὴμᾶς·
1155 1529 1180 1555 οί
1201 1529 1228 1555 δὲ
1248 1529 1430 1565 είσαγὸμενοι,
1452 1530 1509 1557 ὅσοι
1537 1531 1585 1566 τῆς
1603 1530 1747 1566 βασιλικῆς
1778 1532 1831 1558 ἀπ-

1045 1574 1141 1606 ωλείας
1165 1574 1328 1610 ἐτύγχανον,
1351 1576 1375 1602 οἱ
1388 1575 1422 1602 τὰ
1436 1576 1608 1612 χειρόγραφα
1633 1577 1682 1611 τῆς
1705 1577 1830 1609 ἀσεϐείας

1046 1619 1233 1652 ἀπαιτοῦντες,
1247 1622 1271 1647 οί
1284 1621 1436 1656 γράφοντες
1458 1622 1493 1649 τὰ
1515 1622 1617 1648 τούτων
1639 1622 1678 1649 ἔτι
1705 1623 1830 1658 χαλεπώ-

1045 1674 1122 1701 τερα.
1160 1666 1354 1703 Πρεσϐυτέρων
1389 1669 1548 1704 ἐμπρησμοὶ
1577 1668 1632 1704 (72)
1662 1668 1797 1696 Θαλάττιοι
1821 1678 1828 1684 ·

1047 1712 1193 1746 στρατηγοὶ
1208 1712 1367 1745 δυσσεϐεῖς,
1391 1715 1421 1740 οὺ
1448 1715 1560 1750 Περσῶν
1586 1715 1771 1750 κρατοῦντες,
1799 1717 1829 1743 0'3

1045 1756 1150 1787 Σκύθας
1173 1758 1359 1792 χειρούμενοι,
1376 1759 1425 1785 οὐκ
1448 1759 1512 1786 ἄλλο
1532 1768 1558 1786 τι
1576 1760 1740 1796 βαρϐαρικὸν
1757 1761 1830 1794 ἔθνος

1046 1803 1293 1839 ἀνακαθαίροντες·
1328 1805 1385 1832 ἀλλ’
1421 1806 1594 1841 Ἐκκλησίαις
1622 1808 1824 1844 ἐπιστρατεύον·

1046 1857 1091 1880 τες
1102 1848 1167 1883 (75),
1183 1849 1229 1876 καὶ
1250 1850 1450 1887 θυσιαστηρίων
1465 1852 1519 1887 (74)
1534 1853 1758 1889 κατορχούμενοι,
1783 1855 1829 1881 καὶ

1045 1894 1093 1925 τὰς
1116 1895 1300 1930 ἀναιμάκτους
1321 1896 1416 1928 θυσίας
1438 1897 1648 1932 ἀνθρώπωνκαὶ
1668 1899 1768 1926 θυσιῶν
1786 1901 1828 1926 αῖ-

1047 1948 1114 1974 μασι
1128 1941 1283 1976 χραίνοντες
1297 1962 1304 1973 ,
1324 1942 1371 1969 καὶ
1394 1943 1536 1978 παρθένων
1560 1944 1627 1970 αίδῶ
1653 1945 1829 1981 καθυϐρίζον-

1045 1995 1100 2016 τες.
1115 1987 1173 2013 Ἵνα
1185 1987 1212 2014 τί
1228 1988 1356 2023 γένηται;
1375 1988 1424 2015 Ἶν¹
1441 1989 1545 2024 ἐξωσθῇ
1562 1990 1612 2025 μὲν
1631 1990 1728 2017 Ἰακὼϐ
1743 1991 1799 2026 (73)
1815 1993 1829 2018 ὁ

1045 2033 1227 2068 πατριάρχης,
1255 2034 1416 2070 ἀντεισαχθῇ
1435 2035 1464 2062 δὲ
1488 2035 1583 2068 Ἡσαῦ,
1608 2037 1622 2063 ὁ
1645 2037 1830 2073 μεμισημένος

1045 2078 1092 2103 κα).
1106 2078 1159 2112 πρὸ
1180 2078 1321 2112 γενέσεως.
1343 2080 1434 2107 Ταῦτα
1456 2081 1510 2108 τῶν
1534 2081 1650 2117 πρώτων
1671 2082 1752 2109 αὑτοῦ
1766 2091 1829 2109 νεα-

1046 2123 1197 2157 νιευμάτων
1210 2123 1243 2149 τὰ
1253 2123 1420 2160 διηγήματα,
1439 2125 1457 2153 ἃ
1471 2127 1518 2153 καὶ
1535 2127 1616 2162 μέχρι
1636 2127 1683 2154 τοῦ
1696 2127 1744 2155 νῦν
1759 2130 1828 2156 κινεῖ

1008 2303 1030 2330 1)
1045 2300 1178 2340 delissima
1194 2302 1361 2330 interierunt.
1379 2303 1439 2330 Bill.
1459 2313 1469 2330 ‹
1485 2303 1593 2331 Marime
1609 2305 1826 2340 presbyterorum

1043 2337 1207 2363 exustioaes.
1220 2346 1228 2362 ι

1078 2370 1133 2407 (73)
1160 2372 1347 2405 Ἐχκλησίαις
1364 2373 1634 2407 ἐπιστρατεύοντες.
1659 2373 1746 2407 Pass.,
1767 2375 1825 2401 Ἐκ-

1042 2405 1154 2441 κλησίας
1180 2407 1416 2442 ἁνακαθαίροντες.
1441 2405 1631 2441 Sebastianus,
1661 2405 1825 2437 Manichzeus

1042 2443 1093 2479 dux
1110 2442 1252 2479 exercitus,
1275 2450 1392 2479 accensa
1403 2443 1573 2470 Alexandria;
1591 2451 1667 2477 pyra,
1681 2444 1715 2470 ad
1738 2445 1825 2479 ignem

1043 2475 1201 2514 denudatas__
1218 2477 1339 2514 virgines
1361 2478 1483 2514 admotas
1513 2475 1713 2514 corripe—ﬂebat,
1742 2475 1771 2506 tit
1797 2487 1827 2506 se

1042 2511 1156 2547 _A_rianas
1177 2511 1306 2547 dicerent.
1324 2511 1425 2539 Deinde
1448 2511 1625 2547 quadraginta
1654 2513 1726 2540 viros
1749 2521 1826 2541 acer-

1041 2544 1151 2572 bissime
1175 2546 1315 2572 cruciavit.
1335 2546 1376 2573 Ad
1401 2544 1470 2573 hanc
1498 2544 1683 2574 crudelitatem
1710 2548 1826 2575 accessit

1041 2579 1170 2613 sacrilega
1192 2580 1372 2617 adolescentis
1388 2582 1526 2616 cujusdam
1543 2582 1705 2617 petulantia,
1726 2583 1772 2617 qui
1787 2584 1826 2610 al-

1041 2617 1099 2640 tare
1115 2616 1306 2647 conscendens,
1323 2617 1347 2641 in
1361 2623 1394 2643 eo
1408 2616 1540 2643 saltavit..

1076 2648 1131 2682 (74)
1151 2649 1205 2676 Καὶ
1222 2651 1454 2684 θυσιασττιρίων,
1475 2657 1527 2678 etc.
1552 2660 1562 2676 ‹
1576 2650 1715 2678 Altaribus
1739 2651 1825 2678 insul-

1041 2687 1147 2710 tantes:
1167 2685 1191 2710 in
1207 2692 1299 2711 eorum
1322 2687 1511 2713 contumeliam
1528 2690 1553 2712 et
1576 2686 1750 2719 opprobrium
1767 2687 1821 2714 sal-

1045 2723 1141 2755 tantes.
1153 2728 1166 2755 »γ
1182 2719 1303 2755 Budaeus,
1319 2729 1328 2745 ι
1343 2721 1466 2755 tripudiis
1481 2721 1696 2748 dehouestantes.
1708 2729 1718 2746 ι

1079 2752 1136 2787 (75)
1162 2754 1266 2783 Ἰακώϐ.
1279 2760 1332 2781 etc.
1355 2752 1404 2781 Per
1426 2755 1539 2788 «Jacob,
1561 2755 1759 2782 Athanasium»
1785 2755 1824 2783 in-

1043 2787 1154 2825 telligit.
1166 2788 1218 2825 Per
1241 2789 1343 2825 «Esau,
1361 2789 1516 2825 Georgium,
1529 2799 1538 2815 ι
1559 2790 1617 2823 qui,
1636 2789 1721 2823 ejecta
1739 2791 1825 2818 Atha-

1041 2823 1128 2857 nasio,
1147 2823 1174 2850 in
1193 2824 1251 2858 ejus
1268 2824 1355 2852 locum
1372 2823 1531 2860 subrogatus
1547 2825 1644 2852 fuerat.
