2013 3134
180 150 235 179 565

615 152 744 182 ORATIO
764 153 856 182 XLIII.
876 170 906 175 —
932 154 966 182 IN
987 154 1128 182 LAUDEM
1145 154 1266 182 BASlLll
1287 154 1408 183 MAGNI.

1764 155 1817 183 566

182 207 264 236 πάθει
276 228 284 240 ,
309 208 356 235 καὶ
371 208 471 244 ἰατρῶν
486 209 549 240 τοὺς
563 209 692 245 ἀρίστους
707 211 903 246 ἐκλεγόμενος,
931 213 979 239 καὶ
993 238 994 242 η

1039 219 1095 239 )ore
1109 217 1185 244 erat;
1208 216 1284 246 paler
1309 211 1401 244 etiam,
1427 215 1519 246 utpote
1535 215 1619 246 pater,
1637 210 1715 238 simul
1743 219 1816 246 aegro

182 253 271 286 λιταῖς
293 254 492 289 προσκείμενος
504 274 512 286 ,
539 255 617 291 εἴπερ
632 256 725 283 ἄλλοτέ
738 266 803 283 ποτε
814 277 821 289 ,
842 257 888 284 καὶ
905 257 976 284 κατὰ

184 299 237 334 γῆς
253 300 430 335 ἐρριμμένος.
454 301 531 328 Ποιεῖ
546 301 601 338 γὰρ
623 302 671 329 καὶ
694 302 820 337 βασιλέας
833 303 976 335 ταπεινοὺς

185 345 288 377 πάθος·
315 346 362 373 καὶ
379 345 534 381 θαυμαστὸν
555 347 653 379 οὐδὲν,
674 349 735 375 ἐπεὶ
755 349 803 375 καὶ
816 348 897 376 Δαϐὶό
909 349 976 384 πρό-

184 400 263 427 τερον
287 391 371 418 ταυτὸ
397 391 451 427 (23)
471 393 517 418 ἐπὶ
533 392 573 428 τῷ
595 394 671 420 παιδὶ
694 394 856 427 πεπονθὼς,
882 395 978 429 ἀναγέ-

185 445 316 473 γραπται.
351 436 395 469 Ὠς
411 437 439 464 δὲ
450 438 528 465 οὐδὲν
547 439 673 475 εὕρισκεν
689 440 746 476 (24)
760 440 908 476 οὐδαμόθεν
930 441 976 468 τοῦ

185 481 272 508 κακοῦ
294 482 441 518 φάρμακον
453 502 460 516 ,
487 484 534 510 ἐπὶ
550 485 600 520 τὴν
613 486 704 512 πίστιν
715 485 762 512 τοῦ
779 486 874 520 ἀνδρὸς
896 495 979 512 κατα-

186 528 302 563 φεύγει·
330 529 378 555 κα).
402 529 435 556 δι’
452 529 550 557 ἑαυτοῦ
574 531 623 567 μὲν
647 531 697 559 οὐκ
714 531 851 564 εἰσκαλεῖ,
875 532 905 559 τὸ
929 532 978 567 τῆς

187 574 296 611 ὕϐρεως
307 575 441 609 ὑπόγυιον
456 576 514 612 (25)
529 577 722 613 αἰσχυνόμενος
733 599 740 610 ,
767 578 872 614 ἑτέροις
888 578 916 605 δὲ
930 578 979 614 τὴν

187 621 336 657 πρεσϐείαν
360 622 502 658 ἐπιτρέπει
528 623 582 650 τῶν
616 624 789 652 οίκειοτάτων
819 624 907 660 ἑαυτῷ
931 625 980 652 καὶ

187 668 334 703 φιλτάτων.
378 670 434 696 Καὶ
455 669 485 701 ὃς
509 670 566 706 (26)
581 670 682 706 παρῆν,
711 670 787 697 οὐδὲν
799 671 896 702 ἀναδὺς
912 670 978 705 (ΞΠ),

187 715 248 742 οὐδὲ
263 714 310 742 τοῦ
327 715 424 751 καιροῦ
438 716 651 748 κατεξαναστὰς,
667 716 761 752 ὥσπερ
773 716 851 748 ἄλλος
863 725 919 748 τις,
932 716 980 742 καὶ

188 761 256 796 ὁμοῦ
283 763 316 797 τῇ
342 762 479 798 παρουσίᾳ
497 763 598 798 ῥᾴωνὴ
616 762 692 794 νόσος
706 762 809 797 γίνεται
824 784 830 795 ,
847 762 894 788 καὶ
914 770 980 797 χρη-

190 807 323 843 στοτέρων
334 808 348 833 ὀ
359 807 450 843 πατὴρ
465 807 519 834 τῶν
531 808 659 835 ἐλπίδων·
677 808 724 835 καὶ
735 809 759 835 ει
778 809 815 844 μὴ
829 809 878 844 τὴν
892 808 980 843 ἅλμην

188 851 227 887 τῷ
244 852 353 888 ποτίμῳ
369 852 446 879 ὕδατι
460 853 650 888 συνεκέρασεν,
663 853 729 888 ὁμοῦ
740 863 769 880 τε
780 853 874 881 τοῦτον
890 855 981 880 εἰσκα-

1029 258 1121 285 animo
1147 258 1312 293 urgebatur,
1334 257 1482 285 remedium
1518 258 1693 292 undecunque
1723 258 1817 285 morbo

1030 304 1205 338 conquirens,
1221 309 1303 338 atque
1330 303 1447 337 optimos
1464 310 1586 338 quosque
1615 303 1731 330 medicos
1754 303 1818 330 seli-

1031 357 1105 383 geus,
1121 356 1152 376 ac
1169 349 1303 383 precibus,
1323 354 1352 375 ut
1368 349 1390 376 si
1408 349 1475 375 alias
1498 356 1630 385 unquam,
1647 349 1816 381 incumbens,

1031 395 1160 428 humique
1174 394 1341 428 provolutus.
1359 393 1425 420 Nam
1446 401 1523 428 reges
1539 401 1645 428 quoque
1662 394 1776 420 humiles
1791 398 1818 420 et

1031 441 1151 474 ahjcetos
1169 440 1256 467 reddit
1279 439 1419 467 calamitas
1440 448 1446 466 :
1472 447 1521 466 nee
1537 439 1644 471 mirum,
1669 447 1731 466 cum
1765 439 1818 466 Da—

1031 487 1119 515 videm
1134 487 1214 515 etiam
1242 486 1317 522 prius
1340 486 1375 514 ob
1405 487 1451 513 lilii
1476 486 1597 513 morbum
1627 486 1720 513 eodem
1741 487 1819 513 modo

1032 533 1156 561 affectum
1178 533 1259 561 fuisse
1284 533 1423 568 Scriptura
1442 537 1554 560 testetur
1568 533 1600 560 ’⁸.
1631 532 1698 560 Cum
1729 537 1819 559 autem

1033 578 1096 605 huic
1111 578 1181 605 malo
1196 578 1358 606 medicinam
1381 577 1479 604 nullam
1508 577 1648 610 inveniret,
1669 577 1702 604 ad
1729 576 1819 603 Basilii

1033 624 1112 652 ﬁderit
1127 624 1248 659 confugit
1271 633 1277 652 :
1296 630 1323 651 et
1351 625 1489 660 quoniam,
1505 623 1539 650 ob
1565 623 1754 650 contumeliam
1779 631 1821 650 re-

1033 679 1097 698 cens
1116 671 1166 706 ipsi
1193 671 1305 703 illatam,
1320 678 1380 697 eum
1402 679 1450 698 suo
1475 670 1583 697 nomine
1599 676 1738 696 accersere
1765 677 1819 702 pm:

1033 717 1137 751 pudore
1153 725 1204 743 ιιοιι
1219 717 1339 748 auderet,
1355 716 1425 748 aliis,
1443 723 1510 750 quos
1533 715 1683 742 arctissima
1707 715 1820 741 familia-

1034 763 1114 791 ritate
1128 768 1155 791 et
1168 763 1354 790 benevolentia
1371 763 1512 790 devinctos
1539 761 1665 793 habebat,
1693 761 1762 788 hanc
1785 761 1822 787 le-

1035 809 1172 844 gationem
1193 809 1346 836 committit.
1364 807 1410 835 ille
1428 815 1492 835 vero
1507 807 1572 834 nihil
1585 812 1737 840 cunctatus,
1761 814 1822 838 uec,

1036 854 1106 889 quod
1128 855 1244 880 fortasse
1261 854 1329 880 aiius
1350 853 1467 885 fecisset,
1495 853 1624 880 adversus
1646 857 1752 887 tempus
1781 852 1822 878 in-

187 898 280 930 λέσας,
293 899 405 930 καὶτοῖς
416 900 458 925 ἑτε
464 899 579 935 ροδόξοις
591 899 749 931 πιστεύσεις,
762 899 812 926 κᾶν
821 899 915 934 ὑγείας
925 899 982 932 (‘28)

1039 900 1160 937 sultanst
1176 900 1316 927 confestim
1337 899 1439 930 adfuit,
1458 905 1537 934 atque
1551 899 1584 925 ad
1599 899 1656 934 ejus
1681 899 1823 926 adventum

187 944 278 979 τυχὼν
306 946 321 971 ὁ
350 946 416 976 παῖς
441 946 500 977 ταῖς
523 945 570 971 τοῦ
588 945 690 980 πατρὸς
719 946 813 981 χερσὶν
839 944 979 979 ἀπεσώθη.

188 991 244 1017 Καὶ
275 990 355 1018 τοῦτο
383 991 541 1018 ἐπιστεύετο
569 991 624 1026 (29)
650 992 725 1027 παρὰ
750 991 804 1017 τῶν
829 989 982 1026 τηνικαῦτα

190 1038 342 1074 παρόντων,
357 1038 404 1064 καὶ
420 1037 619 1064 κοινωνούντων
633 1037 680 1064 τοῦ
696 1038 809 1069 πάθους.

1036 946 1127 973 statim
1149 945 1234 972 levior
1249 945 1277 972 lit
1295 946 1416 976 morbus,
1430 952 1461 971 ac
1489 944 1625 971 meliorem
1645 951 1720 978 spem
1749 948 1824 978 pater

1037 991 1127 1018 animo
1141 991 1274 1025 concipit;
1302 995 1329 1017 et
1343 995 1426 1022 certe,
1442 991 1491 1017 nisi
1509 991 1606 1017 salsam
1627 997 1724 1024 aquam
1751 990 1824 1017 dulci

1038 1039 1238 1070 admiscuisset,
1255 1037 1333 1064 simul
1345 1037 1469 1064 videlicet
1483 1041 1510 1063 et
1533 1037 1619 1070 ipsum
1635 1037 1780 1068 advocatus,
1796 1042 1823 1064 et

193 1083 329 1111 hatreticis
347 1083 471 1117 credens,
505 1091 599 1110 sanum
615 1092 722 1120 quoque
745 1090 772 1112 et
790 1085 951 1112 incolumem
972 1085 1056 1112 tilium
1077 1085 1194 1112 fortasse
1231 1084 1386 1119 recepisset.
1415 1084 1442 1110 ld
1477 1091 1594 1119 namque
1618 1091 1666 1118 pro
1694 1088 1768 1111 certo
1796 1086 1824 1112 et

198 1129 349 1156 induhilato
371 1129 515 1161 habebant,
530 1129 576 1164 qui
593 1135 657 1156 tunc
682 1131 806 1161 aderant.
823 1131 1042 1165 calamitatisque
1058 1131 1204 1166 participes
1219 1135 1306 1157 erant.

224 1178 296 1205 NE'.
329 1178 366 1204 Τὸ
380 1178 409 1204 δὲ
422 1178 488 1204 αὐτὸ
504 1178 551 1205 καὶ
565 1177 604 1214 τῷ
618 1178 733 1214 ὑπάρχῳ
757 1179 854 1215 μικρὸν
871 1180 984 1215 ὕστερόν

191 1232 256 1258 φασι
279 1223 427 1259 συμϐῆναι.
453 1224 584 1259 Κάμπτει
599 1224 647 1251 καὶ
661 1225 755 1252 τοῦτον
767 1227 826 1257 ταῖς
844 1226 890 1253 τοῦ
905 1227 984 1261 ἁγίου

190 1278 220 1306 χε
224 1278 268 1305 ρσι
278 1278 309 1296 συ
314 1278 369 1305 μπε
374 1270 503 1302 σοῦσάτις
513 1270 662 1306 ἀρρωστία.
673 1271 727 1297 Καὶ
738 1271 822 1303 ὄντως
829 1272 919 1307 πληγὴ
929 1273 986 1304 τοῖς

191 1312 219 1341 εὖ
235 1315 366 1350 φρονοῦσι
385 1315 522 1351 παίδευμα
534 1316 650 1350 γίνεται,
671 1317 717 1344 καὶ
734 1317 865 1353 κρείττων
885 1319 985 1353 εὑημε-

193 1361 252 1397 ρίας
278 1361 408 1393 πολλάκις
438 1361 617 1389 κακοπάθεια.
652 1363 810 1397 Ἐκαμ)εν,
841 1363 981 1399 ἐδάκρυεν,

192 1405 345 1442 ἐδυσφόρει,
362 1406 559 1442 προσέπεμπεν
572 1406 799 1442 (50),,ὴντιϐόλει.
833 1408 893 1442 Τὴν
907 1409 982 1434 ἀπο-

192 1454 301 1488 λογίαν
316 1453 396 1488 ἔχεις
410 1474 416 1485 ,
436 1453 500 1479 ἐϐόα
513 1473 520 1485 ,
538 1453 591 1486 δὸς
608 1454 768 1487 σωτηρίαν.
803 1454 858 1480 Καὶ
879 1454 928 1490 μέν
942 1463 983 1481 τοι

193 1502 240 1528 καὶ
255 1501 384 1536 τυγχάνει
399 1500 509 1536 ταύτης,
526 1500 564 1532 ὡς
576 1500 657 1532 αὐτός
667 1509 696 1527 τε
712 1501 768 1536 (51)
782 1501 925 1536 ὡμολόγει,
937 1502 984 1528 καὶ

194 1546 308 1578 πολλοὺς
325 1545 418 1573 ἔπειθε
431 1545 485 1572 τῶν
498 1546 548 1572 οὐκ
566 1546 675 1572 είδὸτων
685 1555 691 1561 ·
707 1547 738 1573 οὐ
752 1546 806 1582 γὰρ
819 1547 937 1573 ἐπαύετο
950 1547 983 1574 τὰ

1074 1180 1129 1208 LV.
1147 1180 1218 1208 ltlem
1234 1184 1323 1207 autem
1341 1185 1368 1207 ct
1388 1180 1438 1215 ipsi
1456 1180 1581 1214 pra-fecto
1599 1189 1651 1209 non
1669 1180 1751 1207 nmlto
1764 1184 1824 1214 post

1040 1227 1172 1254 accidisse
1188 1231 1309 1253 narrant.
1329 1226 1395 1253 Nam
1413 1227 1483 1254 lmuc
1498 1235 1604 1262 quoque
1619 1227 1727 1254 morbus
1749 1227 1826 1261 quis-

1039 1272 1110 1306 piam
1139 1271 1260 1303 oborlus,
1275 1271 1324 1298 viri
1341 1271 1428 1298 sancti
1444 1272 1581 1299 .manibus
1609 1272 1766 1299 substernit.
1793 1270 1827 1298 Ει

1038 1317 1148 1352 quidem
1164 1318 1285 1352 profecto
1300 1317 1375 1352 plaga
1394 1319 1512 1345 conlatis
1531 1318 1683 1345 hominibus
1706 1317 1827 1345 doctrina

1043 1364 1165 1396 eﬂicilur,
1181 1372 1212 1390 ac
1224 1365 1380 1398 plerumque
1393 1371 1520 1398 prospero
1536 1372 1624 1391 rerum
1639 1371 1765 1391 successu
1780 1371 1827 1397 po—

1043 1411 1095 1438 tior
1113 1418 1144 1437 ac
1161 1409 1338 1444 praestabilior
1354 1415 1394 1437 est
1407 1409 1525 1436 afflictio.
1536 1408 1620 1444 Ᾱίετο
1634 1417 1747 1443 corpore
1758 1414 1826 1440 erat,

1043 1456 1241 1490 illacrymabat,
1270 1456 1496 1490 distorqnebatur,
1512 1455 1640 1482 Basilium
1662 1456 1826 1489 accersebat,

1042 1503 1214 1530 obsecrabat.
1224 1502 1437 1536 Satisfactionem
1453 1502 1540 1534 habes,
1555 1501 1697 1533 clamabat,
1712 1502 1745 1527 da
1754 1502 1828 1528 salu—

1044 1555 1105 1576 tem.
1116 1549 1149 1576 Et
1165 1550 1272 1583 quidem
1291 1549 1360 1576 hanc
1375 1554 1535 1576 consecutus
1547 1553 1599 1580 est,
1617 1553 1680 1576 utet
1695 1549 1750 1582 ipse
1762 1548 1828 1575 fate-

194 1594 299 1620 ὲκείνου
313 1592 361 1620 καὶ
377 1592 525 1628 Θαυμάζων
546 1594 593 1620 καὶ
604 1593 793 1628 διηγούμενος.
816 1592 879 1630 ’Ἆρ’
893 1592 939 1621 οὖν
951 1595 986 1622 τὰ

1039 1595 1128 1628 batur,
1144 1600 1171 1622 et
1184 1595 1274 1622 multis
1291 1595 1368 1630 hujus
1386 1596 1425 1622 rei
1450 1596 1550 1630 ignaris
1567 1595 1764 1629 persuadebat;
1779 1602 1827 1621 ue-

196 1639 245 1673 μὲν
258 1637 328 1674 πρὸς
343 1637 465 1669 ἐκείνους
478 1637 552 1673 αὐτῷ
565 1638 687 1669 τοιαῦτα,
704 1639 752 1665 καὶ
765 1639 806 1671 είς
817 1639 889 1665 τοῦθ’
906 1640 987 1674 ἥκον-

195 1693 228 1710 τα
242 1683 337 1715 τέλους
357 1682 423 1718 (52).
454 1684 496 1710 Τά
506 1691 535 1709 τε
556 1683 624 1720 πρὸς
637 1684 746 1720 ἑτέρους
764 1684 880 1719 ἑτέρως,
894 1685 910 1720 ἢ
925 1686 989 1721 περὶ

197 1730 314 1766 μικρῶν,
332 1730 348 1765 ἦ
366 1729 453 1765 μικρὰ
469 1730 666 1766 πεπολέμηται,
680 1730 696 1765 ἢ
715 1731 832 1766 μετρίως
846 1731 989 1765 πεφιλοσό-

196 1785 281 1812 φηται
298 1775 355 1810 (55)
368 1795 376 1809 ,
391 1776 408 1811 ἢ
424 1776 504 1811 σιγῆς
528 1775 627 1809 ἀξίως,
652 1776 668 1811 ἢ
693 1777 722 1802 οὺ
739 1776 798 1803 λίαν
823 1777 988 1810 ἐπαινετῶς;

197 1821 353 1858 Οὺμενοῦν·
382 1822 439 1848 ἀλλ’
456 1822 470 1848 ὁ
493 1823 607 1856 κινήσας
628 1822 693 1849 ποτε
715 1822 755 1857 τῷ
785 1823 891 1859 Ἰσραὴλ
907 1823 989 1860 ’Λδερ

197 1868 242 1895 τὸν
257 1868 414 1903 ἀλιτήριον,
430 1864 508 1900 οὗτος
521 1869 591 1894 κινεί
607 1868 654 1895 καὶ
667 1867 754 1904 τούτῳ
769 1868 814 1895 τὸν
831 1869 879 1904 τῆς
895 1870 989 1895 Ποντι-

198 1914 250 1950 κῆς
269 1915 368 1950 μοίρας
395 1914 518 1950 ὕπαρχον
532 1914 606 1950 (50°
632 1914 767 1951 ’προφάσει
787 1915 842 1950 (55)
860 1915 927 1950 μὲν,
952 1916 989 1948 ὡς

199 1962 270 1996 ὑπὲρ
283 1961 395 1995 γυναίου
411 1961 483 1993 me;
500 1961 721 1995 ἀγανακτοῦντα,
745 1961 775 1988 τὸ
789 1961 812 1988 δ’
827 1961 925 1997 ἀληθὲς
941 1962 990 1997 τῆς

199 2009 327 2040 ἀσεϐείας
351 2008 580 2043 ὑπερμαχοῦντα,
607 2008 654 2035 καὶ
680 2008 752 2035 κατὰ
775 2009 824 2044 τῆς
850 2009 990 2040 εὐσεϐείας

202 2055 357 2089 ἱστάμενον.
388 2053 440 2080 Ἐὦ
464 2053 548 2080 τᾶλλα
563 2054 614 2080 ὅσα
640 2053 694 2087 (56)
717 2054 764 2080 καὶ
796 2051 840 2080 οἷα
857 2054 926 2080 κατὰ
943 2054 989 2080 τοῦ

200 2099 296 2135 ἀνδρὸς
312 2099 464 2136 ἐξύϐρισεν,
479 2099 536 2126 ἴσον
552 2099 580 2126 δὲ
594 2100 679 2126 εἰπεῖν
689 2120 696 2130 ,
708 2099 755 2126 καὶ
767 2099 838 2126 κατὰ
853 2099 899 2126 τοῦ
910 2100 989 2133 Θεοῦ,

201 2146 269 2182 πρὸς
286 2146 327 2177 ὃν,
344 2146 392 2172 καὶ
402 2145 435 2172 δι’
451 2145 481 2171 ὃν
497 2146 511 2172 ὁ
527 2145 645 2180 πόλεμος
657 2153 664 2160 ·
683 2145 697 2171 ὃ
715 2145 744 2171 δὲ
760 2145 876 2180 μάλιστα
889 2146 990 2172 καὶτὸν

201 2191 333 2227 ὑϐριστὴν
349 2191 450 2226 ᾔσχυνε
461 2210 468 2221 ,
485 2190 532 2217 καὶ
545 2190 591 2216 τὸν
606 2190 757 2225 ἀγωνιστὴν
773 2190 878 2224 ὕψωσεν
890 2209 897 2221 ,
912 2190 990 2226 εἴπερ

201 2246 228 2264 τι
243 2238 316 2274 μέγα
334 2238 380 2264 καὶ
395 2236 495 2272 ὑψηλὸν
512 2237 528 2271 ὴ
546 2236 689 2271 φιλοσοφία
700 2257 707 2269 ,
731 2236 777 2262 καὶ
792 2237 822 2262 τὸ
840 2237 992 2271 κρατοῦντα

203 2284 257 2310 τῶν
277 2284 383 2310 πολλῶν
401 2283 488 2318 ταύτῃ
509 2282 671 2317 φαίνεσθαι,
693 2281 771 2309 τοῦτο
789 2281 866 2308 δώσω
891 2282 930 2318 τῷ
947 2283 991 2309 λό-

205 2339 243 2365 γῳ
257 2330 326 2364 (57)-

247 2377 271 2393 ¹⁸
286 2377 306 2404 ll
324 2376 393 2410 Reg.
414 2384 462 2407 xu,
477 2375 520 2402 16.
558 2375 581 2391 ’³
595 2374 626 2401 ΙΙΙ
647 2375 711 2409 Reg.
732 2383 769 2407 xl,
786 2375 829 2403 Η.

243 2425 299 2460 (25)
318 2424 421 2451 Tuvro’.
445 2423 472 2450 ln
495 2422 634 2460 nonnullis
646 2442 661 2460 ,_
681 2422 788 2449 ταυτόν.
823 2423 901 2460 Idem
929 2424 993 2451 olim

207 2458 300 2489 Davidi
313 2460 461 2493 contigisse
476 2459 511 2485 οι)
526 2458 572 2484 filii
595 2458 717 2493 morbum
735 2464 827 2493 narrat
844 2458 992 2492 Scriptura.

243 2495 298 2530 (24)
319 2491 478 2528 Εῧρίὲκεν.
492 2493 575 2530 Coisl.
592 2492 610 2519 2
622 2497 649 2518 et
666 2492 752 2530 [lassa
769 2491 909 2530 ηὕρισκεν.

332 2527 503 2565 Ὑπόγυιον.
524 2529 645 2561 Quatuor
661 2527 752 2562 ,Regg.
764 2533 791 2554 et
810 2528 858 2555 0r.
874 2529 908 2561 2,
928 2528 994 2554 ὑπό-

229 2573 281 2593 υον.

207 2575 300 2634 “iis
316 2599 371 2626 Καὶ
386 2599 429 2631 ὃς.
443 2599 527 2626 Coisl.
543 2598 560 2624 2
576 2601 604 2624 et
615 2597 854 2634 Combuwm‘trdt;

245 2632 458 2696 gntumauq.
474 2634 599 2668 Quinque
613 2633 710 2668 Regg.,
728 2632 811 2660 Coisl.
829 2635 846 2660 2
860 2638 886 2661 et
908 2633 996 2666 Pass.,

275 2679 304 2696 υε
318 2679 343 2696 ε.

209 2671 304 2698 ἀναδυε
309 2671 343 2701 ἰς.

257 2706 302 2733 ‘28)
324 2705 443 2739 ὙγεΙας.
463 2703 490 2731 lu
508 2702 808 2739 quiltttsdatn,_t‘)~(tsia;.

257 2710 302 2733 ‘28)
324 2710 443 2739 Ὺγ-εΙας.
463 2710 490 2731 lu
508 2710 678 2737 qutunsuam,
692 2710 808 2736 υγιειας.

245 2710 302 2776 (29)
328 2740 528 2776 [Επιστεύετο.
552 2738 598 2776 _Sic
613 2737 665 2764 duo
681 2737 764 2765 Coisl.
781 2738 808 2766 lu
820 2738 868 2766 0r.
889 2737 916 2771 2,
934 2739 996 2765 ἐπί-

210 2774 314 2804 στευτο.
328 2775 356 2802 lu
374 2777 430 2806 ell..
452 2774 620 2801 ἐπιστεύετε.

248 2811 302 2846 (50)
316 2809 543 2845 Προσέπεμπεν.
561 2809 644 2843 ltegg.
660 2807 677 2834 d
689 2811 717 2834 et
736 2808 782 2843 ph,
798 2809 995 2846 προσέπιπτεν,

214 2854 227 2874 ι
242 2847 404 2880 procidebat.
422 2854 431 2870 ι

247 2881 303 2918 (51)
323 2881 418 2914 Αὐτός
435 2889 477 2908 τε.
498 2880 563 2916 Reg.
582 2887 607 2914 c,
623 2878 704 2914 αὐτός
724 2887 766 2915 γε.

1039 1648 1091 1675 que
1110 1641 1181 1667 enim
1199 1640 1269 1667 illius
1284 1640 1398 1667 virtutes
1419 1641 1547 1667 admirari
1564 1648 1596 1667 ac
1620 1640 1767 1674 [medicare
1781 1640 1829 1667 de-

1042 1686 1157 1713 sinebat.
1174 1686 1207 1711 At
1223 1685 1375 1718 huiusmodi
1392 1685 1500 1720 quidem
1515 1685 1630 1712 fortasse
1643 1693 1685 1717 ea,
1698 1692 1757 1719 qua:
1768 1692 1829 1711 cum

1041 1733 1093 1760 illis
1106 1732 1172 1766 egit,
1191 1732 1309 1764 fuerunt,
1326 1738 1441 1765 eumque
1454 1731 1534 1758 linem
1551 1731 1701 1758 habuerunt
1716 1739 1724 1765 ;
1750 1735 1830 1758 catc-

1042 1786 1099 1804 rum
1118 1778 1199 1813 811
1220 1785 1284 1805 vero
1307 1786 1367 1805 cum
1380 1778 1440 1804 aliis
1457 1777 1509 1804 alio
1527 1777 1608 1804 modo
1623 1784 1652 1804 se
1676 1777 1769 1812 gessit,
1784 1781 1830 1803 aut

1043 1825 1134 1859 parvis
1150 1825 1183 1851 de
1201 1824 1292 1856 rebus,
1311 1829 1357 1850 aut
1374 1831 1467 1858 parum
1497 1823 1601 1857 egregie
1621 1823 1768 1854 dimicavit,
1783 1827 1830 1848 aut

1042 1878 1095 1897 non
1109 1871 1145 1897 ita
1162 1877 1288 1904 magnam
1301 1870 1423 1896 exhibuit
1438 1869 1626 1903 constantiam,
1639 1875 1690 1895 nec
1701 1872 1730 1894 ut
1742 1869 1830 1895 homi-

1043 1925 1105 1943 num
1135 1916 1435 1948 commemorationem,
1454 1919 1500 1942 aut
1523 1919 1596 1941 certe
1619 1914 1751 1947 insignem
1774 1913 1830 1940 lau-

1041 1963 1115 1996 dem,
1137 1962 1305 1990 mereretur?
1332 1961 1440 1988 Minime
1457 1968 1530 1989 sane.
1544 1960 1644 1987 Verum
1672 1960 1705 1992 is,
1722 1961 1767 1994 qui
1786 1967 1831 1987 ne.

1042 2009 1141 2036 fat-ium
1160 2008 1233 2036 illum
1247 2008 1323 2035 Adad
1337 2008 1466 2034 adversus
1479 2006 1604 2034 lsraelem
1621 2007 1685 2034 olim
1702 2013 1830 2040 provoca-

1042 2054 1080 2081 vit
1091 2054 1124 2086 ",
1145 2054 1214 2080 idem
1228 2058 1323 2081 contra
1346 2053 1417 2080 hunc
1432 2060 1538 2087 quoque
1552 2052 1666 2079 Pontica:
1686 2051 1830 2086 provincia:

1042 2099 1196 2134 praefectum
1219 2099 1363 2131 excitavit;
1395 2098 1445 2126 hoc
1464 2098 1571 2133 quidem
1596 2102 1737 2132 praetextu,
1753 2098 1831 2132 quasi

1044 2145 1207 2172 muliercula:
1223 2145 1362 2179 cujusdam
1379 2153 1460 2171 causa
1485 2145 1710 2176 stomacharetur,
1728 2144 1774 2171 scd
1802 2151 1831 2170 re

1044 2199 1107 2219 vera
1130 2192 1276 2225 impietatis
1293 2191 1478 2218 defensionem
1502 2191 1663 2224 suscipiens,
1685 2198 1716 2217 ac
1745 2190 1831 2224 pieta-

1044 2243 1097 2265 tem
1127 2245 1295 2272 oppugnatis.
1327 2237 1402 2264 Mitto
1433 2237 1499 2263 alias
1523 2244 1618 2264 omnes
1643 2236 1829 2267 contumelias.

1045 2285 1144 2317 quibus
1167 2283 1294 2310 Basilium
1310 2284 1427 2315 vexavit,
1452 2284 1523 2318 quod
1546 2282 1656 2316 perinde
1675 2287 1727 2313 est,
1749 2289 1782 2309 ac
1808 2284 1830 2308 si

1047 2331 1129 2358 Deum
1144 2331 1273 2363 dicerem,
1289 2331 1417 2357 adversus
1432 2337 1522 2365 quem,
1545 2335 1571 2357 et
1586 2329 1663 2364 cujus
1680 2336 1760 2356 causa
1775 2328 1832 2356 bel-

1082 2424 1136 2459 (3'2)
1155 2423 1273 2457 Τέλους.
1294 2423 1378 2457 Regg.
1398 2431 1412 2450 ιι
1431 2427 1457 2450 et
1474 2423 1518 2456 ph,
1532 2422 1617 2454 τέλος.

1082 2457 1136 2495 (55)
1155 2459 1192 2486 Ἥ
1203 2459 1327 2494 μετρίως
1337 2459 1586 2495 πεφιλοσόφηται.
1604 2467 1613 2483 ι
1629 2457 1682 2484 Aut
1693 2464 1746 2483 non
1758 2465 1831 2495 (εει-οη

1047 2493 1091 2528 gie
1107 2495 1310 2529 philosophatus
1330 2499 1371 2520 est
1389 2503 1396 2520 :
1414 2499 1459 2520 aut
1481 2501 1532 2519 non
1553 2493 1590 2529 ita
1612 2500 1736 2529 magnam
1751 2494 1829 2529 exhi—

1048 2527 1306 2557 buil‘constantiam.
1330 2538 1339 2553 ι
1356 2529 1451 2562 Agitur
1467 2529 1538 2554 enim
1553 2528 1598 2554 hic
1614 2534 1666 2554 non
1679 2527 1712 2562 de
1725 2528 1829 2562 verbis,

1048 2565 1094 2591 sed
1112 2565 1145 2591 de
1161 2565 1242 2591 anirui
1257 2561 1417 2590 constantia.
1436 2562 1512 2591 Unde
1526 2571 1579 2590 non
1595 2567 1669 2590 recte
1680 2561 1740 2588 Bill.
1756 2570 1766 2587 ι
1784 2567 1830 2590 aut

1049 2607 1100 2628 non
1115 2601 1250 2633 sapit-nter
1265 2599 1400 2626 disseruit.
1411 2607 1429 2632 η»

1084 2631 1319 2668 (54)’”Υπαρχον.
1334 2633 1355 2660 Is
1370 2633 1446 2660 Ponti
1461 2632 1603 2667 praefectus
1614 2637 1673 2660 erat
1687 2631 1829 2664 Eusebius,

1046 2670 1090 2704 qui
1105 2670 1254 2704 calumniis
1265 2668 1390 2704 Basiliuni
1407 2668 1540 2704 inurebat.

1080 2703 1136 2739 (ὃς)
1153 2703 1314 2739 Προφάσει.
1332 2703 1416 2739 chg.
1429 2703 1484 2739 hm.
1496 2703 1531 2737 ph
1544 2708 1571 2730 et
1584 2703 1630 2739 0r.
1642 2702 1669 2735 2,
1682 2702 1828 2739 πρόφασιν.

1081 2740 1136 2775 (56)
1163 2738 1340 2775 Ἐὡγτᾶλλα
1357 2738 1442 2775 *ἔω-(ιη
1461 2738 1584 2775 Sicduo
1605 2738 1709 2772 Coisl.,'
1725 2738 1773 2765 0r.
1800 2738 1828 2769 2,

1045 2773 1133 2805 PtiSs.,
1150 2779 1202 2800 etc.
1225 2774 1250 2800 In
1266 2773 1321 2805 NL,
1337 2773 1374 2799 ἐῶ
1387 2773 1470 2800 τᾶλλα
1483 2773 1529 2800 καὶ
1546 2773 1606 2806 ὅσα,
1619 2777 1672 2801 etc.

1046 2845 1063 2873 ὁ
1082 2809 1138 2872 (ῗέ)
1157 2808 1246 2871 13pm
1260 2808 1345 2836 δώσω
1363 2808 1403 2842 τῷ
1424 2809 1512 2843 λόγῳ.
1534 2808 1596 2837 llam
1608 2809 1704 2837 desunt
1721 2807 1747 2835 in
1761 2806 1829 2841 Reg.

1076 2852 1091 2872 c
1138 2852 1158 2871 r.

1076 2849 1102 2872 Cl
1112 2849 1158 2871 Ur.
