2013 3134
239 145 290 175 871

854 147 885 176 S.
904 148 1068 178 GREGOBII
1088 149 1261 179 THEOLOGI

1805 151 1855 179 57')

238 204 363 233 ciendum
391 207 460 232 erat.
483 203 586 236 Altera,
617 203 688 238 quod
719 202 849 238 dolorem,
877 213 911 233 ex
937 206 1013 242 ipsiu:

1075 209 1121 235 καὶ
1136 209 1278 244 ὁμολογεῖν
1291 208 1438 244 αἴσχιστον.
1457 207 1579 242 Ἐγένετο
1600 207 1656 243 (63)
1682 207 1710 235 δὲ
1727 209 1774 235 καὶ
1789 209 1853 245 ἄλλη

234 250 368 278 electione
387 254 557 284 conceptum,
583 251 701 278 nondum
724 251 836 279 omnino
856 259 890 280 ex
922 253 1020 282 animis

235 297 382 332 ejecerant.
396 296 548 330 Postrema,
561 297 632 332 quod
653 304 683 325 se
708 297 787 333 longe
803 299 968 334 multumque
985 301 1020 328 ab

234 350 269 370 eo
284 343 367 378 gloria
388 343 510 378 superari
526 344 701 372 acerbissime
731 345 841 378 ferrem,
861 346 968 373 tatnetsi
993 346 1019 373 id

235 388 362 415 confiteri
384 387 567 421 turpissimum
588 393 670 416 esset.
697 388 763 416 Orta
776 393 818 416 est
833 393 861 416 et
876 388 928 416 alia
944 396 1019 423 quze-

236 433 298 460 dam
321 433 454 466 simultas,
480 441 539 468 qua:
559 434 616 460 [nec
633 433 722 460 omnia
748 433 936 462 rcdulccravit.
951 433 1018 461 Nam

233 485 296 506 cum
320 479 406 512 patria
428 483 520 506 nostra
537 479 563 506 in
582 479 650 507 duas
665 480 818 515 provincias
841 485 868 508 et
885 486 1019 516 metropo-

234 525 274 552 les
289 524 373 552 divisa
386 529 466 557 esset,
479 532 512 552 ac
538 525 621 552 multa
637 533 670 552 ex
689 526 773 561 priori
787 534 862 554 nova:
877 527 1017 562 metropoli

234 571 452 606 adjungerentur,
481 579 513 599 ea
539 572 572 600 de
602 580 683 600 causa
709 573 778 600 inter
795 573 856 600 illos
873 573 1016 601 dissidium

234 617 380 644 excitatum
403 622 455 644 est.
474 617 521 645 ille
535 618 606 645 enim
629 626 736 652 aequum
763 626 824 646 esse
844 619 959 651 dicebat,
975 623 1016 652 ut,

235 670 296 690 cum
307 663 422 698 publicis
433 664 605 698 dioecesibus,
626 670 726 692 nostrae
740 672 847 700 quoque
861 665 939 692 simul
951 665 1017 692 divi-

233 708 382 742 darentur;
399 709 434 737 ob
459 717 574 745 eamque
590 718 699 738 causam
728 717 774 738 eas
800 711 940 745 partecias,
957 718 1016 745 qua:

234 762 311 782 nova:
324 755 468 790 provincia:
483 763 569 790 nuper
584 756 718 790 adjuncta:
736 755 855 788 fuerant,
869 761 898 782 ut
911 755 965 789 jam
981 756 1015 784 ad

233 808 263 829 Ie
287 802 538 836 attinentes,atque
564 804 598 829 ab
623 801 667 828 illo
688 801 1013 835 distractas,viudicabat.

235 846 285 874 Hic
296 852 388 874 contra
402 847 485 874 veteri
498 847 697 879 consuetudini,
707 852 788 882 atque
802 848 863 874 huic
875 847 1013 879 divisioni,

233 901 292 928 quae
306 893 370 920 (dim
386 901 402 920 ι
423 893 547 920 Patrihus
567 893 637 920 facta
662 892 759 926 fuerat,
778 893 934 920 inhzerebat.
963 893 1013 918 At-

231 945 285 973 que
309 937 359 964 hac
388 938 562 964 contentione
593 937 724 972 permulta
744 937 823 968 mala,
845 937 942 971 partim
956 936 1012 971 jam

232 982 432 1017 contingebant,
444 981 541 1017 partim
556 982 756 1016 impendebant.
779 981 1014 1009 Subtrahebanlur

231 1033 377 1056 conventus
387 1035 401 1054 a
418 1035 486 1055 novo
497 1028 677 1062 metropolita,
692 1032 838 1062 proventus
849 1027 1013 1062 diripieban-

231 1078 294 1106 tur;
312 1073 398 1110 814,
409 1073 586 1102 Ecciesiarum
600 1074 760 1108 presbyteri,
770 1073 816 1100 alii
832 1073 940 1108 quidem
955 1081 1013 1100 serv

230 1128 338 1147 monum
353 1121 487 1147 blanditiis
508 1120 704 1153 alliciebantnr,
719 1119 762 1146 alii
790 1127 854 1146 vero
885 1119 1012 1145 immuta-

234 1166 341 1194 hantur.
359 1165 398 1193 Ex
417 1175 470 1201 quo
498 1166 560 1193 illud
585 1165 766 1199 contingebat,
782 1171 810 1192 ut
829 1165 1010 1192 Ecclesiarum

231 1212 338 1245 negotia
359 1213 479 1239 deterius
502 1219 531 1239 se
545 1211 684 1244 haberent,
702 1216 793 1246 utpote
808 1211 902 1245 qumiu
922 1215 1011 1244 partes

229 1264 260 1284 ac
287 1258 374 1284 studia
394 1258 591 1285 scindercntur.
620 1258 746 1285 Homines
765 1257 869 1292 ,quippe
882 1264 1009 1283 novarum

229 1311 318 1331 rerum
345 1304 434 1331 studio
460 1304 656 1339 quodammodo
670 1303 849 1334 delectantur,
865 1310 896 1330 ac
918 1302 1010 1330 libenti

231 1349 322 1376 animo
354 1357 439 1377 noxas
465 1357 528 1377 suas
560 1349 648 1376 obiter
669 1349 838 1382 clucraulun;
854 1348 1011 1382 faciliusque

227 1400 270 1423 est
287 1396 431 1423 constituta
443 1395 618 1428 labefactare,
634 1402 712 1430 quam
734 1394 893 1421 labefactata
909 1394 936 1421 in
955 1393 1011 1428 pri-

229 1441 330 1468 stinum
345 1445 444 1468 statum
459 1442 596 1468 reducere.
606 1441 680 1474 Quod
694 1445 783 1467 autem
800 1440 873 1467 illum
888 1440 972 1474 magis
983 1440 1009 1466 in

228 1486 346 1514 furorem
362 1488 468 1522 agebat,
488 1486 594 1514 Taurici
610 1487 710 1513 reditus
737 1490 826 1518 erant,
845 1486 890 1520 qui
906 1487 939 1512 ab
951 1486 1010 1520 ipso

227 1533 335 1567 quidem
353 1533 379 1560 in
405 1534 517 1560 transitu
538 1534 728 1565 cernebantur,
756 1532 790 1559 ad
816 1532 1008 1560 Czesariensem

1071 263 1114 287 τις
1127 255 1255 291 διαφορὰ,
1269 256 1286 291 ἢ
1302 255 1388 282 ταῦτα
1405 254 1603 289 ὲκαινοποίησε.
1614 254 1671 288 Τῆς
1684 254 1738 289 γὰρ
1760 256 1856 290 πατρί-

1069 301 1114 334 δος
1132 301 1210 337 ἡμῶν
1235 302 1291 337 (ϐό)
1306 301 1346 333 είς
1372 301 1419 328 δύο
1441 300 1621 335 διαιρεθείσης
1642 300 1790 335 ἡγεμονίας
1808 302 1854 328 καὶ

1071 347 1263 382 μητροπόλεις,
1275 346 1322 374 καὶ
1333 346 1418 374 πολλὰ
1431 347 1486 373 τῶν
1502 347 1534 372 ἐκ
1548 346 1597 380 τῆς
1614 345 1748 381 προτέρας
1757 347 1790 381 τῇ
1807 346 1853 382 νέᾳ

1070 393 1263 428 προσαγούσης
1279 392 1347 428 (65),
1360 391 1485 419 ἐντεῦθεν
1497 392 1544 419 καὶ
1556 392 1590 419 τὰ
1609 391 1719 419 ἐκείνων
1731 392 1854 419 ὲστασιάυ

1069 438 1131 474 σθη.
1151 439 1181 465 '0
1199 439 1247 473 μὲν
1270 438 1324 473 γὰρ
1347 438 1423 473 ἠξίου
1443 439 1499 469 τοῖς
1517 437 1656 473 δημοσίοις
1668 437 1724 472 (66)
1735 437 1852 464 συνδιαι-

1069 484 1175 519 ρεῖσθαι
1190 483 1238 510 καὶ
1253 483 1288 510 τὰ
1298 483 1419 519 ἡμέτερα
1434 483 1501 518 (67),
1522 483 1569 510 καὶ
1576 483 1620 509 διὰ
1632 482 1710 510 τοῦτο
1725 491 1851 518 μετεποι-

1067 530 1125 556 εῖτο
1149 529 1204 556 τῶν
1227 529 1322 555 νεωστὶ
1342 528 1555 564 προσελθόντων,
1574 529 1612 560 ὡς
1624 528 1699 564 αὐτῷ
1711 529 1852 564 διαφερόν-

1067 583 1122 601 των
1136 575 1186 610 ἢδη
1209 575 1336 602 κάκείνου
1361 575 1570 610 κεχωρισμένων
1580 583 1586 589 ·
1603 576 1617 602 ὁ
1632 575 1661 601 δὲ
1673 575 1722 611 τῆς
1735 576 1850 607 παλαιᾶς

1067 619 1157 654 εἴχετο
1175 620 1328 656 συνηθείας,
1353 621 1399 647 καὶ
1413 623 1463 656 τῆς
1476 622 1508 647 ἑκ
1529 621 1583 648 τῶν
1602 621 1731 656 Πατέρων
1749 621 1849 648 ἄνωθεν

1067 665 1224 701 διαιρέσεως
1247 666 1313 701 (68).
1337 666 1380 700 Ἐξ
1398 663 1436 693 ὧν
1451 666 1535 693 πολλὰ
1562 666 1609 693 καὶ
1633 667 1718 699 δεινὰ,
1740 668 1775 694 τὰ
1802 668 1849 703 μὲν

1068 710 1225 737 συνέἧαινεν
1241 711 1302 746 ἤδη,
1317 710 1352 738 τὰ
1368 711 1396 737 δὲ
1410 711 1528 738 ὠδίνετο.
1547 711 1721 738 ’Υπεσπῶντο
1748 712 1848 739 σύνοδοι

1067 756 1144 791 παρὰ
1156 755 1203 783 τοῦ
1215 755 1275 782 νέου
1295 756 1491 791 μητροπολίτου
1507 755 1574 792 (69),
1599 757 1723 792 πρόσοδοι
1735 757 1848 793 διηρπά-

1067 801 1164 833 ζοντο·
1192 801 1371 837 πρεσϐύτεροι
1392 802 1445 828 τῶν
1469 803 1647 838 Ἐκκλησιῶν,
1676 804 1701 829 οἱ
1737 803 1786 838 μὲν
1805 804 1849 830 ἀν-

1066 846 1215 878 επειθοντο,
1225 848 1249 873 οἱ
1259 847 1287 873 δὲ
1302 846 1510 881 ὑπηλλάττοντο.
1533 848 1577 880 Ἐξ
1592 845 1629 875 ὧν
1644 848 1792 882 συνέσαινε,
1804 850 1849 876 καὶ

1067 891 1103 918 τὰ
1119 891 1173 918 τῶν
1194 891 1362 926 Ἐκκλησιῶν
1386 893 1477 928 χεῖρον
1498 891 1570 927 ἔχειν
1601 893 1780 928 διισταμένων
1803 893 1850 920 καὶ

1067 937 1251 972 τεμνομένων.
1264 937 1319 964 Καὶ
1335 937 1389 972 γάρ
1401 947 1459 969 πως
1473 939 1533 970 ταῖς
1544 938 1727 974 καινοτομίαις
1738 939 1847 973 χαίρου-

1068 992 1110 1010 σιν
1135 982 1292 1018 ἇνθρωποι,
1321 983 1368 1009 καὶ
1392 982 1425 1009 τὰ
1452 983 1527 1017 σφῶν
1549 983 1634 1018 ἡδέως
1669 983 1849 1018 παρακερδαί-

1067 1036 1143 1055 νουσι
1156 1027 1211 1063 (70)
1222 1035 1229 1042 ·
1245 1028 1292 1054 καὶ
1305 1028 1369 1063 ῥᾷόν
1380 1036 1407 1054 τι
1421 1028 1570 1055 καταλῦσαι
1596 1028 1649 1055 τῶν
1662 1028 1847 1060 καθεστώτων,

1066 1074 1082 1110 ἢ
1098 1073 1248 1111 καταλυθὲν
1265 1075 1458 1108 ἐπαναγαγεῖν.
1483 1075 1515 1101 '0
1534 1074 1562 1100 δὲ
1579 1074 1668 1101 πλεῖον
1691 1074 1772 1101 αὑτὸν
1807 1075 1848 1106 ἑξ-

1066 1120 1176 1155 έμηνεν,
1190 1120 1218 1147 αἱ
1234 1120 1367 1154 Ταυρικαὶ
1383 1120 1572 1155 πρόσοδοι(Ὴ)
1585 1121 1631 1147 καὶ
1645 1121 1769 1156 παρόδιοι
1781 1121 1847 1157 (72),

1065 1167 1140 1202 αὐτῷ
1162 1166 1212 1201 μὲν
1226 1166 1374 1202 ὁρώμεναι,
1395 1167 1492 1202 ἐκείνῳ
1513 1167 1541 1193 δὲ
1555 1167 1769 1202 προσγενόμεναι
1782 1168 1846 1202 (73),

1065 1213 1113 1239 καὶ
1129 1213 1174 1239 τὸν
1188 1212 1265 1246 ἅγιον
1279 1212 1408 1248 Ὀρέστην
1424 1212 1638 1248 ὲκκαρποῦσθαι,
1652 1213 1723 1248 μέγα
1734 1213 1844 1240 ἐτίθετο·

1065 1255 1102 1287 ὡς
1114 1256 1160 1282 καὶ
1173 1255 1226 1282 τῶν
1239 1256 1359 1291 ἡμιόνων
1376 1256 1503 1282 λαϐέσθαι
1527 1257 1591 1283 ποτὲ
1602 1257 1648 1283 τοῦ
1661 1258 1756 1293 ἀνδρὸς
1782 1259 1846 1285 ἰδίαν

1064 1301 1123 1328 ὁδὸν
1138 1301 1287 1334 όδεύοντος,
1305 1301 1405 1337 εἴργων
1425 1302 1472 1328 τοῦ
1497 1302 1590 1337 πρόσω
1613 1303 1681 1337 μετὰ
1701 1303 1846 1339 λῃστρικοῦ

1066 1347 1263 1382 συντάγματος.
1278 1348 1333 1374 Καὶ
1352 1348 1367 1383 ἡ
1384 1347 1494 1382 σκῆψις,
1508 1348 1546 1380 ὡς
1566 1349 1720 1384 εὐπρεπήςί
1739 1349 1779 1375 Τὰ
1793 1349 1846 1386 γὰρ

1065 1393 1238 1429 πνευματικὰ
1249 1394 1341 1426 τέκνα,
1357 1394 1404 1420 καὶ
1421 1395 1448 1420 αἱ
1463 1394 1558 1429 ψυχαὶ,
1577 1395 1623 1421 καὶ
1642 1395 1656 1421 ὸ
1668 1395 1717 1430 τῆς
1731 1395 1846 1426 πίστεως

1067 1438 1156 1472 λόγος,
1170 1439 1217 1465 καὶ
1232 1438 1319 1465 ταῦτα
1333 1438 1367 1464 τὰ
1387 1439 1435 1473 τῆς
1455 1439 1606 1474 ἀπληστίας
1621 1439 1675 1474 (ῗό)
1697 1439 1847 1474 ἐπικαλύμ-

1066 1493 1154 1521 ματα,
1180 1486 1297 1521 πρᾶγμα
1309 1484 1367 1522 ’τῶν
1395 1485 1577 1521 εὐπορίστων,
1594 1485 1642 1512 καὶ
1657 1486 1686 1512 τὸ
1702 1486 1739 1521 μὴ
1751 1486 1846 1521 χρῆναι

1065 1531 1248 1566 δασμοφορεῖν
1265 1529 1418 1563 κακοδόξοις
1428 1539 1436 1546 θ
1460 1532 1514 1563 πᾶς
1530 1531 1584 1567 γὰρ
1599 1533 1613 1558 ὸ
1636 1531 1727 1558 λυπῶν
1741 1551 1749 1564 ,
1765 1532 1846 1558 κακό-

227 1585 292 1605 vero
317 1579 526 1610 devehebantur,
553 1586 584 1606 ac
610 1579 696 1605 sancti
732 1577 834 1605 Orestis
865 1563 1044 1612 proventusc
1061 1577 1135 1609 δοξος
1151 1577 1218 1612 (75).

229 1623 364 1657 colligere,
392 1623 482 1658 magni
507 1623 679 1650 aestimabat:
694 1623 761 1650 adeo
794 1627 824 1649 ut
857 1623 943 1658 ipsius
968 1623 1050 1650 etiam
1071 1623 1122 1650 iter
1138 1623 1262 1650 facientis
1279 1622 1365 1650 mulos
1390 1622 1533 1657 aliquando
1560 1623 1729 1657 corripuerit,
1752 1630 1794 1655 ac,
1815 1632 1847 1650 ne

229 1668 297 1694 ultra
311 1668 545 1701 progrederemur,
569 1676 629 1695 cum
665 1668 824 1703 prardatoria
854 1675 933 1695 manu
966 1668 1144 1701 prohibuerit.
1168 1667 1201 1695 Et
1227 1675 1306 1702 quam
1343 1669 1481 1703 speciosus
1508 1668 1550 1695 his
1585 1669 1663 1695 rebus
1698 1674 1841 1702 prtetextus

227 1713 420 1740 adhibebatur!
450 1713 510 1740 Filii
537 1713 699 1748 spirituaies,
724 1718 751 1740 et
774 1712 881 1746 animae,
901 1717 929 1740 et
954 1713 1015 1740 fidei
1036 1714 1170 1745 doctrina,
1186 1719 1338 1747 c:eleraque
1363 1713 1514 1748 hujusmodi
1545 1714 1699 1748 cupiditatis
1727 1715 1845 1750 inexpie~

225 1763 288 1790 bilis
311 1762 491 1796 integumenta
522 1760 578 1794 (res
599 1759 708 1787 inventu
730 1759 888 1794 perfacilis).
920 1759 1038 1794 itemque
1059 1759 1148 1786 illud:
1172 1759 1312 1786 Tributum
1333 1760 1465 1787 haereticis
1486 1760 1653 1795 pendendum
1681 1769 1735 1788 non
1764 1769 1839 1789 esse:

225 1807 348 1843 quisquis
383 1807 454 1833 enim
475 1805 622 1832 molestiam
651 1805 805 1838 exhibebat,
821 1805 850 1833 in
870 1805 1060 1833 haereticorum
1077 1813 1188 1833 numero
1206 1806 1363 1832 habebatur.

263 1853 331 1881 LIX.
357 1853 411 1881 Nec
435 1857 524 1880 tamen
555 1852 598 1879 ille
626 1851 673 1879 Dei
698 1857 819 1884 sanctus,
839 1860 871 1879 ac
887 1860 1011 1890 superna:

224 1899 372 1930 Jerusalem
384 1906 446 1926 vere
461 1898 655 1932 metropolites,
669 1903 714 1924 aut
728 1905 788 1924 cum
806 1898 849 1930 iis,
866 1898 910 1932 qui
933 1906 1010 1925 erra-

225 1945 302 1977 bant,
318 1945 449 1972 abductus
467 1948 519 1976 est,
534 1948 579 1971 aut
593 1943 642 1970 hoc
658 1943 829 1970 dissimulare
844 1950 875 1970 ac
894 1943 1010 1978 neglige-

226 1999 257 2018 re
269 1990 407 2022 sustinuit,
419 1995 465 2016 aut
476 1997 589 2024 parvum
606 1989 684 2024 hujus
697 1988 758 2015 mali
770 1989 915 2015 remedium
927 1996 1009 2016 exco-

225 2037 330 2073 gitavit.
354 2036 407 2064 Sed
436 2036 644 2071 perspiciamus,
661 2043 762 2070 quaeso,
780 2042 861 2070 quam
882 2041 1007 2069 magnum

225 2088 253 2111 et
273 2082 470 2115 admirandum,
488 2086 514 2108 et
535 2081 615 2113 illius,
639 2081 702 2116 quid
724 2081 795 2109 enim
820 2081 890 2108 aliud
906 2081 1006 2112 dicam,

228 2131 317 2158 anima
332 2130 455 2164 dignum.
473 2129 577 2156 Etenim
594 2129 733 2156 dissidium
763 2130 814 2157 hoc
834 2129 860 2156 in
881 2128 1008 2156 Ecclesiae

227 2175 397 2203 commodum
422 2179 449 2201 et
470 2175 666 2202 incrementum
694 2174 835 2207 convertit,
852 2179 932 2208 atque
942 2175 1011 2202 hanc
1028 2162 1048 2190 ι)

260 2232 316 2268 (6'5)
335 2231 478 2267 Ἐγένετο.
493 2231 558 2259 Tres
565 2231 661 2268 itegg.,
672 2232 754 2260 Coisl.
765 2233 793 2266 2,
806 2233 903 2269 aliique
914 2234 1014 2269 plures,

228 2268 382 2301 ἐπεγένετο.

264 2303 319 2338 (64)
351 2303 468 2346 Ἡμῶνη
486 2302 564 2330 Deest
594 2302 620 2330 in
649 2302 735 2331 tribus
760 2303 855 2338 Regg.,
883 2303 928 2331 0r.
951 2304 969 2330 2
988 2309 1016 2332 et

225 2338 317 2408 Pa(3:5)
345 2373 571 2408 Πρεσαγούσης.
603 2372 671 2400 'l'rcs
698 2372 794 2408 κτείς..
822 2374 1013 2408 προσαγαγού-

335 2442 397 2484 ζοῖς
411 2442 578 2484 δημοοίίοις.
600 2443 718 2484 ῌὶεοιιιβ,
735 2444 840 2484 ἀρχαῖς.
853 2444 901 2483 καὶ
913 2443 1012 2484 διοικη-

229 2487 298 2506 σεσι.
317 2487 326 2503 ι
336 2478 402 2505 Cum
418 2479 530 2512 publicis
545 2479 712 2513 prml'ecluris
727 2485 754 2505 et
770 2478 1011 2507 administrationi-

227 2515 288 2545 bus,
306 2513 430 2540 Ecriesia:
447 2515 526 2540 etiam
537 2513 597 2547 jttra
609 2515 799 2541 dividerentur.
813 2523 822 2539 ι

263 2549 319 2583 (67)
335 2548 573 2581 Συνδιαιρεῖσοαι
592 2549 640 2576 ναὶ
667 2549 703 2575 τὰ
730 2548 865 2583 ἡμέτερα.
894 2547 940 2576 Sic
963 2557 1010 2576 sex

226 2584 312 2617 Roga.
331 2583 358 2609 In
373 2585 428 2619 ed,
440 2585 486 2610 καὶ
502 2583 537 2610 τὰ
550 2584 671 2619 ἡμέτερα
685 2583 904 2618 συνδιαιρεῖσοαι.

244 2619 318 2680 é(68)
334 2617 516 2653 Διαιρέσεως.
532 2617 577 2646 Sic
590 2617 711 2654 pit-rique
730 2617 807 2646 codd.
829 2619 857 2645 in
873 2619 927 2652 ed.,
943 2619 1012 2645 διαι-

259 2662 337 2680 σεων.

259 2662 337 2681 σεων.

227 2662 418 2724 ρεῗὲῧνιΝέου
437 2689 665 2723 μητροπολίτου.
694 2688 782 2715 Novus
810 2689 853 2716 ille
878 2694 1010 2722 metropo-

230 2724 275 2751 lita
288 2724 337 2750 fuit
349 2725 503 2755 Anthirnns,
524 2733 575 2750 non
592 2732 655 2752 vero
675 2724 844 2756 Anthemius,
870 2730 899 2751 ut
915 2732 1008 2759 perpe-

225 2766 284 2787 ram
300 2763 409 2786 annotat
422 2759 608 2786 Montacntius.

273 2793 316 2828 70)
343 2794 398 2821 Καὶ
426 2794 461 2821 τὰ
489 2793 575 2828 σφῶν
608 2794 703 2829 ἡδέως
730 2793 1007 2829 παρακερδαίνουσι.

229 2837 239 2853 ι
253 2829 307 2854 Sua
325 2829 431 2862 propria
453 2830 511 2856 laeto
526 2829 615 2856 animo
639 2831 807 2857 lucramur.)
829 2830 896 2856 Cum
910 2830 1010 2862 promi-

227 2869 292 2891 scua
308 2864 385 2899 plebe
407 2864 560 2892 saccrdmes
591 2870 732 2900 peccantes
760 2865 858 2898 cernit,
869 2864 896 2891 id
909 2865 1008 2892 lucrari

1096 1853 1160 1879 NG'.
1176 1852 1214 1879 Οὐ
1235 1852 1288 1888 μὴν
1312 1852 1327 1878 ό
1349 1852 1425 1886 ἅγιος
1441 1851 1487 1878 τοῦ
1504 1851 1586 1883 Θεοῦ,
1605 1852 1650 1878 καὶ
1661 1852 1709 1887 τῆς
1722 1852 1779 1879 ἄνω
1800 1853 1845 1879 Ἰε-

1064 1897 1204 1934 ρουσαλὴμ
1222 1898 1306 1929 ὅντως
1325 1897 1535 1932 μητροπολίτης,
1562 1896 1578 1932 ἧ
1607 1897 1765 1932 συναπήχθη
1792 1899 1846 1929 τοῖς

1062 1944 1205 1970 πταίουσιν
1221 1943 1287 1978 (76),
1301 1943 1317 1978 ἢ
1333 1943 1455 1978 παριδεῖν
1468 1943 1553 1969 ταῦτα
1567 1943 1703 1978 ἠνέσχετο,
1716 1943 1732 1978 ἢ
1747 1944 1845 1978 μικρὰν

1061 1989 1108 2016 τοῦ
1121 1989 1206 2016 κακοῦ
1217 1988 1292 2015 λύσιν
1309 1988 1424 2015 ἐπενόει.
1445 1988 1525 2014 Ἀλλὰ
1537 1988 1692 2022 σκοπῶμεν,
1707 1988 1745 2020 ὡς
1763 1990 1846 2024 μεγὰ-

1061 2035 1111 2071 λην
1127 2035 1173 2061 καὶ
1189 2035 1342 2070 θαυμασίαν
1357 2035 1425 2069 (77),
1443 2034 1533 2069 (καὶτί
1547 2034 1632 2069 γάρ;)
1645 2034 1661 2069 ἥ
1678 2034 1726 2070 τῆς
1741 2036 1844 2061 ἐκείνου

1061 2082 1150 2118 ψυχῆς
1163 2081 1251 2114 ἀξίαν.
1272 2081 1433 2117 Προσϐήκην
1447 2080 1501 2116 γὰρ
1523 2081 1572 2114 τῆς
1588 2080 1749 2116 Ἐκκλησίας
1766 2082 1844 2108 ποιεῖ-

1062 2138 1107 2156 ται
1122 2129 1172 2164 τὴν
1190 2128 1292 2159 στάσιν,
1305 2127 1350 2154 mi
1361 2127 1409 2162 τὴν
1427 2126 1580 2162 συμφορὰν,
1594 2126 1630 2157 ὡς
1645 2126 1775 2153 κάλλιστα
1789 2127 1844 2153 δια-

1061 2174 1174 2206 τίθεται,
1199 2173 1319 2200 πλείοσιν
1343 2172 1502 2204 ἐπισκόποις
1528 2172 1577 2207 τὴν
1592 2172 1707 2207 πατρίδα
1722 2181 1843 2199 καταπυ-

1063 2233 1112 2261 sibi
1129 2234 1243 2265 videtur,
1260 2237 1289 2259 ut
1308 2232 1388 2260 faciat
1413 2232 1484 2266 quo'd
1500 2232 1574 2265 velit,
1599 2237 1690 2267 utpote
1699 2231 1755 2266 jam
1768 2240 1844 2260 nemo

1063 2270 1109 2298 sit,
1122 2268 1166 2303 qui
1179 2268 1237 2302 ejus
1253 2273 1359 2302 peccata
1374 2272 1501 2303 ccarguat
1514 2274 1540 2293 et
1555 2268 1708 2303 iniectetnr.

1099 2301 1153 2338 (Ti)
1170 2301 1203 2329 Al
1221 2301 1358 2336 Ταυρικαὶ
1380 2302 1532 2335 πρόσοδοι,
1563 2301 1688 2329 «Taurici
1708 2302 1818 2329 reditus.
1831 2311 1840 2329 ι

1062 2337 1176 2365 Fructus
1195 2343 1221 2364 et
1236 2344 1379 2372 proventus
1394 2339 1421 2364 S.
1439 2337 1551 2368 Orestis,
1580 2344 1627 2371 per
1646 2343 1762 2364 montem
1775 2337 1845 2363 Tau-

1062 2380 1132 2406 rum,
1151 2373 1195 2407 qui
1213 2377 1254 2400 est
1267 2373 1338 2400 inter
1349 2372 1470 2400 Ciliciam
1489 2378 1516 2400 el.
1534 2372 1740 2407 Cappadociam,
1763 2372 1843 2399 devc-

1061 2407 1316 2478 ὴεῗῆἳιῇξιρόδιοι.
1347 2441 1442 2473 Savil..
1462 2442 1620 2478 παρωρεῖοι,
1648 2451 1657 2467 ι
1674 2441 1758 2478 monti
1771 2441 1844 2475 adja-

1059 2477 1161 2504 centes.
1175 2488 1183 2503 ι
1202 2478 1308 2505 Nicelas
1327 2478 1458 2512 exponit;
1476 2477 1691 2512 παροδεύουσαι⁸
1720 2487 1729 2502 ι
1744 2477 1793 2510 Qui
1810 2478 1842 2503 il-

1063 2511 1107 2539 luc
1136 2514 1294 2543 transirent,
1322 2518 1401 2545 atque
1417 2511 1633 2547 inzconspectnm
1660 2512 1781 2540 Aulhimi
1799 2519 1842 2539 ve-

1061 2548 1174 2579 nientes,
1189 2548 1247 2582 ejus
1259 2547 1593 2582 ειιρὶαἰιιιιεηιγιιιονοιεριιι.
1608 2555 1618 2572 ι

1098 2583 1152 2624 (75)
1167 2581 1413 2617 Προσγενόμεναι.
1429 2581 1523 2609 Plures
1535 2581 1619 2616 licgg.
1632 2585 1661 2609 et
1671 2581 1717 2609 0r.
1730 2581 1842 2617 9.,προστ

1059 2626 1207 2651 γινομεναι.

1095 2653 1150 2693 (Ἱέ)
1171 2653 1211 2693 Τὰ
1225 2652 1280 2693 τῇς
1298 2651 1480 2685 ἀπληστίας.
1495 2650 1539 2678 Sic
1562 2650 1678 2686 quinque
1699 2651 1782 2686 ηερε.
1797 2651 1842 2678 De-

1059 2689 1344 2769 es:ig;1l(lclt:géofoq.
1358 2721 1404 2748 Sic
1419 2721 1471 2748 duo
1489 2721 1581 2753 Cois...
1599 2725 1652 2748 etc.
1669 2721 1697 2748 iu
1721 2723 1777 2755 ed.,
1794 2730 1842 2748 κα-

1059 2758 1337 2834 ῗιῗῖἶδᾜταὶουσιν.
1353 2791 1414 2819 Bas.
1435 2796 1461 2818 et
1471 2790 1564 2824 Gabr.,
1580 2792 1744 2828 πταίσμασι,
1771 2801 1780 2817 ι
1803 2790 1843 2819 of-

1059 2827 1208 2855 fendiculls.
1223 2837 1232 2854 ι

1095 2863 1150 2899 (Π)
1166 2863 1350 2898 Θαυμασίαν.
1364 2861 1454 2896 Pass,
1464 2861 1630 2899 θαυμαστήν.
