  <div class='ocr_page' id='page_1' title='image "/cluster/home/n/w/nwhite01/storage/ocr_20150623/36/njp.32101013202633/298.png"; bbox 0 0 2013 3134; ppageno 0'>
   <div class='ocr_carea' id='block_1_1' title="bbox 195 157 249 186">
    <p class='ocr_par' dir='ltr' id='par_1_1' title="bbox 195 157 249 186">
     <span class='ocr_line' id='line_1_1' title="bbox 195 157 249 186; baseline 0 0"><span class='ocrx_word' id='word_1_1' title='bbox 195 157 249 186; x_wconf 76' lang='lat'><strong>573</strong></span> 
     </span>
    </p>
   </div>
   <div class='ocr_carea' id='block_1_2' title="bbox 602 159 1395 190">
    <p class='ocr_par' dir='ltr' id='par_1_2' title="bbox 602 159 1395 190">
     <span class='ocr_line' id='line_1_2' title="bbox 602 159 1395 190; baseline -0.003 0"><span class='ocrx_word' id='word_1_2' title='bbox 602 159 733 190; x_wconf 76' lang='lat' dir='ltr'><strong>ORATIO</strong></span> <span class='ocrx_word' id='word_1_3' title='bbox 750 160 845 188; x_wconf 72' lang='lat' dir='ltr'><strong>Xlzlll.</strong></span> <span class='ocrx_word' id='word_1_4' title='bbox 865 176 898 180; x_wconf 84' lang='lat'><strong>-—</strong></span> <span class='ocrx_word' id='word_1_5' title='bbox 917 161 951 187; x_wconf 72' lang='grc' dir='ltr'><strong>ΙΝ</strong></span> <span class='ocrx_word' id='word_1_6' title='bbox 972 160 1113 189; x_wconf 71' lang='lat' dir='ltr'><strong>LAUDEM</strong></span> <span class='ocrx_word' id='word_1_7' title='bbox 1134 161 1257 188; x_wconf 70' lang='lat' dir='ltr'><strong>BASILII</strong></span> <span class='ocrx_word' id='word_1_8' title='bbox 1278 160 1395 188; x_wconf 75' lang='lat' dir='ltr'><strong>MACNI.</strong></span> 
     </span>
    </p>
   </div>
   <div class='ocr_carea' id='block_1_3' title="bbox 1766 161 1820 190">
    <p class='ocr_par' dir='ltr' id='par_1_3' title="bbox 1766 161 1820 190">
     <span class='ocr_line' id='line_1_3' title="bbox 1766 161 1820 190; baseline 0 0"><span class='ocrx_word' id='word_1_9' title='bbox 1766 161 1820 190; x_wconf 71' lang='grc' dir='ltr'>δτι</span> 
     </span>
    </p>
   </div>
   <div class='ocr_carea' id='block_1_4' title="bbox 197 215 994 256">
    <p class='ocr_par' dir='ltr' id='par_1_4' title="bbox 197 215 982 256">
     <span class='ocr_line' id='line_1_4' title="bbox 197 215 982 256; baseline 0.001 -12"><span class='ocrx_word' id='word_1_10' title='bbox 197 217 315 250; x_wconf 79' lang='grc' dir='ltr'>κνὼσας.</span> <span class='ocrx_word' id='word_1_11' title='bbox 331 217 367 251; x_wconf 80' lang='grc' dir='ltr'><strong>Εξ</strong></span> <span class='ocrx_word' id='word_1_12' title='bbox 384 215 414 246; x_wconf 66' lang='grc' dir='ltr'><strong>ὦ.)</strong></span> <span class='ocrx_word' id='word_1_13' title='bbox 427 218 584 254; x_wconf 80' lang='grc' dir='ltr'>τίγίνεται;</span> <span class='ocrx_word' id='word_1_14' title='bbox 600 219 668 256; x_wconf 81' lang='grc' dir='ltr'>Τρία</span> <span class='ocrx_word' id='word_1_15' title='bbox 681 219 716 246; x_wconf 79' lang='grc' dir='ltr'>τὰ</span> <span class='ocrx_word' id='word_1_16' title='bbox 727 219 858 246; x_wconf 77' lang='grc' dir='ltr'>κάλλιστα</span> <span class='ocrx_word' id='word_1_17' title='bbox 869 229 875 235; x_wconf 90' lang='grc'><strong><em>-</em></strong></span> <span class='ocrx_word' id='word_1_18' title='bbox 890 220 982 254; x_wconf 65' lang='grc' dir='ltr'>ώυχῶν</span> 
     </span>
    </p>
   </div>
   <div class='ocr_carea' id='block_1_5' title="bbox 1035 215 1818 256">
    <p class='ocr_par' dir='ltr' id='par_1_5' title="bbox 1038 217 1818 255">
     <span class='ocr_line' id='line_1_5' title="bbox 1038 217 1818 255; baseline -0.001 -7"><span class='ocrx_word' id='word_1_19' title='bbox 1038 221 1220 249; x_wconf 82' lang='lat' dir='ltr'><strong>calamitatem</strong></span> <span class='ocrx_word' id='word_1_20' title='bbox 1240 227 1321 255; x_wconf 89' lang='lat' dir='ltr'><strong>quam</strong></span> <span class='ocrx_word' id='word_1_21' title='bbox 1345 218 1524 254; x_wconf 68' lang='lat' dir='ltr'><strong>pulcherrime</strong></span> <span class='ocrx_word' id='word_1_22' title='bbox 1551 217 1701 251; x_wconf 88' lang='lat' dir='ltr'><strong>constituit,</strong></span> <span class='ocrx_word' id='word_1_23' title='bbox 1730 221 1818 253; x_wconf 78' lang='lat' dir='ltr'><strong>patria</strong></span> 
     </span>
    </p>
   </div>
   <div class='ocr_carea' id='block_1_6' title="bbox 197 263 983 300">
    <p class='ocr_par' dir='ltr' id='par_1_6' title="bbox 197 263 983 300">
     <span class='ocr_line' id='line_1_6' title="bbox 197 263 983 300; baseline 0 -11"><span class='ocrx_word' id='word_1_24' title='bbox 197 263 343 298; x_wconf 66' lang='grc' dir='ltr'>ἐπιμέλεια</span> <span class='ocrx_word' id='word_1_25' title='bbox 358 263 469 291; x_wconf 72' lang='grc' dir='ltr'>πλείων.</span> <span class='ocrx_word' id='word_1_26' title='bbox 498 272 546 291; x_wconf 87' lang='grc' dir='ltr'><strong>και</strong></span> <span class='ocrx_word' id='word_1_27' title='bbox 564 264 594 291; x_wconf 79' lang='grc' dir='ltr'>τὸ</span> <span class='ocrx_word' id='word_1_28' title='bbox 611 264 687 291; x_wconf 85' lang='grc' dir='ltr'>πόλιν</span> <span class='ocrx_word' id='word_1_29' title='bbox 701 265 819 300; x_wconf 77' lang='grc' dir='ltr'>ἑκάστην</span> <span class='ocrx_word' id='word_1_30' title='bbox 833 263 868 291; x_wconf 87' lang='grc' dir='ltr'><strong>τὰ</strong></span> <span class='ocrx_word' id='word_1_31' title='bbox 885 265 983 298; x_wconf 61' lang='grc' dir='ltr'>ἑαυτῆς</span> 
     </span>
    </p>
   </div>
   <div class='ocr_carea' id='block_1_7' title="bbox 198 308 984 348">
    <p class='ocr_par' dir='ltr' id='par_1_7' title="bbox 198 308 984 348">
     <span class='ocr_line' id='line_1_7' title="bbox 198 308 984 348; baseline 0 -12"><span class='ocrx_word' id='word_1_32' title='bbox 198 308 281 344; x_wconf 78' lang='grc' dir='ltr'>ἔχειν.</span> <span class='ocrx_word' id='word_1_33' title='bbox 295 309 380 336; x_wconf 76' lang='grc' dir='ltr'>καὶτὸ</span> <span class='ocrx_word' id='word_1_34' title='bbox 392 310 503 346; x_wconf 79' lang='grc' dir='ltr'><strong>λυθῆναι</strong></span> <span class='ocrx_word' id='word_1_35' title='bbox 515 310 602 348; x_wconf 83' lang='grc' dir='ltr'>ταύτῃ</span> <span class='ocrx_word' id='word_1_36' title='bbox 616 311 661 338; x_wconf 78' lang='grc' dir='ltr'>τὸν</span> <span class='ocrx_word' id='word_1_37' title='bbox 672 311 799 346; x_wconf 84' lang='grc' dir='ltr'>πόλεμον.</span> <span class='ocrx_word' id='word_1_38' title='bbox 815 311 923 346; x_wconf 80' lang='grc' dir='ltr'>Ταύτης</span> <span class='ocrx_word' id='word_1_39' title='bbox 933 310 984 345; x_wconf 79' lang='grc' dir='ltr'>τῆς</span> 
     </span>
    </p>
   </div>
   <div class='ocr_carea' id='block_1_8' title="bbox 198 355 982 392">
    <p class='ocr_par' dir='ltr' id='par_1_8' title="bbox 198 355 982 392">
     <span class='ocr_line' id='line_1_8' title="bbox 198 355 982 392; baseline 0 -10"><span class='ocrx_word' id='word_1_40' title='bbox 198 356 318 387; x_wconf 65' lang='grc' dir='ltr'>ἐπινοίας</span> <span class='ocrx_word' id='word_1_41' title='bbox 334 355 449 388; x_wconf 77' lang='grc' dir='ltr'>δέδοικα,</span> <span class='ocrx_word' id='word_1_42' title='bbox 465 355 502 392; x_wconf 88' lang='grc' dir='ltr'>μὴ</span> <span class='ocrx_word' id='word_1_43' title='bbox 519 357 566 383; x_wconf 77' lang='grc' dir='ltr'>καὶ</span> <span class='ocrx_word' id='word_1_44' title='bbox 585 356 666 388; x_wconf 72' lang='grc' dir='ltr'>αὐτὸς</span> <span class='ocrx_word' id='word_1_45' title='bbox 684 356 818 391; x_wconf 81' lang='grc' dir='ltr'><strong>ἐγενόμην</strong></span> <span class='ocrx_word' id='word_1_46' title='bbox 834 356 982 391; x_wconf 80' lang='grc' dir='ltr'>πάρεργον.</span> 
     </span>
    </p>
   </div>
   <div class='ocr_carea' id='block_1_9' title="bbox 199 400 983 440">
    <p class='ocr_par' dir='ltr' id='par_1_9' title="bbox 199 400 983 440">
     <span class='ocr_line' id='line_1_9' title="bbox 199 400 983 440; baseline 0 -12"><span class='ocrx_word' id='word_1_47' title='bbox 199 402 234 429; x_wconf 85' lang='grc' dir='ltr'><em>Ἦ</em></span> <span class='ocrx_word' id='word_1_48' title='bbox 248 403 298 428; x_wconf 86' lang='grc' dir='ltr'>οὑκ</span> <span class='ocrx_word' id='word_1_49' title='bbox 309 400 358 428; x_wconf 80' lang='grc' dir='ltr'>οἷδ’</span> <span class='ocrx_word' id='word_1_50' title='bbox 374 402 388 428; x_wconf 84' lang='grc' dir='ltr'><strong>ὅ</strong></span> <span class='ocrx_word' id='word_1_51' title='bbox 399 411 426 428; x_wconf 91' lang='grc' dir='ltr'><strong>τι</strong></span> <span class='ocrx_word' id='word_1_52' title='bbox 440 403 583 440; x_wconf 32' lang='grc' dir='ltr'>καὶιεὶπεῖν</span> <span class='ocrx_word' id='word_1_53' title='bbox 597 402 730 438; x_wconf 83' lang='grc' dir='ltr'>εὐτρεπὲς</span> <span class='ocrx_word' id='word_1_54' title='bbox 745 402 801 437; x_wconf 87' lang='lat'><strong>(78)</strong></span> <span class='ocrx_word' id='word_1_55' title='bbox 819 402 983 438; x_wconf 61' lang='grc' dir='ltr'>χρήιηάντα</span> 
     </span>
    </p>
   </div>
   <div class='ocr_carea' id='block_1_10' title="bbox 198 447 983 484">
    <p class='ocr_par' dir='ltr' id='par_1_10' title="bbox 198 447 983 484">
     <span class='ocr_line' id='line_1_10' title="bbox 198 447 983 484; baseline -0.003 -9"><span class='ocrx_word' id='word_1_56' title='bbox 198 449 253 484; x_wconf 82' lang='grc' dir='ltr'><strong>γὰρ</strong></span> <span class='ocrx_word' id='word_1_57' title='bbox 265 447 312 475; x_wconf 89' lang='grc' dir='ltr'><strong>τοῦ</strong></span> <span class='ocrx_word' id='word_1_58' title='bbox 339 447 435 484; x_wconf 81' lang='grc' dir='ltr'>ἀνδρὸς</span> <span class='ocrx_word' id='word_1_59' title='bbox 462 448 619 484; x_wconf 75' lang='grc' dir='ltr'><strong>θαυμάζων,</strong></span> <span class='ocrx_word' id='word_1_60' title='bbox 635 447 765 484; x_wconf 79' lang='grc' dir='ltr'><strong>οὐμενοῦν</strong></span> <span class='ocrx_word' id='word_1_61' title='bbox 783 448 879 474; x_wconf 79' lang='grc' dir='ltr'><strong>ὁπόσον</strong></span> <span class='ocrx_word' id='word_1_62' title='bbox 897 449 983 474; x_wconf 77' lang='grc' dir='ltr'>εἰπεῖν</span> 
     </span>
    </p>
   </div>
   <div class='ocr_carea' id='block_1_11' title="bbox 197 494 984 529">
    <p class='ocr_par' dir='ltr' id='par_1_11' title="bbox 197 494 984 529">
     <span class='ocr_line' id='line_1_11' title="bbox 197 494 984 529; baseline -0.003 -7"><span class='ocrx_word' id='word_1_63' title='bbox 197 495 322 527; x_wconf 75' lang='grc' dir='ltr'>δυνατὸν,</span> <span class='ocrx_word' id='word_1_64' title='bbox 340 495 369 521; x_wconf 86' lang='grc' dir='ltr'>ἓν</span> <span class='ocrx_word' id='word_1_65' title='bbox 383 494 462 521; x_wconf 84' lang='grc' dir='ltr'>τοῦτο</span> <span class='ocrx_word' id='word_1_66' title='bbox 474 495 594 521; x_wconf 82' lang='grc' dir='ltr'>ὲπαινεῖν</span> <span class='ocrx_word' id='word_1_67' title='bbox 607 494 655 521; x_wconf 79' lang='grc' dir='ltr'>οὐκ</span> <span class='ocrx_word' id='word_1_68' title='bbox 673 494 727 529; x_wconf 75' lang='grc' dir='ltr'><strong>ἔχω</strong></span> <span class='ocrx_word' id='word_1_69' title='bbox 740 494 798 525; x_wconf 76' lang='grc' dir='ltr'>(καὶ</span> <span class='ocrx_word' id='word_1_70' title='bbox 810 494 864 529; x_wconf 79' lang='grc' dir='ltr'>γὰρ</span> <span class='ocrx_word' id='word_1_71' title='bbox 889 494 984 528; x_wconf 81' lang='grc' dir='ltr'>ὁμολο-</span> 
     </span>
    </p>
   </div>
   <div class='ocr_carea' id='block_1_12' title="bbox 196 538 984 576">
    <p class='ocr_par' dir='ltr' id='par_1_12' title="bbox 196 538 984 576">
     <span class='ocr_line' id='line_1_12' title="bbox 196 538 984 576; baseline -0.003 -9"><span class='ocrx_word' id='word_1_72' title='bbox 196 542 275 576; x_wconf 86' lang='grc' dir='ltr'>γήσω</span> <span class='ocrx_word' id='word_1_73' title='bbox 297 541 328 567; x_wconf 80' lang='grc' dir='ltr'><strong>τὺ</strong></span> <span class='ocrx_word' id='word_1_74' title='bbox 344 539 450 575; x_wconf 76' lang='grc' dir='ltr'>πάθος),</span> <span class='ocrx_word' id='word_1_75' title='bbox 465 540 525 567; x_wconf 80' lang='grc' dir='ltr'>οὐδὲ</span> <span class='ocrx_word' id='word_1_76' title='bbox 540 539 627 571; x_wconf 77' lang='grc' dir='ltr'>ἄλλως</span> <span class='ocrx_word' id='word_1_77' title='bbox 642 541 697 571; x_wconf 85' lang='grc' dir='ltr'>τοῖς</span> <span class='ocrx_word' id='word_1_78' title='bbox 714 539 820 570; x_wconf 87' lang='grc' dir='ltr'>πολλοῖς</span> <span class='ocrx_word' id='word_1_79' title='bbox 836 538 984 574; x_wconf 83' lang='grc' dir='ltr'>ἀγνοούμε-</span> 
     </span>
    </p>
   </div>
   <div class='ocr_carea' id='block_1_13' title="bbox 197 584 981 622">
    <p class='ocr_par' dir='ltr' id='par_1_13' title="bbox 197 584 981 622">
     <span class='ocr_line' id='line_1_13' title="bbox 197 584 981 622; baseline -0.004 -9"><span class='ocrx_word' id='word_1_80' title='bbox 197 595 251 617; x_wconf 87' lang='grc' dir='ltr'>νον,</span> <span class='ocrx_word' id='word_1_81' title='bbox 271 586 322 622; x_wconf 83' lang='grc' dir='ltr'>τὴν</span> <span class='ocrx_word' id='word_1_82' title='bbox 343 586 408 621; x_wconf 75' lang='grc' dir='ltr'>περ).</span> <span class='ocrx_word' id='word_1_83' title='bbox 427 586 501 621; x_wconf 77' lang='grc' dir='ltr'>ἡμᾶς</span> <span class='ocrx_word' id='word_1_84' title='bbox 516 585 691 621; x_wconf 77' lang='grc' dir='ltr'>καινοτομίαν</span> <span class='ocrx_word' id='word_1_85' title='bbox 707 586 754 612; x_wconf 77' lang='grc' dir='ltr'>καὶ</span> <span class='ocrx_word' id='word_1_86' title='bbox 770 584 897 612; x_wconf 79' lang='grc' dir='ltr'><strong>ἀπιστίαν</strong></span> <span class='ocrx_word' id='word_1_87' title='bbox 914 584 981 619; x_wconf 79' lang='grc'>(79),</span> 
     </span>
    </p>
   </div>
   <div class='ocr_carea' id='block_1_14' title="bbox 196 629 982 668">
    <p class='ocr_par' dir='ltr' id='par_1_14' title="bbox 196 629 982 668">
     <span class='ocr_line' id='line_1_14' title="bbox 196 629 982 668; baseline -0.003 -10"><span class='ocrx_word' id='word_1_88' title='bbox 196 629 230 668; x_wconf 84' lang='grc' dir='ltr'><strong>ἧς</strong></span> <span class='ocrx_word' id='word_1_89' title='bbox 243 632 302 658; x_wconf 79' lang='grc' dir='ltr'>οὐδὲ</span> <span class='ocrx_word' id='word_1_90' title='bbox 316 632 330 658; x_wconf 84' lang='grc'>6</span> <span class='ocrx_word' id='word_1_91' title='bbox 343 631 438 668; x_wconf 84' lang='grc' dir='ltr'>χρόνος</span> <span class='ocrx_word' id='word_1_92' title='bbox 453 631 502 666; x_wconf 81' lang='grc' dir='ltr'>τὴν</span> <span class='ocrx_word' id='word_1_93' title='bbox 521 631 610 667; x_wconf 83' lang='grc' dir='ltr'>λύπην</span> <span class='ocrx_word' id='word_1_94' title='bbox 622 630 771 657; x_wconf 79' lang='grc' dir='ltr'><strong>ἀνάλωσεν.</strong></span> <span class='ocrx_word' id='word_1_95' title='bbox 792 630 910 657; x_wconf 73' lang='grc' dir='ltr'>Ἐκεῖθεν</span> <span class='ocrx_word' id='word_1_96' title='bbox 928 631 982 665; x_wconf 82' lang='grc' dir='ltr'>γάρ</span> 
     </span>
    </p>
   </div>
   <div class='ocr_carea' id='block_1_15' title="bbox 199 675 983 712">
    <p class='ocr_par' dir='ltr' id='par_1_15' title="bbox 199 675 983 712">
     <span class='ocr_line' id='line_1_15' title="bbox 199 675 983 712; baseline -0.001 -9"><span class='ocrx_word' id='word_1_97' title='bbox 199 686 243 712; x_wconf 89' lang='grc' dir='ltr'><strong>μοι</strong></span> <span class='ocrx_word' id='word_1_98' title='bbox 263 677 338 703; x_wconf 80' lang='grc' dir='ltr'>πᾶσα</span> <span class='ocrx_word' id='word_1_99' title='bbox 364 677 513 703; x_wconf 82' lang='grc' dir='ltr'><strong>συνέπεσεν</strong></span> <span class='ocrx_word' id='word_1_100' title='bbox 536 676 553 711; x_wconf 88' lang='grc' dir='ltr'>ἡ</span> <span class='ocrx_word' id='word_1_101' title='bbox 569 675 633 710; x_wconf 79' lang='grc' dir='ltr'>περὶ</span> <span class='ocrx_word' id='word_1_102' title='bbox 647 675 692 702; x_wconf 82' lang='grc' dir='ltr'>τὸν</span> <span class='ocrx_word' id='word_1_103' title='bbox 707 675 763 710; x_wconf 83' lang='grc' dir='ltr'>βὶον</span> <span class='ocrx_word' id='word_1_104' title='bbox 780 675 922 711; x_wconf 82' lang='grc' dir='ltr'>ἀνωμαλία</span> <span class='ocrx_word' id='word_1_105' title='bbox 936 675 983 702; x_wconf 78' lang='grc' dir='ltr'>καὶ</span> 
     </span>
    </p>
   </div>
   <div class='ocr_carea' id='block_1_16' title="bbox 198 721 983 757">
    <p class='ocr_par' dir='ltr' id='par_1_16' title="bbox 198 721 983 757">
     <span class='ocr_line' id='line_1_16' title="bbox 198 721 983 757; baseline 0 -9"><span class='ocrx_word' id='word_1_106' title='bbox 198 722 339 757; x_wconf 79' lang='grc' dir='ltr'>σύγχυσις,</span> <span class='ocrx_word' id='word_1_107' title='bbox 353 721 400 748; x_wconf 79' lang='grc' dir='ltr'>καὶ</span> <span class='ocrx_word' id='word_1_108' title='bbox 415 722 446 748; x_wconf 84' lang='grc' dir='ltr'>τὸ</span> <span class='ocrx_word' id='word_1_109' title='bbox 459 722 613 757; x_wconf 77' lang='grc' dir='ltr'>φιλοσοφεῖν</span> <span class='ocrx_word' id='word_1_110' title='bbox 626 721 663 756; x_wconf 86' lang='grc' dir='ltr'>μὴ</span> <span class='ocrx_word' id='word_1_111' title='bbox 677 721 834 757; x_wconf 81' lang='grc' dir='ltr'>δυνηθῆναι,</span> <span class='ocrx_word' id='word_1_112' title='bbox 850 722 866 756; x_wconf 86' lang='grc' dir='ltr'>ἢ</span> <span class='ocrx_word' id='word_1_113' title='bbox 886 721 924 756; x_wconf 87' lang='grc' dir='ltr'>μὴ</span> <span class='ocrx_word' id='word_1_114' title='bbox 941 730 983 748; x_wconf 85' lang='grc' dir='ltr'>νο-</span> 
     </span>
    </p>
   </div>
   <div class='ocr_carea' id='block_1_17' title="bbox 199 766 983 802">
    <p class='ocr_par' dir='ltr' id='par_1_17' title="bbox 199 766 983 802">
     <span class='ocr_line' id='line_1_17' title="bbox 199 766 983 802; baseline -0.001 -9"><span class='ocrx_word' id='word_1_115' title='bbox 199 766 334 802; x_wconf 75' lang='grc' dir='ltr'>μίζεσθαι,</span> <span class='ocrx_word' id='word_1_116' title='bbox 359 768 382 793; x_wconf 86' lang='grc' dir='ltr'>εἰ</span> <span class='ocrx_word' id='word_1_117' title='bbox 397 767 444 793; x_wconf 78' lang='grc' dir='ltr'>καὶ</span> <span class='ocrx_word' id='word_1_118' title='bbox 468 767 570 802; x_wconf 86' lang='grc' dir='ltr'>βραχὺς</span> <span class='ocrx_word' id='word_1_119' title='bbox 584 767 631 793; x_wconf 80' lang='grc' dir='ltr'><strong>τοῦ</strong></span> <span class='ocrx_word' id='word_1_120' title='bbox 650 766 776 802; x_wconf 82' lang='grc' dir='ltr'><strong>δευτέρου</strong></span> <span class='ocrx_word' id='word_1_121' title='bbox 794 766 872 800; x_wconf 83' lang='grc' dir='ltr'>λόγος</span> <span class='ocrx_word' id='word_1_122' title='bbox 884 775 890 782; x_wconf 90' lang='grc'><strong>·</strong></span> <span class='ocrx_word' id='word_1_123' title='bbox 915 766 983 802; x_wconf 84' lang='grc' dir='ltr'>πλὴν</span> 
     </span>
    </p>
   </div>
   <div class='ocr_carea' id='block_1_18' title="bbox 196 812 984 848">
    <p class='ocr_par' dir='ltr' id='par_1_18' title="bbox 196 812 984 848">
     <span class='ocr_line' id='line_1_18' title="bbox 196 812 984 848; baseline -0.001 -9"><span class='ocrx_word' id='word_1_124' title='bbox 196 813 274 844; x_wconf 80' lang='grc' dir='ltr'>εἴτις</span> <span class='ocrx_word' id='word_1_125' title='bbox 299 814 386 839; x_wconf 79' lang='grc' dir='ltr'>ἐκεῖνο</span> <span class='ocrx_word' id='word_1_126' title='bbox 409 813 514 846; x_wconf 81' lang='grc' dir='ltr'>δέξαιτο</span> <span class='ocrx_word' id='word_1_127' title='bbox 523 833 529 845; x_wconf 94' lang='grc'><strong>,</strong></span> <span class='ocrx_word' id='word_1_128' title='bbox 555 812 634 848; x_wconf 79' lang='grc' dir='ltr'>ἡμῶν</span> <span class='ocrx_word' id='word_1_129' title='bbox 648 812 695 838; x_wconf 84' lang='grc' dir='ltr'><strong>τοῦ</strong></span> <span class='ocrx_word' id='word_1_130' title='bbox 709 812 804 847; x_wconf 74' lang='grc' dir='ltr'>ἀνδρὸς</span> <span class='ocrx_word' id='word_1_131' title='bbox 818 812 984 848; x_wconf 78' lang='grc' dir='ltr'>ὑπεραπολο-</span> 
     </span>
    </p>
   </div>
   <div class='ocr_carea' id='block_1_19' title="bbox 195 856 982 894">
    <p class='ocr_par' dir='ltr' id='par_1_19' title="bbox 195 856 982 894">
     <span class='ocr_line' id='line_1_19' title="bbox 195 856 982 894; baseline -0.004 -9"><span class='ocrx_word' id='word_1_132' title='bbox 195 858 348 894; x_wconf 82' lang='grc' dir='ltr'>γουμένων,</span> <span class='ocrx_word' id='word_1_133' title='bbox 378 858 418 885; x_wconf 81' lang='grc' dir='ltr'>ὅτι</span> <span class='ocrx_word' id='word_1_134' title='bbox 436 857 521 892; x_wconf 80' lang='grc' dir='ltr'>μείζω</span> <span class='ocrx_word' id='word_1_135' title='bbox 545 857 668 892; x_wconf 73' lang='grc' dir='ltr'>φρονῶν,</span> <span class='ocrx_word' id='word_1_136' title='bbox 689 856 704 892; x_wconf 82' lang='grc' dir='ltr'><strong>ἦ</strong></span> <span class='ocrx_word' id='word_1_137' title='bbox 728 856 799 883; x_wconf 77' lang='grc' dir='ltr'>κατὰ</span> <span class='ocrx_word' id='word_1_138' title='bbox 818 856 851 883; x_wconf 70' lang='grc' dir='ltr'><strong>τὰ</strong></span> <span class='ocrx_word' id='word_1_139' title='bbox 875 856 982 891; x_wconf 77' lang='grc' dir='ltr'><strong>ἀνθρώ-</strong></span> 
     </span>
    </p>
   </div>
   <div class='ocr_carea' id='block_1_20' title="bbox 1036 263 1819 301">
    <p class='ocr_par' dir='ltr' id='par_1_20' title="bbox 1036 263 1819 301">
     <span class='ocr_line' id='line_1_20' title="bbox 1036 263 1819 301; baseline -0.001 -7"><span class='ocrx_word' id='word_1_140' title='bbox 1036 267 1162 294; x_wconf 88' lang='lat' dir='ltr'><strong>nimirum</strong></span> <span class='ocrx_word' id='word_1_141' title='bbox 1190 266 1313 301; x_wconf 84' lang='lat' dir='ltr'><strong>pluribus</strong></span> <span class='ocrx_word' id='word_1_142' title='bbox 1340 263 1472 299; x_wconf 81' lang='lat' dir='ltr'><strong>episcopis</strong></span> <span class='ocrx_word' id='word_1_143' title='bbox 1495 264 1670 291; x_wconf 87' lang='lat' dir='ltr'><strong>communita.</strong></span> <span class='ocrx_word' id='word_1_144' title='bbox 1701 264 1739 292; x_wconf 81' lang='lat' dir='ltr'><strong>Ex</strong></span> <span class='ocrx_word' id='word_1_145' title='bbox 1764 273 1819 301; x_wconf 87' lang='lat' dir='ltr'><strong>quo</strong></span> 
     </span>
    </p>
   </div>
   <div class='ocr_carea' id='block_1_21' title="bbox 1035 307 1819 347">
    <p class='ocr_par' dir='ltr' id='par_1_21' title="bbox 1035 307 1819 347">
     <span class='ocr_line' id='line_1_21' title="bbox 1035 307 1819 347; baseline -0.004 -7"><span class='ocrx_word' id='word_1_146' title='bbox 1035 317 1089 340; x_wconf 88' lang='lat' dir='ltr'><strong>tres</strong></span> <span class='ocrx_word' id='word_1_147' title='bbox 1098 311 1310 347; x_wconf 72' lang='lat' dir='ltr'><strong>praeclarissime</strong></span> <span class='ocrx_word' id='word_1_148' title='bbox 1324 317 1367 337; x_wconf 87' lang='lat' dir='ltr'><strong>res</strong></span> <span class='ocrx_word' id='word_1_149' title='bbox 1384 313 1484 336; x_wconf 69' lang='lat' dir='ltr'><strong>secuta:</strong></span> <span class='ocrx_word' id='word_1_150' title='bbox 1498 313 1572 335; x_wconf 86' lang='lat' dir='ltr'><strong>sunt.</strong></span> <span class='ocrx_word' id='word_1_151' title='bbox 1593 307 1659 335; x_wconf 83' lang='lat' dir='ltr'><strong>Nam</strong></span> <span class='ocrx_word' id='word_1_152' title='bbox 1677 313 1704 336; x_wconf 90' lang='lat' dir='ltr'><strong>et</strong></span> <span class='ocrx_word' id='word_1_153' title='bbox 1716 310 1819 338; x_wconf 82' lang='lat' dir='ltr'><strong>anima-</strong></span> 
     </span>
    </p>
   </div>
   <div class='ocr_carea' id='block_1_22' title="bbox 1034 354 1819 390">
    <p class='ocr_par' dir='ltr' id='par_1_22' title="bbox 1034 354 1819 390">
     <span class='ocr_line' id='line_1_22' title="bbox 1034 354 1819 390; baseline -0.001 -5"><span class='ocrx_word' id='word_1_154' title='bbox 1034 366 1093 385; x_wconf 90' lang='lat' dir='ltr'><strong>rum</strong></span> <span class='ocrx_word' id='word_1_155' title='bbox 1109 365 1173 384; x_wconf 82' lang='lat' dir='ltr'><strong>cura</strong></span> <span class='ocrx_word' id='word_1_156' title='bbox 1187 356 1271 390; x_wconf 81' lang='lat' dir='ltr'><strong>major</strong></span> <span class='ocrx_word' id='word_1_157' title='bbox 1301 359 1424 389; x_wconf 64' lang='lat' dir='ltr'><strong>suscepta</strong></span> <span class='ocrx_word' id='word_1_158' title='bbox 1446 359 1487 380; x_wconf 91' lang='lat' dir='ltr'><strong>est</strong></span> <span class='ocrx_word' id='word_1_159' title='bbox 1503 363 1509 381; x_wconf 90' lang='lat'><strong>:</strong></span> <span class='ocrx_word' id='word_1_160' title='bbox 1523 358 1550 380; x_wconf 88' lang='lat' dir='ltr'><strong>et</strong></span> <span class='ocrx_word' id='word_1_161' title='bbox 1574 354 1699 388; x_wconf 72' lang='lat' dir='ltr'><strong>qutelibet</strong></span> <span class='ocrx_word' id='word_1_162' title='bbox 1723 355 1819 384; x_wconf 87' lang='lat' dir='ltr'><strong>civitas</strong></span> 
     </span>
    </p>
   </div>
   <div class='ocr_carea' id='block_1_23' title="bbox 1034 399 1818 438">
    <p class='ocr_par' dir='ltr' id='par_1_23' title="bbox 1034 399 1818 438">
     <span class='ocr_line' id='line_1_23' title="bbox 1034 399 1818 438; baseline -0.003 -8"><span class='ocrx_word' id='word_1_163' title='bbox 1034 407 1179 438; x_wconf 86' lang='lat' dir='ltr'><strong>proventus</strong></span> <span class='ocrx_word' id='word_1_164' title='bbox 1202 409 1265 428; x_wconf 87' lang='lat' dir='ltr'><strong>suos</strong></span> <span class='ocrx_word' id='word_1_165' title='bbox 1290 400 1385 428; x_wconf 83' lang='lat' dir='ltr'><strong>habuit</strong></span> <span class='ocrx_word' id='word_1_166' title='bbox 1412 409 1419 427; x_wconf 91' lang='lat'>:</span> <span class='ocrx_word' id='word_1_167' title='bbox 1449 403 1477 426; x_wconf 87' lang='lat' dir='ltr'><strong>et</strong></span> <span class='ocrx_word' id='word_1_168' title='bbox 1501 399 1600 426; x_wconf 88' lang='lat' dir='ltr'><strong>bellum</strong></span> <span class='ocrx_word' id='word_1_169' title='bbox 1630 399 1680 426; x_wconf 78' lang='lat' dir='ltr'><strong>hac</strong></span> <span class='ocrx_word' id='word_1_170' title='bbox 1711 400 1818 428; x_wconf 80' lang='lat' dir='ltr'><strong>ratione</strong></span> 
     </span>
    </p>
   </div>
   <div class='ocr_carea' id='block_1_24' title="bbox 1036 443 1819 481">
    <p class='ocr_par' dir='ltr' id='par_1_24' title="bbox 1036 443 1819 481">
     <span class='ocr_line' id='line_1_24' title="bbox 1036 443 1819 481; baseline -0.004 -7"><span class='ocrx_word' id='word_1_171' title='bbox 1036 454 1220 481; x_wconf 74' lang='lat' dir='ltr'><strong>compressum</strong></span> <span class='ocrx_word' id='word_1_172' title='bbox 1236 450 1262 472; x_wconf 89' lang='lat' dir='ltr'><strong>et</strong></span> <span class='ocrx_word' id='word_1_173' title='bbox 1272 445 1434 472; x_wconf 83' lang='lat' dir='ltr'><strong>exstinctum</strong></span> <span class='ocrx_word' id='word_1_174' title='bbox 1446 448 1497 471; x_wconf 84' lang='lat' dir='ltr'><strong>est.</strong></span> <span class='ocrx_word' id='word_1_175' title='bbox 1509 443 1592 477; x_wconf 81' lang='lat' dir='ltr'><strong>Hujus</strong></span> <span class='ocrx_word' id='word_1_176' title='bbox 1605 443 1709 471; x_wconf 84' lang='lat' dir='ltr'><strong>consilii</strong></span> <span class='ocrx_word' id='word_1_177' title='bbox 1724 452 1819 473; x_wconf 84' lang='lat' dir='ltr'><strong>vereor</strong></span> 
     </span>
    </p>
   </div>
   <div class='ocr_carea' id='block_1_25' title="bbox 1035 489 1820 526">
    <p class='ocr_par' dir='ltr' id='par_1_25' title="bbox 1035 489 1820 526">
     <span class='ocr_line' id='line_1_25' title="bbox 1035 489 1820 526; baseline -0.003 -6"><span class='ocrx_word' id='word_1_178' title='bbox 1035 501 1068 520; x_wconf 90' lang='lat' dir='ltr'><strong>ne</strong></span> <span class='ocrx_word' id='word_1_179' title='bbox 1096 491 1170 519; x_wconf 87' lang='lat' dir='ltr'><strong>velut</strong></span> <span class='ocrx_word' id='word_1_180' title='bbox 1199 490 1332 526; x_wconf 80' lang='lat' dir='ltr'><strong>appendix</strong></span> <span class='ocrx_word' id='word_1_181' title='bbox 1361 490 1481 524; x_wconf 78' lang='lat' dir='ltr'><strong>quzedam</strong></span> <span class='ocrx_word' id='word_1_182' title='bbox 1509 489 1566 522; x_wconf 88' lang='lat' dir='ltr'><strong>ipse</strong></span> <span class='ocrx_word' id='word_1_183' title='bbox 1592 489 1700 517; x_wconf 78' lang='lat' dir='ltr'><strong>fuerim.</strong></span> <span class='ocrx_word' id='word_1_184' title='bbox 1728 489 1820 525; x_wconf 80' lang='lat' dir='ltr'><strong>Neque</strong></span> 
     </span>
    </p>
   </div>
   <div class='ocr_carea' id='block_1_26' title="bbox 1033 535 1819 570">
    <p class='ocr_par' dir='ltr' id='par_1_26' title="bbox 1033 535 1819 570">
     <span class='ocr_line' id='line_1_26' title="bbox 1033 535 1819 570; baseline -0.003 -5"><span class='ocrx_word' id='word_1_185' title='bbox 1033 539 1105 565; x_wconf 87' lang='lat' dir='ltr'><strong>enim</strong></span> <span class='ocrx_word' id='word_1_186' title='bbox 1122 537 1262 565; x_wconf 78' lang='lat' dir='ltr'><strong>honestius</strong></span> <span class='ocrx_word' id='word_1_187' title='bbox 1277 543 1309 564; x_wconf 86' lang='lat' dir='ltr'><strong>ac</strong></span> <span class='ocrx_word' id='word_1_188' title='bbox 1326 535 1473 570; x_wconf 84' lang='lat' dir='ltr'><strong>speciosius</strong></span> <span class='ocrx_word' id='word_1_189' title='bbox 1490 536 1613 568; x_wconf 82' lang='lat' dir='ltr'><strong>verbum,</strong></span> <span class='ocrx_word' id='word_1_190' title='bbox 1625 543 1678 570; x_wconf 88' lang='lat' dir='ltr'><strong>quo</strong></span> <span class='ocrx_word' id='word_1_191' title='bbox 1689 540 1759 568; x_wconf 87' lang='lat' dir='ltr'><strong>utar.</strong></span> <span class='ocrx_word' id='word_1_192' title='bbox 1772 544 1819 564; x_wconf 89' lang='lat' dir='ltr'><strong>oc-</strong></span> 
     </span>
    </p>
   </div>
   <div class='ocr_carea' id='block_1_27' title="bbox 1033 581 1821 614">
    <p class='ocr_par' dir='ltr' id='par_1_27' title="bbox 1033 581 1821 614">
     <span class='ocr_line' id='line_1_27' title="bbox 1033 581 1821 614; baseline -0.004 -2"><span class='ocrx_word' id='word_1_193' title='bbox 1033 585 1128 613; x_wconf 88' lang='lat' dir='ltr'><strong>currit.</strong></span> <span class='ocrx_word' id='word_1_194' title='bbox 1142 583 1208 610; x_wconf 83' lang='lat' dir='ltr'><strong>Nam</strong></span> <span class='ocrx_word' id='word_1_195' title='bbox 1221 590 1281 610; x_wconf 91' lang='lat' dir='ltr'><strong>cum</strong></span> <span class='ocrx_word' id='word_1_196' title='bbox 1297 587 1394 609; x_wconf 77' lang='lat' dir='ltr'><strong>cmtera</strong></span> <span class='ocrx_word' id='word_1_197' title='bbox 1408 581 1498 608; x_wconf 83' lang='lat' dir='ltr'><strong>omnia</strong></span> <span class='ocrx_word' id='word_1_198' title='bbox 1512 581 1591 614; x_wconf 85' lang='lat' dir='ltr'><strong>hujus</strong></span> <span class='ocrx_word' id='word_1_199' title='bbox 1606 581 1655 608; x_wconf 80' lang='lat' dir='ltr'><strong>viri</strong></span> <span class='ocrx_word' id='word_1_200' title='bbox 1678 581 1760 614; x_wconf 81' lang='lat' dir='ltr'><strong>facta,</strong></span> <span class='ocrx_word' id='word_1_201' title='bbox 1775 589 1821 610; x_wconf 87' lang='lat' dir='ltr'><strong>su-</strong></span> 
     </span>
    </p>
   </div>
   <div class='ocr_carea' id='block_1_28' title="bbox 1035 626 1822 666">
    <p class='ocr_par' dir='ltr' id='par_1_28' title="bbox 1035 626 1822 666">
     <span class='ocr_line' id='line_1_28' title="bbox 1035 626 1822 666; baseline -0.003 -10"><span class='ocrx_word' id='word_1_202' title='bbox 1035 637 1081 666; x_wconf 89' lang='lat' dir='ltr'><strong>pra</strong></span> <span class='ocrx_word' id='word_1_203' title='bbox 1094 637 1174 664; x_wconf 88' lang='lat' dir='ltr'><strong>quam</strong></span> <span class='ocrx_word' id='word_1_204' title='bbox 1205 628 1257 655; x_wconf 86' lang='lat' dir='ltr'><strong>dici</strong></span> <span class='ocrx_word' id='word_1_205' title='bbox 1282 632 1374 662; x_wconf 84' lang='lat' dir='ltr'><strong>queat,</strong></span> <span class='ocrx_word' id='word_1_206' title='bbox 1391 627 1518 658; x_wconf 83' lang='lat' dir='ltr'><strong>admirer,</strong></span> <span class='ocrx_word' id='word_1_207' title='bbox 1534 634 1615 652; x_wconf 93' lang='lat' dir='ltr'><strong>unum</strong></span> <span class='ocrx_word' id='word_1_208' title='bbox 1639 626 1690 653; x_wconf 89' lang='lat' dir='ltr'><strong>hoc</strong></span> <span class='ocrx_word' id='word_1_209' title='bbox 1710 626 1822 654; x_wconf 81' lang='lat' dir='ltr'><strong>laudare</strong></span> 
     </span>
    </p>
   </div>
   <div class='ocr_carea' id='block_1_29' title="bbox 1035 671 1822 708">
    <p class='ocr_par' dir='ltr' id='par_1_29' title="bbox 1035 671 1822 708">
     <span class='ocr_line' id='line_1_29' title="bbox 1035 671 1822 708; baseline -0.004 -7"><span class='ocrx_word' id='word_1_210' title='bbox 1035 681 1138 708; x_wconf 83' lang='lat' dir='ltr'><strong>nequeo</strong></span> <span class='ocrx_word' id='word_1_211' title='bbox 1154 672 1284 704; x_wconf 85' lang='lat' dir='ltr'><strong>(dolorem</strong></span> <span class='ocrx_word' id='word_1_212' title='bbox 1300 672 1372 700; x_wconf 89' lang='lat' dir='ltr'><strong>enim</strong></span> <span class='ocrx_word' id='word_1_213' title='bbox 1397 671 1555 704; x_wconf 73' lang='lat' dir='ltr'><strong>confitebor,</strong></span> <span class='ocrx_word' id='word_1_214' title='bbox 1576 671 1675 705; x_wconf 86' lang='lat' dir='ltr'><strong>alioqui</strong></span> <span class='ocrx_word' id='word_1_215' title='bbox 1690 679 1740 699; x_wconf 91' lang='lat' dir='ltr'><strong>nec</strong></span> <span class='ocrx_word' id='word_1_216' title='bbox 1752 671 1822 699; x_wconf 87' lang='lat' dir='ltr'><strong>mul-</strong></span> 
     </span>
    </p>
   </div>
   <div class='ocr_carea' id='block_1_30' title="bbox 1036 717 1821 753">
    <p class='ocr_par' dir='ltr' id='par_1_30' title="bbox 1036 717 1821 753">
     <span class='ocr_line' id='line_1_30' title="bbox 1036 717 1821 753; baseline -0.001 -7"><span class='ocrx_word' id='word_1_217' title='bbox 1036 720 1069 746; x_wconf 85' lang='lat' dir='ltr'><strong>lis</strong></span> <span class='ocrx_word' id='word_1_218' title='bbox 1095 718 1281 753; x_wconf 82' lang='lat' dir='ltr'><strong>incognitum),</strong></span> <span class='ocrx_word' id='word_1_219' title='bbox 1309 725 1368 744; x_wconf 89' lang='lat' dir='ltr'><strong>eam</strong></span> <span class='ocrx_word' id='word_1_220' title='bbox 1396 717 1627 751; x_wconf 87' lang='lat' dir='ltr'><strong>nimirum,quam</strong></span> <span class='ocrx_word' id='word_1_221' title='bbox 1645 718 1671 744; x_wconf 88' lang='lat' dir='ltr'><strong>in</strong></span> <span class='ocrx_word' id='word_1_222' title='bbox 1685 725 1733 745; x_wconf 93' lang='lat' dir='ltr'><strong>nos</strong></span> <span class='ocrx_word' id='word_1_223' title='bbox 1744 718 1821 745; x_wconf 80' lang='lat' dir='ltr'><strong>adhi—</strong></span> 
     </span>
    </p>
   </div>
   <div class='ocr_carea' id='block_1_31' title="bbox 1034 762 1822 797">
    <p class='ocr_par' dir='ltr' id='par_1_31' title="bbox 1034 762 1822 797">
     <span class='ocr_line' id='line_1_31' title="bbox 1034 762 1822 797; baseline 0.001 -6"><span class='ocrx_word' id='word_1_224' title='bbox 1034 765 1100 797; x_wconf 89' lang='lat' dir='ltr'><strong>buit,</strong></span> <span class='ocrx_word' id='word_1_225' title='bbox 1116 764 1288 791; x_wconf 87' lang='lat' dir='ltr'><strong>novationcm</strong></span> <span class='ocrx_word' id='word_1_226' title='bbox 1314 771 1346 790; x_wconf 86' lang='lat' dir='ltr'><strong>ac</strong></span> <span class='ocrx_word' id='word_1_227' title='bbox 1370 762 1522 797; x_wconf 79' lang='lat' dir='ltr'><strong>perﬁdiam.</strong></span> <span class='ocrx_word' id='word_1_228' title='bbox 1540 763 1615 796; x_wconf 89' lang='lat' dir='ltr'><strong>cujus</strong></span> <span class='ocrx_word' id='word_1_229' title='bbox 1634 771 1775 791; x_wconf 76' lang='lat' dir='ltr'><strong>mmrorem</strong></span> <span class='ocrx_word' id='word_1_230' title='bbox 1788 771 1822 792; x_wconf 83' lang='lat' dir='ltr'><strong>ne</strong></span> 
     </span>
    </p>
   </div>
   <div class='ocr_carea' id='block_1_32' title="bbox 1036 808 1820 843">
    <p class='ocr_par' dir='ltr' id='par_1_32' title="bbox 1036 808 1820 843">
     <span class='ocr_line' id='line_1_32' title="bbox 1036 808 1820 843; baseline -0.001 -6"><span class='ocrx_word' id='word_1_231' title='bbox 1036 817 1141 843; x_wconf 85' lang='lat' dir='ltr'><strong>tempus</strong></span> <span class='ocrx_word' id='word_1_232' title='bbox 1163 810 1269 843; x_wconf 80' lang='lat' dir='ltr'><strong>quidem</strong></span> <span class='ocrx_word' id='word_1_233' title='bbox 1296 808 1383 835; x_wconf 88' lang='lat' dir='ltr'><strong>adhuc</strong></span> <span class='ocrx_word' id='word_1_234' title='bbox 1401 808 1545 836; x_wconf 74' lang='lat' dir='ltr'><strong>exhaurire</strong></span> <span class='ocrx_word' id='word_1_235' title='bbox 1562 809 1658 842; x_wconf 88' lang='lat' dir='ltr'><strong>potuit.</strong></span> <span class='ocrx_word' id='word_1_236' title='bbox 1673 809 1740 836; x_wconf 90' lang='lat' dir='ltr'><strong>llinc</strong></span> <span class='ocrx_word' id='word_1_237' title='bbox 1749 810 1820 837; x_wconf 84' lang='lat' dir='ltr'><strong>enim</strong></span> 
     </span>
    </p>
   </div>
   <div class='ocr_carea' id='block_1_33' title="bbox 1035 855 1819 888">
    <p class='ocr_par' dir='ltr' id='par_1_33' title="bbox 1035 855 1819 888">
     <span class='ocr_line' id='line_1_33' title="bbox 1035 855 1819 888; baseline -0.003 -4"><span class='ocrx_word' id='word_1_238' title='bbox 1035 857 1099 884; x_wconf 89' lang='lat' dir='ltr'><strong>mihi</strong></span> <span class='ocrx_word' id='word_1_239' title='bbox 1114 856 1201 884; x_wconf 90' lang='lat' dir='ltr'><strong>omnis</strong></span> <span class='ocrx_word' id='word_1_240' title='bbox 1210 856 1270 882; x_wconf 69' lang='lat' dir='ltr'><strong>vitae</strong></span> <span class='ocrx_word' id='word_1_241' title='bbox 1282 855 1461 881; x_wconf 86' lang='lat' dir='ltr'><strong>inconstantia</strong></span> <span class='ocrx_word' id='word_1_242' title='bbox 1472 859 1499 881; x_wconf 90' lang='lat' dir='ltr'><strong>et</strong></span> <span class='ocrx_word' id='word_1_243' title='bbox 1511 855 1679 888; x_wconf 76' lang='lat' dir='ltr'><strong>perturbatio</strong></span> <span class='ocrx_word' id='word_1_244' title='bbox 1691 855 1819 888; x_wconf 79' lang='lat' dir='ltr'><strong>manavit,</strong></span> 
     </span>
    </p>
   </div>
   <div class='ocr_carea' id='block_1_34' title="bbox 197 900 994 939">
    <p class='ocr_par' dir='ltr' id='par_1_34' title="bbox 197 902 983 939">
     <span class='ocr_line' id='line_1_34' title="bbox 197 902 983 939; baseline -0.004 -8"><span class='ocrx_word' id='word_1_245' title='bbox 197 912 262 931; x_wconf 73' lang='grc' dir='ltr'><strong>¹ῐτινα</strong></span> <span class='ocrx_word' id='word_1_246' title='bbox 279 904 347 939; x_wconf 83' lang='lat'><strong>(80),</strong></span> <span class='ocrx_word' id='word_1_247' title='bbox 363 903 409 930; x_wconf 84' lang='grc' dir='ltr'><strong>καὶ</strong></span> <span class='ocrx_word' id='word_1_248' title='bbox 420 903 474 929; x_wconf 84' lang='grc' dir='ltr'>τῶν</span> <span class='ocrx_word' id='word_1_249' title='bbox 489 902 594 929; x_wconf 78' lang='grc' dir='ltr'><strong>ἐνθένδε</strong></span> <span class='ocrx_word' id='word_1_250' title='bbox 605 902 670 938; x_wconf 72' lang='grc' dir='ltr'>πρὶν</span> <span class='ocrx_word' id='word_1_251' title='bbox 685 902 836 929; x_wconf 80' lang='grc' dir='ltr'>ἀποϐιῶναι</span> <span class='ocrx_word' id='word_1_252' title='bbox 865 910 983 937; x_wconf 79' lang='grc' dir='ltr'>μετανα-</span> 
     </span>
    </p>
   </div>
   <div class='ocr_carea' id='block_1_35' title="bbox 1035 900 1822 939">
    <p class='ocr_par' dir='ltr' id='par_1_35' title="bbox 1037 900 1822 938">
     <span class='ocr_line' id='line_1_35' title="bbox 1037 900 1822 938; baseline -0.005 -9"><span class='ocrx_word' id='word_1_253' title='bbox 1037 903 1161 938; x_wconf 89' lang='lat' dir='ltr'><strong>quodque</strong></span> <span class='ocrx_word' id='word_1_254' title='bbox 1174 901 1358 936; x_wconf 85' lang='lat' dir='ltr'><strong>philosophari</strong></span> <span class='ocrx_word' id='word_1_255' title='bbox 1382 900 1467 936; x_wconf 75' lang='lat'><strong>815</strong></span> <span class='ocrx_word' id='word_1_256' title='bbox 1487 900 1663 934; x_wconf 75' lang='lat' dir='ltr'><strong>nequiverim,</strong></span> <span class='ocrx_word' id='word_1_257' title='bbox 1680 905 1726 927; x_wconf 91' lang='lat' dir='ltr'><strong>aut</strong></span> <span class='ocrx_word' id='word_1_258' title='bbox 1748 907 1822 928; x_wconf 64' lang='lat' dir='ltr'><strong>certe.</strong></span> 
     </span>
    </p>
   </div>
   <div class='ocr_carea' id='block_1_36' title="bbox 198 946 994 984">
    <p class='ocr_par' dir='ltr' id='par_1_36' title="bbox 198 948 980 984">
     <span class='ocr_line' id='line_1_36' title="bbox 198 948 980 984; baseline -0.003 -8"><span class='ocrx_word' id='word_1_259' title='bbox 198 949 272 981; x_wconf 76' lang='grc' dir='ltr'>στὰς,</span> <span class='ocrx_word' id='word_1_260' title='bbox 289 949 378 976; x_wconf 80' lang='grc' dir='ltr'>πάντα</span> <span class='ocrx_word' id='word_1_261' title='bbox 395 950 511 976; x_wconf 76' lang='grc' dir='ltr'>ἐποιεῖτο</span> <span class='ocrx_word' id='word_1_262' title='bbox 525 948 571 975; x_wconf 83' lang='grc' dir='ltr'><strong>τοῦ</strong></span> <span class='ocrx_word' id='word_1_263' title='bbox 584 948 742 984; x_wconf 86' lang='grc' dir='ltr'>Πνεύματος</span> <span class='ocrx_word' id='word_1_264' title='bbox 753 957 759 964; x_wconf 73' lang='grc' dir='ltr'><strong>ι</strong></span> <span class='ocrx_word' id='word_1_265' title='bbox 775 948 822 974; x_wconf 74' lang='grc' dir='ltr'>καὶ</span> <span class='ocrx_word' id='word_1_266' title='bbox 837 948 926 983; x_wconf 82' lang='grc' dir='ltr'>φιλίαν</span> <span class='ocrx_word' id='word_1_267' title='bbox 939 949 980 974; x_wconf 81' lang='grc' dir='ltr'>αί-</span> 
     </span>
    </p>
   </div>
   <div class='ocr_carea' id='block_1_37' title="bbox 1035 946 1821 984">
    <p class='ocr_par' dir='ltr' id='par_1_37' title="bbox 1035 946 1821 982">
     <span class='ocr_line' id='line_1_37' title="bbox 1035 946 1821 982; baseline -0.001 -7"><span class='ocrx_word' id='word_1_268' title='bbox 1035 956 1085 975; x_wconf 93' lang='lat' dir='ltr'><strong>non</strong></span> <span class='ocrx_word' id='word_1_269' title='bbox 1099 948 1246 982; x_wconf 78' lang='lat' dir='ltr'><strong>existimer,</strong></span> <span class='ocrx_word' id='word_1_270' title='bbox 1261 948 1365 975; x_wconf 90' lang='lat' dir='ltr'><strong>tametsi</strong></span> <span class='ocrx_word' id='word_1_271' title='bbox 1380 948 1413 973; x_wconf 89' lang='lat' dir='ltr'><strong>de</strong></span> <span class='ocrx_word' id='word_1_272' title='bbox 1427 946 1567 979; x_wconf 80' lang='lat' dir='ltr'><strong>posteriori</strong></span> <span class='ocrx_word' id='word_1_273' title='bbox 1590 954 1641 973; x_wconf 92' lang='lat' dir='ltr'><strong>non</strong></span> <span class='ocrx_word' id='word_1_274' title='bbox 1656 954 1821 980; x_wconf 82' lang='lat' dir='ltr'><strong>magnopere</strong></span> 
     </span>
    </p>
   </div>
   <div class='ocr_carea' id='block_1_38' title="bbox 196 991 994 1030">
    <p class='ocr_par' dir='ltr' id='par_1_38' title="bbox 196 992 984 1030">
     <span class='ocr_line' id='line_1_38' title="bbox 196 992 984 1030; baseline -0.003 -8"><span class='ocrx_word' id='word_1_275' title='bbox 196 995 298 1022; x_wconf 71' lang='grc' dir='ltr'>δεῖσθαι</span> <span class='ocrx_word' id='word_1_276' title='bbox 319 995 407 1027; x_wconf 84' lang='grc' dir='ltr'>είδὼς,</span> <span class='ocrx_word' id='word_1_277' title='bbox 423 994 539 1021; x_wconf 76' lang='grc' dir='ltr'>ἐνταῦθα</span> <span class='ocrx_word' id='word_1_278' title='bbox 560 994 639 1029; x_wconf 89' lang='grc' dir='ltr'>μόνον</span> <span class='ocrx_word' id='word_1_279' title='bbox 653 993 798 1030; x_wconf 76' lang='grc' dir='ltr'>ἠτίμαζεν,</span> <span class='ocrx_word' id='word_1_280' title='bbox 811 992 842 1021; x_wconf 74' lang='grc' dir='ltr'>οὗ</span> <span class='ocrx_word' id='word_1_281' title='bbox 852 995 917 1021; x_wconf 78' lang='grc' dir='ltr'>Θεὸν</span> <span class='ocrx_word' id='word_1_282' title='bbox 930 995 984 1021; x_wconf 78' lang='grc' dir='ltr'>ἔδει</span> 
     </span>
    </p>
   </div>
   <div class='ocr_carea' id='block_1_39' title="bbox 1035 991 1821 1030">
    <p class='ocr_par' dir='ltr' id='par_1_39' title="bbox 1035 991 1821 1027">
     <span class='ocr_line' id='line_1_39' title="bbox 1035 991 1821 1027; baseline -0.004 -7"><span class='ocrx_word' id='word_1_283' title='bbox 1035 994 1172 1026; x_wconf 82' lang='lat' dir='ltr'><strong>laborem;</strong></span> <span class='ocrx_word' id='word_1_284' title='bbox 1191 994 1241 1021; x_wconf 89' lang='lat' dir='ltr'><strong>nisi</strong></span> <span class='ocrx_word' id='word_1_285' title='bbox 1262 994 1323 1027; x_wconf 88' lang='lat' dir='ltr'><strong>quis</strong></span> <span class='ocrx_word' id='word_1_286' title='bbox 1341 998 1429 1019; x_wconf 88' lang='lat' dir='ltr'><strong>tamen</strong></span> <span class='ocrx_word' id='word_1_287' title='bbox 1453 991 1529 1019; x_wconf 84' lang='lat' dir='ltr'><strong>ltoca</strong></span> <span class='ocrx_word' id='word_1_288' title='bbox 1548 999 1590 1018; x_wconf 90' lang='lat' dir='ltr'><strong>me</strong></span> <span class='ocrx_word' id='word_1_289' title='bbox 1607 999 1656 1026; x_wconf 89' lang='lat' dir='ltr'><strong>pro</strong></span> <span class='ocrx_word' id='word_1_290' title='bbox 1673 991 1743 1018; x_wconf 89' lang='lat' dir='ltr'><strong>illius</strong></span> <span class='ocrx_word' id='word_1_291' title='bbox 1757 1000 1821 1026; x_wconf 83' lang='lat' dir='ltr'><strong>apo—</strong></span> 
     </span>
    </p>
   </div>
   <div class='ocr_carea' id='block_1_40' title="bbox 195 1037 994 1078">
    <p class='ocr_par' dir='ltr' id='par_1_40' title="bbox 195 1039 985 1078">
     <span class='ocr_line' id='line_1_40' title="bbox 195 1039 985 1078; baseline -0.003 -10"><span class='ocrx_word' id='word_1_292' title='bbox 195 1041 416 1078; x_wconf 83' lang='grc' dir='ltr'>προτιμηθῆναι,</span> <span class='ocrx_word' id='word_1_293' title='bbox 441 1041 489 1068; x_wconf 80' lang='grc' dir='ltr'>καὶ</span> <span class='ocrx_word' id='word_1_294' title='bbox 514 1040 606 1067; x_wconf 83' lang='grc' dir='ltr'>πλεῖον</span> <span class='ocrx_word' id='word_1_295' title='bbox 625 1040 682 1077; x_wconf 85' lang='grc'>(81)</span> <span class='ocrx_word' id='word_1_296' title='bbox 706 1040 776 1076; x_wconf 77' lang='grc' dir='ltr'>ἔχειν</span> <span class='ocrx_word' id='word_1_297' title='bbox 805 1039 860 1067; x_wconf 78' lang='grc' dir='ltr'><strong>τῶν</strong></span> <span class='ocrx_word' id='word_1_298' title='bbox 886 1040 985 1076; x_wconf 81' lang='grc' dir='ltr'>λυομέ-</span> 
     </span>
    </p>
   </div>
   <div class='ocr_carea' id='block_1_41' title="bbox 1035 1037 1820 1078">
    <p class='ocr_par' dir='ltr' id='par_1_41' title="bbox 1035 1037 1820 1074">
     <span class='ocr_line' id='line_1_41' title="bbox 1035 1037 1820 1074; baseline -0.003 -8"><span class='ocrx_word' id='word_1_299' title='bbox 1035 1040 1102 1074; x_wconf 71' lang='lat' dir='ltr'><strong>logia</strong></span> <span class='ocrx_word' id='word_1_300' title='bbox 1130 1039 1253 1074; x_wconf 88' lang='lat' dir='ltr'><strong>accipiat,</strong></span> <span class='ocrx_word' id='word_1_301' title='bbox 1271 1039 1342 1073; x_wconf 89' lang='lat' dir='ltr'><strong>quod</strong></span> <span class='ocrx_word' id='word_1_302' title='bbox 1362 1038 1529 1069; x_wconf 82' lang='lat' dir='ltr'><strong>sublimiora,</strong></span> <span class='ocrx_word' id='word_1_303' title='bbox 1542 1045 1621 1071; x_wconf 90' lang='lat' dir='ltr'><strong>quam</strong></span> <span class='ocrx_word' id='word_1_304' title='bbox 1641 1044 1690 1071; x_wconf 90' lang='lat' dir='ltr'><strong>pro</strong></span> <span class='ocrx_word' id='word_1_305' title='bbox 1704 1037 1820 1064; x_wconf 86' lang='lat' dir='ltr'><strong>hominis</strong></span> 
     </span>
    </p>
   </div>
   <div class='ocr_carea' id='block_1_42' title="bbox 195 1084 994 1125">
    <p class='ocr_par' dir='ltr' id='par_1_42' title="bbox 195 1088 561 1125">
     <span class='ocr_line' id='line_1_42' title="bbox 195 1088 561 1125; baseline -0.005 -9"><span class='ocrx_word' id='word_1_306' title='bbox 195 1097 248 1116; x_wconf 84' lang='grc' dir='ltr'><strong>νων</strong></span> <span class='ocrx_word' id='word_1_307' title='bbox 263 1089 319 1124; x_wconf 72' lang='grc'>(82)</span> <span class='ocrx_word' id='word_1_308' title='bbox 333 1088 368 1115; x_wconf 84' lang='grc' dir='ltr'><strong>τὰ</strong></span> <span class='ocrx_word' id='word_1_309' title='bbox 386 1088 561 1125; x_wconf 80' lang='grc' dir='ltr'>ἐλπιζόμενα.</span> 
     </span>
    </p>
   </div>
   <div class='ocr_carea' id='block_1_43' title="bbox 1035 1084 1818 1125">
    <p class='ocr_par' dir='ltr' id='par_1_43' title="bbox 1035 1084 1818 1119">
     <span class='ocr_line' id='line_1_43' title="bbox 1035 1084 1818 1119; baseline -0.003 -6"><span class='ocrx_word' id='word_1_310' title='bbox 1035 1086 1197 1118; x_wconf 84' lang='lat' dir='ltr'><strong>conditione,</strong></span> <span class='ocrx_word' id='word_1_311' title='bbox 1216 1086 1346 1118; x_wconf 87' lang='lat' dir='ltr'><strong>sentiens,</strong></span> <span class='ocrx_word' id='word_1_312' title='bbox 1372 1090 1452 1119; x_wconf 88' lang='lat' dir='ltr'><strong>atque</strong></span> <span class='ocrx_word' id='word_1_313' title='bbox 1465 1085 1538 1117; x_wconf 87' lang='lat' dir='ltr'><strong>hinc,</strong></span> <span class='ocrx_word' id='word_1_314' title='bbox 1556 1084 1631 1117; x_wconf 89' lang='lat' dir='ltr'><strong>prius</strong></span> <span class='ocrx_word' id='word_1_315' title='bbox 1641 1084 1721 1110; x_wconf 87' lang='lat' dir='ltr'><strong>etiam</strong></span> <span class='ocrx_word' id='word_1_316' title='bbox 1736 1092 1818 1118; x_wconf 87' lang='lat' dir='ltr'><strong>quam</strong></span> 
     </span>
    </p>
   </div>
   <div class='ocr_carea' id='block_1_44' title="bbox 195 1131 1820 1170">
    <p class='ocr_par' dir='ltr' id='par_1_44' title="bbox 195 1131 1820 1170">
     <span class='ocr_line' id='line_1_44' title="bbox 195 1131 1820 1170; baseline -0.001 -10"><span class='ocrx_word' id='word_1_317' title='bbox 195 1133 250 1160; x_wconf 84' lang='lat' dir='ltr'><strong>vita</strong></span> <span class='ocrx_word' id='word_1_318' title='bbox 265 1134 418 1166; x_wconf 82' lang='lat' dir='ltr'><strong>excederet,</strong></span> <span class='ocrx_word' id='word_1_319' title='bbox 432 1135 579 1170; x_wconf 81' lang='lat' dir='ltr'><strong>digressus,</strong></span> <span class='ocrx_word' id='word_1_320' title='bbox 590 1135 681 1162; x_wconf 87' lang='lat' dir='ltr'><strong>omnia</strong></span> <span class='ocrx_word' id='word_1_321' title='bbox 708 1135 740 1161; x_wconf 90' lang='lat' dir='ltr'><strong>ad</strong></span> <span class='ocrx_word' id='word_1_322' title='bbox 755 1135 883 1170; x_wconf 85' lang='lat' dir='ltr'><strong>Spiritum</strong></span> <span class='ocrx_word' id='word_1_323' title='bbox 915 1133 1066 1166; x_wconf 81' lang='lat' dir='ltr'><strong>referebat;</strong></span> <span class='ocrx_word' id='word_1_324' title='bbox 1089 1138 1170 1168; x_wconf 85' lang='lat' dir='ltr'><strong>atque</strong></span> <span class='ocrx_word' id='word_1_325' title='bbox 1192 1133 1316 1160; x_wconf 63' lang='lat' dir='ltr'><strong>amicitiae</strong></span> <span class='ocrx_word' id='word_1_326' title='bbox 1332 1132 1431 1164; x_wconf 84' lang='lat' dir='ltr'><strong>ollicia,</strong></span> <span class='ocrx_word' id='word_1_327' title='bbox 1447 1139 1506 1166; x_wconf 64' lang='lat' dir='ltr'><strong>qum</strong></span> <span class='ocrx_word' id='word_1_328' title='bbox 1531 1131 1631 1164; x_wconf 88' lang='lat' dir='ltr'><strong>alioqui</strong></span> <span class='ocrx_word' id='word_1_329' title='bbox 1658 1137 1750 1158; x_wconf 83' lang='lat' dir='ltr'><strong>sancte</strong></span> <span class='ocrx_word' id='word_1_330' title='bbox 1777 1139 1820 1158; x_wconf 89' lang='lat' dir='ltr'><strong>co-</strong></span> 
     </span>
    </p>
   </div>
   <div class='ocr_carea' id='block_1_45' title="bbox 195 1176 1819 1214">
    <p class='ocr_par' dir='ltr' id='par_1_45' title="bbox 195 1176 1819 1214">
     <span class='ocr_line' id='line_1_45' title="bbox 195 1176 1819 1214; baseline 0 -9"><span class='ocrx_word' id='word_1_331' title='bbox 195 1177 279 1212; x_wconf 85' lang='lat' dir='ltr'><strong>lebat,</strong></span> <span class='ocrx_word' id='word_1_332' title='bbox 297 1179 342 1206; x_wconf 88' lang='lat' dir='ltr'><strong>hic</strong></span> <span class='ocrx_word' id='word_1_333' title='bbox 358 1179 444 1206; x_wconf 81' lang='lat' dir='ltr'><strong>solum</strong></span> <span class='ocrx_word' id='word_1_334' title='bbox 462 1179 667 1214; x_wconf 82' lang='lat' dir='ltr'><strong>aspernabatur,</strong></span> <span class='ocrx_word' id='word_1_335' title='bbox 680 1179 724 1206; x_wconf 92' lang='lat' dir='ltr'><strong>ubi</strong></span> <span class='ocrx_word' id='word_1_336' title='bbox 738 1180 820 1207; x_wconf 89' lang='lat' dir='ltr'><strong>Deum</strong></span> <span class='ocrx_word' id='word_1_337' title='bbox 839 1179 977 1214; x_wconf 70' lang='lat' dir='ltr'><strong>anteponi,</strong></span> <span class='ocrx_word' id='word_1_338' title='bbox 999 1184 1078 1214; x_wconf 89' lang='lat' dir='ltr'><strong>atque</strong></span> <span class='ocrx_word' id='word_1_339' title='bbox 1090 1186 1133 1206; x_wconf 82' lang='lat' dir='ltr'><strong>res</strong></span> <span class='ocrx_word' id='word_1_340' title='bbox 1156 1179 1183 1206; x_wconf 94' lang='lat' dir='ltr'><strong>in</strong></span> <span class='ocrx_word' id='word_1_341' title='bbox 1201 1185 1248 1213; x_wconf 92' lang='lat' dir='ltr'><strong>spe</strong></span> <span class='ocrx_word' id='word_1_342' title='bbox 1277 1179 1389 1212; x_wconf 84' lang='lat' dir='ltr'><strong>positas,</strong></span> <span class='ocrx_word' id='word_1_343' title='bbox 1423 1184 1504 1212; x_wconf 80' lang='lat' dir='ltr'><strong>quant</strong></span> <span class='ocrx_word' id='word_1_344' title='bbox 1521 1176 1630 1212; x_wconf 78' lang='lat' dir='ltr'><strong>fragiles</strong></span> <span class='ocrx_word' id='word_1_345' title='bbox 1649 1182 1676 1204; x_wconf 88' lang='lat' dir='ltr'><strong>et</strong></span> <span class='ocrx_word' id='word_1_346' title='bbox 1692 1178 1819 1210; x_wconf 85' lang='lat' dir='ltr'><strong>caducas,</strong></span> 
     </span>
    </p>
   </div>
   <div class='ocr_carea' id='block_1_46' title="bbox 196 1225 544 1261">
    <p class='ocr_par' dir='ltr' id='par_1_46' title="bbox 196 1225 544 1261">
     <span class='ocr_line' id='line_1_46' title="bbox 196 1225 544 1261; baseline 0 -8"><span class='ocrx_word' id='word_1_347' title='bbox 196 1226 282 1261; x_wconf 86' lang='lat' dir='ltr'><strong>pluris</strong></span> <span class='ocrx_word' id='word_1_348' title='bbox 293 1225 384 1253; x_wconf 80' lang='lat' dir='ltr'><strong>facere</strong></span> <span class='ocrx_word' id='word_1_349' title='bbox 394 1227 544 1261; x_wconf 72' lang='lat' dir='ltr'><strong>oportebat.</strong></span> 
     </span>
    </p>
   </div>
   <div class='ocr_carea' id='block_1_47' title="bbox 229 1281 985 1321">
    <p class='ocr_par' dir='ltr' id='par_1_47' title="bbox 229 1281 985 1321">
     <span class='ocr_line' id='line_1_47' title="bbox 229 1281 985 1321; baseline 0.005 -14"><span class='ocrx_word' id='word_1_350' title='bbox 229 1281 266 1308; x_wconf 90' lang='grc' dir='ltr'><strong>Ξ’.</strong></span> <span class='ocrx_word' id='word_1_351' title='bbox 281 1281 393 1309; x_wconf 80' lang='grc' dir='ltr'>Δέδοικα</span> <span class='ocrx_word' id='word_1_352' title='bbox 409 1283 458 1318; x_wconf 87' lang='grc' dir='ltr'>μὲν</span> <span class='ocrx_word' id='word_1_353' title='bbox 477 1282 533 1316; x_wconf 80' lang='grc' dir='ltr'>οὖν,</span> <span class='ocrx_word' id='word_1_354' title='bbox 559 1283 596 1320; x_wconf 82' lang='grc' dir='ltr'>μὴ</span> <span class='ocrx_word' id='word_1_355' title='bbox 614 1284 750 1321; x_wconf 75' lang='grc' dir='ltr'>ῥᾳθυμίας</span> <span class='ocrx_word' id='word_1_356' title='bbox 766 1284 894 1320; x_wconf 81' lang='grc' dir='ltr'>ἔγκλημα</span> <span class='ocrx_word' id='word_1_357' title='bbox 919 1285 985 1319; x_wconf 76' lang='grc' dir='ltr'>φεύ-</span> 
     </span>
    </p>
   </div>
   <div class='ocr_carea' id='block_1_48' title="bbox 196 1327 985 1365">
    <p class='ocr_par' dir='ltr' id='par_1_48' title="bbox 196 1327 985 1365">
     <span class='ocr_line' id='line_1_48' title="bbox 196 1327 985 1365; baseline 0.003 -12"><span class='ocrx_word' id='word_1_358' title='bbox 196 1335 262 1361; x_wconf 86' lang='grc' dir='ltr'>γων,</span> <span class='ocrx_word' id='word_1_359' title='bbox 277 1327 353 1363; x_wconf 84' lang='grc' dir='ltr'>παρὰ</span> <span class='ocrx_word' id='word_1_360' title='bbox 369 1329 425 1360; x_wconf 82' lang='grc' dir='ltr'>τοῖς</span> <span class='ocrx_word' id='word_1_361' title='bbox 436 1328 470 1355; x_wconf 76' lang='grc' dir='ltr'><strong>τὰ</strong></span> <span class='ocrx_word' id='word_1_362' title='bbox 485 1329 588 1356; x_wconf 79' lang='grc' dir='ltr'>ἐκείνου</span> <span class='ocrx_word' id='word_1_363' title='bbox 602 1330 690 1357; x_wconf 79' lang='grc' dir='ltr'>πάντα</span> <span class='ocrx_word' id='word_1_364' title='bbox 705 1329 889 1365; x_wconf 71' lang='grc' dir='ltr'>ἐπιζητοῦσιν,</span> <span class='ocrx_word' id='word_1_365' title='bbox 902 1330 985 1365; x_wconf 78' lang='grc' dir='ltr'>ἀπλη-</span> 
     </span>
    </p>
   </div>
   <div class='ocr_carea' id='block_1_49' title="bbox 198 1373 985 1411">
    <p class='ocr_par' dir='ltr' id='par_1_49' title="bbox 198 1373 985 1411">
     <span class='ocr_line' id='line_1_49' title="bbox 198 1373 985 1411; baseline 0.005 -13"><span class='ocrx_word' id='word_1_366' title='bbox 198 1373 273 1404; x_wconf 80' lang='grc' dir='ltr'>στίας</span> <span class='ocrx_word' id='word_1_367' title='bbox 288 1374 429 1408; x_wconf 80' lang='grc' dir='ltr'><strong>περιπέσω</strong></span> <span class='ocrx_word' id='word_1_368' title='bbox 441 1377 544 1411; x_wconf 71' lang='grc' dir='ltr'>γραφῇ,</span> <span class='ocrx_word' id='word_1_369' title='bbox 563 1375 639 1411; x_wconf 76' lang='grc' dir='ltr'>παρὰ</span> <span class='ocrx_word' id='word_1_370' title='bbox 653 1377 708 1408; x_wconf 79' lang='grc' dir='ltr'>τοῖς</span> <span class='ocrx_word' id='word_1_371' title='bbox 737 1375 877 1403; x_wconf 77' lang='grc' dir='ltr'>ἐπαινοῦσι</span> <span class='ocrx_word' id='word_1_372' title='bbox 890 1376 920 1402; x_wconf 73' lang='grc' dir='ltr'>τὸ</span> <span class='ocrx_word' id='word_1_373' title='bbox 937 1375 985 1411; x_wconf 82' lang='grc' dir='ltr'><strong>μέ-</strong></span> 
     </span>
    </p>
   </div>
   <div class='ocr_carea' id='block_1_50' title="bbox 196 1419 981 1456">
    <p class='ocr_par' dir='ltr' id='par_1_50' title="bbox 196 1419 981 1456">
     <span class='ocr_line' id='line_1_50' title="bbox 196 1419 981 1456; baseline 0.005 -12"><span class='ocrx_word' id='word_1_374' title='bbox 196 1427 281 1454; x_wconf 78' lang='grc' dir='ltr'>τριον,</span> <span class='ocrx_word' id='word_1_375' title='bbox 293 1419 307 1445; x_wconf 83' lang='grc' dir='ltr'>ὃ</span> <span class='ocrx_word' id='word_1_376' title='bbox 326 1420 393 1455; x_wconf 73' lang='grc' dir='ltr'>μηδὲ</span> <span class='ocrx_word' id='word_1_377' title='bbox 407 1420 508 1452; x_wconf 75' lang='grc' dir='ltr'>ἐκεῖνος</span> <span class='ocrx_word' id='word_1_378' title='bbox 525 1420 652 1456; x_wconf 73' lang='grc' dir='ltr'>ἠτίμαζε,</span> <span class='ocrx_word' id='word_1_379' title='bbox 677 1421 711 1448; x_wconf 85' lang='grc' dir='ltr'><em>Τὸ</em></span> <span class='ocrx_word' id='word_1_380' title='bbox 725 1420 787 1448; x_wconf 80' lang='grc' dir='ltr'><strong>πᾶν</strong></span> <span class='ocrx_word' id='word_1_381' title='bbox 800 1421 910 1456; x_wconf 74' lang='grc' dir='ltr'>μέτρον</span> <span class='ocrx_word' id='word_1_382' title='bbox 925 1421 981 1456; x_wconf 83' lang='grc'>(85)</span> 
     </span>
    </p>
   </div>
   <div class='ocr_carea' id='block_1_51' title="bbox 197 1465 984 1504">
    <p class='ocr_par' dir='ltr' id='par_1_51' title="bbox 197 1465 984 1504">
     <span class='ocr_line' id='line_1_51' title="bbox 197 1465 984 1504; baseline 0.003 -12"><span class='ocrx_word' id='word_1_383' title='bbox 197 1465 331 1499; x_wconf 76' lang='grc' dir='ltr'>ἄριστον,</span> <span class='ocrx_word' id='word_1_384' title='bbox 350 1467 378 1493; x_wconf 80' lang='grc' dir='ltr'>ὲν</span> <span class='ocrx_word' id='word_1_385' title='bbox 393 1467 448 1498; x_wconf 85' lang='grc' dir='ltr'>τοῖς</span> <span class='ocrx_word' id='word_1_386' title='bbox 464 1467 579 1502; x_wconf 81' lang='grc' dir='ltr'>μάλιστα</span> <span class='ocrx_word' id='word_1_387' title='bbox 595 1468 724 1501; x_wconf 76' lang='grc' dir='ltr'>ἐπαινῶν,</span> <span class='ocrx_word' id='word_1_388' title='bbox 740 1468 787 1495; x_wconf 82' lang='grc' dir='ltr'>καὶ</span> <span class='ocrx_word' id='word_1_389' title='bbox 800 1469 876 1504; x_wconf 74' lang='grc' dir='ltr'>παρὰ</span> <span class='ocrx_word' id='word_1_390' title='bbox 896 1468 984 1494; x_wconf 82' lang='grc' dir='ltr'>πάντα</span> 
     </span>
    </p>
   </div>
   <div class='ocr_carea' id='block_1_52' title="bbox 197 1510 984 1548">
    <p class='ocr_par' dir='ltr' id='par_1_52' title="bbox 197 1510 984 1548">
     <span class='ocr_line' id='line_1_52' title="bbox 197 1510 984 1548; baseline 0.004 -12"><span class='ocrx_word' id='word_1_391' title='bbox 197 1510 241 1536; x_wconf 85' lang='grc' dir='ltr'>τὸν</span> <span class='ocrx_word' id='word_1_392' title='bbox 258 1511 355 1537; x_wconf 72' lang='grc' dir='ltr'>ἑαυτοῦ</span> <span class='ocrx_word' id='word_1_393' title='bbox 370 1511 425 1546; x_wconf 82' lang='grc' dir='ltr'>βίον</span> <span class='ocrx_word' id='word_1_394' title='bbox 440 1511 668 1548; x_wconf 80' lang='grc' dir='ltr'>φυλάξας.¹’ομως</span> <span class='ocrx_word' id='word_1_395' title='bbox 682 1512 710 1539; x_wconf 84' lang='grc' dir='ltr'>δὲ</span> <span class='ocrx_word' id='word_1_396' title='bbox 722 1513 892 1548; x_wconf 78' lang='grc' dir='ltr'>ἀμφοτέρους</span> <span class='ocrx_word' id='word_1_397' title='bbox 907 1521 984 1548; x_wconf 85' lang='grc' dir='ltr'>περι-</span> 
     </span>
    </p>
   </div>
   <div class='ocr_carea' id='block_1_53' title="bbox 1070 1279 1819 1315">
    <p class='ocr_par' dir='ltr' id='par_1_53' title="bbox 1070 1279 1819 1315">
     <span class='ocr_line' id='line_1_53' title="bbox 1070 1279 1819 1315; baseline 0 -8"><span class='ocrx_word' id='word_1_398' title='bbox 1070 1279 1126 1307; x_wconf 76' lang='lat' dir='ltr'><strong>LX.</strong></span> <span class='ocrx_word' id='word_1_399' title='bbox 1145 1280 1274 1315; x_wconf 86' lang='lat' dir='ltr'><strong>Equidem</strong></span> <span class='ocrx_word' id='word_1_400' title='bbox 1291 1281 1356 1307; x_wconf 90' lang='lat' dir='ltr'><strong>mihi</strong></span> <span class='ocrx_word' id='word_1_401' title='bbox 1368 1281 1511 1308; x_wconf 85' lang='lat' dir='ltr'><strong>verendum</strong></span> <span class='ocrx_word' id='word_1_402' title='bbox 1525 1287 1585 1309; x_wconf 81' lang='lat' dir='ltr'><strong>esse</strong></span> <span class='ocrx_word' id='word_1_403' title='bbox 1599 1281 1687 1314; x_wconf 77' lang='lat' dir='ltr'><strong>video,</strong></span> <span class='ocrx_word' id='word_1_404' title='bbox 1701 1289 1734 1308; x_wconf 91' lang='lat' dir='ltr'><strong>ne</strong></span> <span class='ocrx_word' id='word_1_405' title='bbox 1757 1281 1819 1308; x_wconf 90' lang='lat' dir='ltr'><strong>dum</strong></span> 
     </span>
    </p>
   </div>
   <div class='ocr_carea' id='block_1_54' title="bbox 1033 1317 1821 1362">
    <p class='ocr_par' dir='ltr' id='par_1_54' title="bbox 1033 1317 1821 1362">
     <span class='ocr_line' id='line_1_54' title="bbox 1033 1317 1821 1362; baseline -0.004 -7"><span class='ocrx_word' id='word_1_406' title='bbox 1033 1317 1102 1362; x_wconf 74' lang='lat' dir='ltr'><strong>apud</strong></span> <span class='ocrx_word' id='word_1_407' title='bbox 1115 1334 1172 1359; x_wconf 91' lang='lat' dir='ltr'><strong>eos,</strong></span> <span class='ocrx_word' id='word_1_408' title='bbox 1185 1327 1230 1361; x_wconf 89' lang='lat' dir='ltr'><strong>qui</strong></span> <span class='ocrx_word' id='word_1_409' title='bbox 1243 1333 1337 1353; x_wconf 88' lang='lat' dir='ltr'><strong>omnes</strong></span> <span class='ocrx_word' id='word_1_410' title='bbox 1361 1326 1431 1353; x_wconf 89' lang='lat' dir='ltr'><strong>illius</strong></span> <span class='ocrx_word' id='word_1_411' title='bbox 1455 1326 1547 1353; x_wconf 83' lang='lat' dir='ltr'><strong>laudes</strong></span> <span class='ocrx_word' id='word_1_412' title='bbox 1572 1328 1722 1360; x_wconf 76' lang='lat' dir='ltr'><strong>requirunt,</strong></span> <span class='ocrx_word' id='word_1_413' title='bbox 1738 1325 1821 1360; x_wconf 76' lang='lat' dir='ltr'><strong>negli-</strong></span> 
     </span>
    </p>
   </div>
   <div class='ocr_carea' id='block_1_55' title="bbox 1033 1373 1818 1409">
    <p class='ocr_par' dir='ltr' id='par_1_55' title="bbox 1033 1373 1818 1409">
     <span class='ocr_line' id='line_1_55' title="bbox 1033 1373 1818 1409; baseline -0.003 -8"><span class='ocrx_word' id='word_1_414' title='bbox 1033 1374 1130 1409; x_wconf 77' lang='lat' dir='ltr'><strong>gentia:</strong></span> <span class='ocrx_word' id='word_1_415' title='bbox 1146 1373 1250 1408; x_wconf 85' lang='lat' dir='ltr'><strong>culpam</strong></span> <span class='ocrx_word' id='word_1_416' title='bbox 1266 1373 1353 1400; x_wconf 86' lang='lat' dir='ltr'><strong>vitare</strong></span> <span class='ocrx_word' id='word_1_417' title='bbox 1365 1373 1453 1407; x_wconf 89' lang='lat' dir='ltr'><strong>cupio,</strong></span> <span class='ocrx_word' id='word_1_418' title='bbox 1470 1373 1495 1399; x_wconf 92' lang='lat' dir='ltr'><strong>in</strong></span> <span class='ocrx_word' id='word_1_419' title='bbox 1510 1373 1659 1400; x_wconf 63' lang='lat' dir='ltr'><strong>immodicae</strong></span> <span class='ocrx_word' id='word_1_420' title='bbox 1678 1373 1818 1407; x_wconf 77' lang='lat' dir='ltr'><strong>prolixita-</strong></span> 
     </span>
    </p>
   </div>
   <div class='ocr_carea' id='block_1_56' title="bbox 1035 1419 1820 1454">
    <p class='ocr_par' dir='ltr' id='par_1_56' title="bbox 1035 1419 1820 1454">
     <span class='ocr_line' id='line_1_56' title="bbox 1035 1419 1820 1454; baseline 0 -8"><span class='ocrx_word' id='word_1_421' title='bbox 1035 1421 1068 1448; x_wconf 89' lang='lat' dir='ltr'><strong>tis</strong></span> <span class='ocrx_word' id='word_1_422' title='bbox 1092 1420 1195 1447; x_wconf 83' lang='lat' dir='ltr'><strong>crimen</strong></span> <span class='ocrx_word' id='word_1_423' title='bbox 1220 1420 1289 1454; x_wconf 82' lang='lat' dir='ltr'><strong>aputl</strong></span> <span class='ocrx_word' id='word_1_424' title='bbox 1316 1426 1362 1446; x_wconf 88' lang='lat' dir='ltr'><strong>eos</strong></span> <span class='ocrx_word' id='word_1_425' title='bbox 1385 1419 1512 1451; x_wconf 85' lang='lat' dir='ltr'><strong>incidam,</strong></span> <span class='ocrx_word' id='word_1_426' title='bbox 1537 1419 1582 1453; x_wconf 86' lang='lat' dir='ltr'><strong>qui</strong></span> <span class='ocrx_word' id='word_1_427' title='bbox 1608 1419 1820 1446; x_wconf 84' lang='lat' dir='ltr'><strong>mediocritatem</strong></span> 
     </span>
    </p>
   </div>
   <div class='ocr_carea' id='block_1_57' title="bbox 1034 1465 1820 1500">
    <p class='ocr_par' dir='ltr' id='par_1_57' title="bbox 1034 1465 1820 1500">
     <span class='ocr_line' id='line_1_57' title="bbox 1034 1465 1820 1500; baseline 0 -7"><span class='ocrx_word' id='word_1_428' title='bbox 1034 1467 1153 1500; x_wconf 86' lang='lat' dir='ltr'><strong>laudant,</strong></span> <span class='ocrx_word' id='word_1_429' title='bbox 1177 1473 1256 1500; x_wconf 87' lang='lat' dir='ltr'><strong>quam</strong></span> <span class='ocrx_word' id='word_1_430' title='bbox 1282 1473 1333 1493; x_wconf 86' lang='lat' dir='ltr'><strong>nec</strong></span> <span class='ocrx_word' id='word_1_431' title='bbox 1359 1465 1403 1492; x_wconf 84' lang='lat' dir='ltr'><strong>ille</strong></span> <span class='ocrx_word' id='word_1_432' title='bbox 1437 1465 1638 1497; x_wconf 64' lang='lat' dir='ltr'><strong>contemnebat,</strong></span> <span class='ocrx_word' id='word_1_433' title='bbox 1655 1471 1746 1498; x_wconf 87' lang='lat' dir='ltr'><strong>utpote</strong></span> <span class='ocrx_word' id='word_1_434' title='bbox 1775 1466 1820 1500; x_wconf 88' lang='lat' dir='ltr'><strong>qui</strong></span> 
     </span>
    </p>
   </div>
   <div class='ocr_carea' id='block_1_58' title="bbox 1032 1510 1823 1546">
    <p class='ocr_par' dir='ltr' id='par_1_58' title="bbox 1032 1510 1823 1546">
     <span class='ocr_line' id='line_1_58' title="bbox 1032 1510 1823 1546; baseline 0.001 -8"><span class='ocrx_word' id='word_1_435' title='bbox 1032 1511 1195 1539; x_wconf 87' lang='lat' dir='ltr'><strong>sententiam</strong></span> <span class='ocrx_word' id='word_1_436' title='bbox 1222 1511 1301 1544; x_wconf 82' lang='lat' dir='ltr'><strong>hanc,</strong></span> <span class='ocrx_word' id='word_1_437' title='bbox 1322 1510 1416 1538; x_wconf 82' lang='lat' dir='ltr'><strong>Modus</strong></span> <span class='ocrx_word' id='word_1_438' title='bbox 1431 1511 1516 1537; x_wconf 74' lang='lat' dir='ltr'><strong>omnia</strong></span> <span class='ocrx_word' id='word_1_439' title='bbox 1540 1512 1663 1546; x_wconf 74' lang='lat' dir='ltr'><strong>optimus,</strong></span> <span class='ocrx_word' id='word_1_440' title='bbox 1684 1512 1710 1538; x_wconf 88' lang='lat' dir='ltr'><strong>in</strong></span> <span class='ocrx_word' id='word_1_441' title='bbox 1727 1512 1823 1546; x_wconf 83' lang='lat' dir='ltr'><strong>primis</strong></span> 
     </span>
    </p>
   </div>
   <div class='ocr_carea' id='block_1_59' title="bbox 198 1556 994 1593">
    <p class='ocr_par' dir='ltr' id='par_1_59' title="bbox 198 1556 981 1593">
     <span class='ocr_line' id='line_1_59' title="bbox 198 1556 981 1593; baseline 0.001 -9"><span class='ocrx_word' id='word_1_442' title='bbox 198 1556 315 1592; x_wconf 80' lang='grc' dir='ltr'>φρονῶν,</span> <span class='ocrx_word' id='word_1_443' title='bbox 346 1557 408 1588; x_wconf 79' lang='grc' dir='ltr'>τούς</span> <span class='ocrx_word' id='word_1_444' title='bbox 438 1566 468 1584; x_wconf 82' lang='grc' dir='ltr'><strong>τε</strong></span> <span class='ocrx_word' id='word_1_445' title='bbox 495 1557 553 1584; x_wconf 83' lang='grc' dir='ltr'>λίαν</span> <span class='ocrx_word' id='word_1_446' title='bbox 580 1559 738 1593; x_wconf 76' lang='grc' dir='ltr'>συντόμους,</span> <span class='ocrx_word' id='word_1_447' title='bbox 766 1559 896 1590; x_wconf 74' lang='grc' dir='ltr'>καὶτοὺς</span> <span class='ocrx_word' id='word_1_448' title='bbox 913 1559 981 1592; x_wconf 83' lang='grc' dir='ltr'>ἄγαν</span> 
     </span>
    </p>
   </div>
   <div class='ocr_carea' id='block_1_60' title="bbox 1035 1556 1821 1593">
    <p class='ocr_par' dir='ltr' id='par_1_60' title="bbox 1035 1557 1821 1592">
     <span class='ocr_line' id='line_1_60' title="bbox 1035 1557 1821 1592; baseline 0.001 -8"><span class='ocrx_word' id='word_1_449' title='bbox 1035 1557 1192 1589; x_wconf 72' lang='lat' dir='ltr'><strong>laudaverit,</strong></span> <span class='ocrx_word' id='word_1_450' title='bbox 1210 1565 1241 1584; x_wconf 90' lang='lat' dir='ltr'><strong>ac</strong></span> <span class='ocrx_word' id='word_1_451' title='bbox 1255 1564 1302 1592; x_wconf 92' lang='lat' dir='ltr'><strong>per</strong></span> <span class='ocrx_word' id='word_1_452' title='bbox 1317 1564 1424 1583; x_wconf 83' lang='lat' dir='ltr'><strong>onmem</strong></span> <span class='ocrx_word' id='word_1_453' title='bbox 1438 1557 1500 1585; x_wconf 67' lang='lat' dir='ltr'><strong>vitm</strong></span> <span class='ocrx_word' id='word_1_454' title='bbox 1521 1565 1628 1584; x_wconf 87' lang='lat' dir='ltr'><strong>cursum</strong></span> <span class='ocrx_word' id='word_1_455' title='bbox 1659 1557 1821 1585; x_wconf 85' lang='lat' dir='ltr'><strong>observave-</strong></span> 
     </span>
    </p>
   </div>
   <div class='ocr_carea' id='block_1_61' title="bbox 198 1602 983 1640">
    <p class='ocr_par' dir='ltr' id='par_1_61' title="bbox 198 1602 983 1640">
     <span class='ocr_line' id='line_1_61' title="bbox 198 1602 983 1640; baseline 0.003 -12"><span class='ocrx_word' id='word_1_456' title='bbox 198 1602 363 1638; x_wconf 79' lang='grc' dir='ltr'>ἀπλήστους,</span> <span class='ocrx_word' id='word_1_457' title='bbox 380 1603 427 1629; x_wconf 82' lang='grc' dir='ltr'>ὡδί</span> <span class='ocrx_word' id='word_1_458' title='bbox 453 1611 509 1635; x_wconf 83' lang='grc' dir='ltr'><strong>πως</strong></span> <span class='ocrx_word' id='word_1_459' title='bbox 521 1603 560 1638; x_wconf 82' lang='grc' dir='ltr'>τῷ</span> <span class='ocrx_word' id='word_1_460' title='bbox 574 1603 644 1638; x_wconf 86' lang='grc' dir='ltr'>λόγῳ</span> <span class='ocrx_word' id='word_1_461' title='bbox 666 1606 812 1639; x_wconf 86' lang='grc' dir='ltr'>χρήσομαι.</span> <span class='ocrx_word' id='word_1_462' title='bbox 826 1604 918 1630; x_wconf 67' lang='grc' dir='ltr'>’Λλλοι</span> <span class='ocrx_word' id='word_1_463' title='bbox 934 1604 983 1640; x_wconf 78' lang='grc' dir='ltr'>μὲν</span> 
     </span>
    </p>
   </div>
   <div class='ocr_carea' id='block_1_62' title="bbox 197 1645 984 1685">
    <p class='ocr_par' dir='ltr' id='par_1_62' title="bbox 197 1645 984 1685">
     <span class='ocr_line' id='line_1_62' title="bbox 197 1645 984 1685; baseline 0.004 -12"><span class='ocrx_word' id='word_1_464' title='bbox 197 1645 243 1674; x_wconf 78' lang='grc' dir='ltr'><strong>οὖν</strong></span> <span class='ocrx_word' id='word_1_465' title='bbox 255 1647 319 1674; x_wconf 79' lang='grc' dir='ltr'>ἄλλο</span> <span class='ocrx_word' id='word_1_466' title='bbox 335 1657 361 1674; x_wconf 88' lang='grc' dir='ltr'><strong>τι</strong></span> <span class='ocrx_word' id='word_1_467' title='bbox 386 1648 573 1684; x_wconf 78' lang='grc' dir='ltr'>κατορθοῦσιν,</span> <span class='ocrx_word' id='word_1_468' title='bbox 589 1650 612 1676; x_wconf 73' lang='grc' dir='ltr'>οἱ</span> <span class='ocrx_word' id='word_1_469' title='bbox 635 1649 663 1675; x_wconf 83' lang='grc' dir='ltr'><strong>δέ</strong></span> <span class='ocrx_word' id='word_1_470' title='bbox 681 1658 742 1676; x_wconf 86' lang='grc' dir='ltr'>τινα</span> <span class='ocrx_word' id='word_1_471' title='bbox 755 1650 808 1677; x_wconf 83' lang='grc' dir='ltr'>τῶν</span> <span class='ocrx_word' id='word_1_472' title='bbox 823 1650 872 1685; x_wconf 76' lang='grc' dir='ltr'>τῆς</span> <span class='ocrx_word' id='word_1_473' title='bbox 883 1650 984 1685; x_wconf 82' lang='grc' dir='ltr'>ἀρετῆς</span> 
     </span>
    </p>
   </div>
   <div class='ocr_carea' id='block_1_63' title="bbox 198 1694 984 1731">
    <p class='ocr_par' dir='ltr' id='par_1_63' title="bbox 198 1694 984 1731">
     <span class='ocr_line' id='line_1_63' title="bbox 198 1694 984 1731; baseline 0.001 -11"><span class='ocrx_word' id='word_1_474' title='bbox 198 1694 276 1720; x_wconf 83' lang='grc' dir='ltr'>εἰδῶν</span> <span class='ocrx_word' id='word_1_475' title='bbox 290 1694 374 1721; x_wconf 73' lang='grc' dir='ltr'>ὀντων</span> <span class='ocrx_word' id='word_1_476' title='bbox 388 1694 517 1721; x_wconf 84' lang='grc' dir='ltr'>πλειόνων</span> <span class='ocrx_word' id='word_1_477' title='bbox 527 1704 534 1710; x_wconf 92' lang='grc'><strong>·</strong></span> <span class='ocrx_word' id='word_1_478' title='bbox 549 1695 655 1722; x_wconf 74' lang='grc' dir='ltr'>ἅπαντα</span> <span class='ocrx_word' id='word_1_479' title='bbox 665 1695 693 1722; x_wconf 83' lang='grc' dir='ltr'><strong>δὲ</strong></span> <span class='ocrx_word' id='word_1_480' title='bbox 704 1695 790 1727; x_wconf 81' lang='grc' dir='ltr'>οὐδεὶς</span> <span class='ocrx_word' id='word_1_481' title='bbox 803 1695 904 1730; x_wconf 73' lang='grc' dir='ltr'>ἐπῆλθε</span> <span class='ocrx_word' id='word_1_482' title='bbox 917 1695 984 1731; x_wconf 71' lang='grc' dir='ltr'>πρὸς</span> 
     </span>
    </p>
   </div>
   <div class='ocr_carea' id='block_1_64' title="bbox 197 1740 982 1776">
    <p class='ocr_par' dir='ltr' id='par_1_64' title="bbox 197 1740 982 1776">
     <span class='ocr_line' id='line_1_64' title="bbox 197 1740 982 1776; baseline 0.001 -10"><span class='ocrx_word' id='word_1_483' title='bbox 197 1740 228 1766; x_wconf 75' lang='grc' dir='ltr'>τὸ</span> <span class='ocrx_word' id='word_1_484' title='bbox 246 1740 406 1776; x_wconf 79' lang='grc' dir='ltr'>ἀκρότατον,</span> <span class='ocrx_word' id='word_1_485' title='bbox 420 1740 518 1768; x_wconf 78' lang='grc' dir='ltr'>οῦκουν</span> <span class='ocrx_word' id='word_1_486' title='bbox 533 1741 586 1767; x_wconf 82' lang='grc' dir='ltr'>τῶν</span> <span class='ocrx_word' id='word_1_487' title='bbox 607 1741 654 1768; x_wconf 78' lang='grc' dir='ltr'><strong>νῦν</strong></span> <span class='ocrx_word' id='word_1_488' title='bbox 677 1742 742 1776; x_wconf 82' lang='grc' dir='ltr'>ἡμῖν</span> <span class='ocrx_word' id='word_1_489' title='bbox 757 1741 965 1776; x_wconf 81' lang='grc' dir='ltr'>γινωσκομένων</span> <span class='ocrx_word' id='word_1_490' title='bbox 975 1750 982 1756; x_wconf 88' lang='grc'>·</span> 
     </span>
    </p>
   </div>
   <div class='ocr_carea' id='block_1_65' title="bbox 198 1784 983 1823">
    <p class='ocr_par' dir='ltr' id='par_1_65' title="bbox 198 1784 983 1823">
     <span class='ocr_line' id='line_1_65' title="bbox 198 1784 983 1823; baseline 0 -10"><span class='ocrx_word' id='word_1_491' title='bbox 198 1786 256 1813; x_wconf 78' lang='grc' dir='ltr'>ἀλλ’</span> <span class='ocrx_word' id='word_1_492' title='bbox 272 1784 348 1818; x_wconf 70' lang='grc' dir='ltr'>οὗτος</span> <span class='ocrx_word' id='word_1_493' title='bbox 359 1787 467 1822; x_wconf 82' lang='grc' dir='ltr'>ἄριστος</span> <span class='ocrx_word' id='word_1_494' title='bbox 487 1787 563 1822; x_wconf 85' lang='grc' dir='ltr'>ἡμῖν,</span> <span class='ocrx_word' id='word_1_495' title='bbox 572 1786 601 1818; x_wconf 79' lang='grc' dir='ltr'>ὃς</span> <span class='ocrx_word' id='word_1_496' title='bbox 613 1786 645 1813; x_wconf 82' lang='grc' dir='ltr'>ἂν</span> <span class='ocrx_word' id='word_1_497' title='bbox 657 1787 691 1814; x_wconf 73' lang='grc' dir='ltr'><strong>τὰ</strong></span> <span class='ocrx_word' id='word_1_498' title='bbox 701 1786 784 1814; x_wconf 83' lang='grc' dir='ltr'>πλείω</span> <span class='ocrx_word' id='word_1_499' title='bbox 796 1787 917 1823; x_wconf 84' lang='grc' dir='ltr'><strong>τυγχάνῃ</strong></span> <span class='ocrx_word' id='word_1_500' title='bbox 928 1787 983 1822; x_wconf 62' lang='grc'>(84)</span> 
     </span>
    </p>
   </div>
   <div class='ocr_carea' id='block_1_66' title="bbox 199 1832 986 1869">
    <p class='ocr_par' dir='ltr' id='par_1_66' title="bbox 199 1832 986 1869">
     <span class='ocr_line' id='line_1_66' title="bbox 199 1832 986 1869; baseline 0 -10"><span class='ocrx_word' id='word_1_501' title='bbox 199 1833 400 1869; x_wconf 75' lang='grc' dir='ltr'>κατωρθωκὼς,</span> <span class='ocrx_word' id='word_1_502' title='bbox 417 1833 433 1868; x_wconf 80' lang='grc' dir='ltr'>ἦ</span> <span class='ocrx_word' id='word_1_503' title='bbox 446 1832 474 1859; x_wconf 84' lang='grc' dir='ltr'>ἒν</span> <span class='ocrx_word' id='word_1_504' title='bbox 489 1833 530 1859; x_wconf 84' lang='grc' dir='ltr'>ὅτι</span> <span class='ocrx_word' id='word_1_505' title='bbox 546 1832 672 1868; x_wconf 81' lang='grc' dir='ltr'>μάλιστα.</span> <span class='ocrx_word' id='word_1_506' title='bbox 694 1833 723 1859; x_wconf 87' lang='grc' dir='ltr'>Ὀ</span> <span class='ocrx_word' id='word_1_507' title='bbox 737 1833 766 1860; x_wconf 86' lang='grc' dir='ltr'><strong>δὲ</strong></span> <span class='ocrx_word' id='word_1_508' title='bbox 782 1833 852 1859; x_wconf 72' lang='grc' dir='ltr'>οὕτω</span> <span class='ocrx_word' id='word_1_509' title='bbox 866 1833 909 1859; x_wconf 80' lang='grc' dir='ltr'><strong>διὰ</strong></span> <span class='ocrx_word' id='word_1_510' title='bbox 921 1833 986 1859; x_wconf 79' lang='grc' dir='ltr'>πάν·</span> 
     </span>
    </p>
   </div>
   <div class='ocr_carea' id='block_1_67' title="bbox 200 1877 984 1914">
    <p class='ocr_par' dir='ltr' id='par_1_67' title="bbox 200 1877 984 1914">
     <span class='ocr_line' id='line_1_67' title="bbox 200 1877 984 1914; baseline 0 -9"><span class='ocrx_word' id='word_1_511' title='bbox 200 1887 254 1905; x_wconf 82' lang='grc' dir='ltr'><strong>των</strong></span> <span class='ocrx_word' id='word_1_512' title='bbox 282 1879 405 1913; x_wconf 68' lang='grc' dir='ltr'>ἀφίκετο,</span> <span class='ocrx_word' id='word_1_513' title='bbox 420 1879 457 1911; x_wconf 86' lang='grc' dir='ltr'>ὡς</span> <span class='ocrx_word' id='word_1_514' title='bbox 484 1877 554 1905; x_wconf 79' lang='grc' dir='ltr'>εἶναι.</span> <span class='ocrx_word' id='word_1_515' title='bbox 575 1879 715 1914; x_wconf 73' lang='grc' dir='ltr'>φιλοτιμία</span> <span class='ocrx_word' id='word_1_516' title='bbox 727 1887 769 1910; x_wconf 83' lang='grc' dir='ltr'><strong>τις</strong></span> <span class='ocrx_word' id='word_1_517' title='bbox 780 1879 895 1913; x_wconf 75' lang='grc' dir='ltr'>φύσεως.</span> <span class='ocrx_word' id='word_1_518' title='bbox 916 1879 984 1905; x_wconf 80' lang='grc' dir='ltr'>Σκο-</span> 
     </span>
    </p>
   </div>
   <div class='ocr_carea' id='block_1_68' title="bbox 201 1925 985 1960">
    <p class='ocr_par' dir='ltr' id='par_1_68' title="bbox 201 1925 985 1960">
     <span class='ocr_line' id='line_1_68' title="bbox 201 1925 985 1960; baseline -0.001 -8"><span class='ocrx_word' id='word_1_519' title='bbox 201 1925 297 1960; x_wconf 80' lang='grc' dir='ltr'>πῶμεν</span> <span class='ocrx_word' id='word_1_520' title='bbox 312 1925 340 1952; x_wconf 83' lang='grc' dir='ltr'><strong>δὲ</strong></span> <span class='ocrx_word' id='word_1_521' title='bbox 366 1925 466 1957; x_wconf 74' lang='grc' dir='ltr'>οὕτως·</span> <span class='ocrx_word' id='word_1_522' title='bbox 490 1925 636 1959; x_wconf 82' lang='grc' dir='ltr'>Ἀκτησίαν</span> <span class='ocrx_word' id='word_1_523' title='bbox 661 1925 703 1956; x_wconf 86' lang='grc' dir='ltr'><strong>τίς</strong></span> <span class='ocrx_word' id='word_1_524' title='bbox 731 1925 846 1958; x_wconf 79' lang='grc' dir='ltr'>ἐπαινεῖ,</span> <span class='ocrx_word' id='word_1_525' title='bbox 862 1925 908 1952; x_wconf 77' lang='grc' dir='ltr'>καὶ</span> <span class='ocrx_word' id='word_1_526' title='bbox 928 1925 985 1960; x_wconf 78' lang='grc' dir='ltr'>βίον</span> 
     </span>
    </p>
   </div>
   <div class='ocr_carea' id='block_1_69' title="bbox 200 1969 985 2006">
    <p class='ocr_par' dir='ltr' id='par_1_69' title="bbox 200 1969 985 2006">
     <span class='ocr_line' id='line_1_69' title="bbox 200 1969 985 2006; baseline -0.001 -8"><span class='ocrx_word' id='word_1_527' title='bbox 200 1971 316 1999; x_wconf 73' lang='grc' dir='ltr'>ἄσκευον</span> <span class='ocrx_word' id='word_1_528' title='bbox 332 1971 402 2006; x_wconf 82' lang='lat'><strong>(85),</strong></span> <span class='ocrx_word' id='word_1_529' title='bbox 427 1971 474 1997; x_wconf 79' lang='grc' dir='ltr'>καὶ</span> <span class='ocrx_word' id='word_1_530' title='bbox 488 1970 648 2006; x_wconf 83' lang='grc' dir='ltr'>ἁπέριττον;</span> <span class='ocrx_word' id='word_1_531' title='bbox 670 1969 780 2005; x_wconf 82' lang='grc' dir='ltr'>Ἐκείνῳ</span> <span class='ocrx_word' id='word_1_532' title='bbox 804 1970 843 2003; x_wconf 75' lang='grc' dir='ltr'><strong>δὲ,</strong></span> <span class='ocrx_word' id='word_1_533' title='bbox 866 1969 891 1997; x_wconf 80' lang='grc' dir='ltr'><strong>τί</strong></span> <span class='ocrx_word' id='word_1_534' title='bbox 921 1979 985 1997; x_wconf 87' lang='grc' dir='ltr'>ποτε</span> 
     </span>
    </p>
   </div>
   <div class='ocr_carea' id='block_1_70' title="bbox 200 2014 987 2052">
    <p class='ocr_par' dir='ltr' id='par_1_70' title="bbox 200 2014 987 2052">
     <span class='ocr_line' id='line_1_70' title="bbox 200 2014 987 2052; baseline -0.004 -8"><span class='ocrx_word' id='word_1_535' title='bbox 200 2014 234 2052; x_wconf 84' lang='grc' dir='ltr'>ἦν</span> <span class='ocrx_word' id='word_1_536' title='bbox 246 2017 314 2051; x_wconf 82' lang='grc'>(86),</span> <span class='ocrx_word' id='word_1_537' title='bbox 331 2015 400 2052; x_wconf 83' lang='grc' dir='ltr'>πλὴν</span> <span class='ocrx_word' id='word_1_538' title='bbox 415 2015 462 2042; x_wconf 87' lang='grc' dir='ltr'><strong>τοῦ</strong></span> <span class='ocrx_word' id='word_1_539' title='bbox 480 2014 615 2050; x_wconf 84' lang='grc' dir='ltr'>σώματος,</span> <span class='ocrx_word' id='word_1_540' title='bbox 632 2015 678 2042; x_wconf 76' lang='grc' dir='ltr'>καὶ</span> <span class='ocrx_word' id='word_1_541' title='bbox 694 2014 748 2041; x_wconf 80' lang='grc' dir='ltr'>τῶν</span> <span class='ocrx_word' id='word_1_542' title='bbox 764 2016 919 2050; x_wconf 77' lang='grc' dir='ltr'>ἀναγκαίων</span> <span class='ocrx_word' id='word_1_543' title='bbox 936 2015 987 2050; x_wconf 82' lang='grc' dir='ltr'>τῆς</span> 
     </span>
    </p>
   </div>
   <div class='ocr_carea' id='block_1_71' title="bbox 202 2061 986 2099">
    <p class='ocr_par' dir='ltr' id='par_1_71' title="bbox 202 2061 986 2099">
     <span class='ocr_line' id='line_1_71' title="bbox 202 2061 986 2099; baseline -0.001 -10"><span class='ocrx_word' id='word_1_544' title='bbox 202 2063 301 2099; x_wconf 75' lang='grc' dir='ltr'>σαρκὸς</span> <span class='ocrx_word' id='word_1_545' title='bbox 315 2061 518 2098; x_wconf 82' lang='grc' dir='ltr'>καλυμμάτων;</span> <span class='ocrx_word' id='word_1_546' title='bbox 536 2061 653 2093; x_wconf 83' lang='grc' dir='ltr'>Πλοῦτος</span> <span class='ocrx_word' id='word_1_547' title='bbox 664 2062 702 2093; x_wconf 83' lang='grc' dir='ltr'>δὲ,</span> <span class='ocrx_word' id='word_1_548' title='bbox 714 2063 744 2089; x_wconf 83' lang='grc' dir='ltr'><strong>τὺ</strong></span> <span class='ocrx_word' id='word_1_549' title='bbox 754 2062 836 2098; x_wconf 72' lang='grc' dir='ltr'>μηδὲν</span> <span class='ocrx_word' id='word_1_550' title='bbox 850 2062 930 2097; x_wconf 76' lang='grc' dir='ltr'>ἔχειν,</span> <span class='ocrx_word' id='word_1_551' title='bbox 940 2062 986 2088; x_wconf 77' lang='grc' dir='ltr'>καὶ</span> 
     </span>
    </p>
   </div>
   <div class='ocr_carea' id='block_1_72' title="bbox 199 2105 988 2144">
    <p class='ocr_par' dir='ltr' id='par_1_72' title="bbox 199 2105 988 2144">
     <span class='ocr_line' id='line_1_72' title="bbox 199 2105 988 2144; baseline -0.001 -9"><span class='ocrx_word' id='word_1_552' title='bbox 199 2109 214 2135; x_wconf 83' lang='grc' dir='ltr'>ὁ</span> <span class='ocrx_word' id='word_1_553' title='bbox 226 2108 350 2144; x_wconf 71' lang='grc' dir='ltr'>σταυρὸς,</span> <span class='ocrx_word' id='word_1_554' title='bbox 366 2105 388 2142; x_wconf 84' lang='grc' dir='ltr'>ᾧ</span> <span class='ocrx_word' id='word_1_555' title='bbox 401 2107 500 2144; x_wconf 77' lang='grc' dir='ltr'>συνέζῃ</span> <span class='ocrx_word' id='word_1_556' title='bbox 512 2107 594 2143; x_wconf 81' lang='grc' dir='ltr'>μόνῳ,</span> <span class='ocrx_word' id='word_1_557' title='bbox 607 2107 636 2134; x_wconf 82' lang='grc' dir='ltr'>ὃν</span> <span class='ocrx_word' id='word_1_558' title='bbox 649 2107 753 2134; x_wconf 79' lang='grc' dir='ltr'>πολλῶν</span> <span class='ocrx_word' id='word_1_559' title='bbox 770 2117 821 2144; x_wconf 81' lang='grc' dir='ltr'><strong>χρη</strong></span> <span class='ocrx_word' id='word_1_560' title='bbox 827 2109 917 2142; x_wconf 85' lang='grc' dir='ltr'>μάτων</span> <span class='ocrx_word' id='word_1_561' title='bbox 930 2107 988 2134; x_wconf 81' lang='grc' dir='ltr'><strong>ὲνὸ-</strong></span> 
     </span>
    </p>
   </div>
   <div class='ocr_carea' id='block_1_73' title="bbox 202 2153 985 2190">
    <p class='ocr_par' dir='ltr' id='par_1_73' title="bbox 202 2153 985 2190">
     <span class='ocr_line' id='line_1_73' title="bbox 202 2153 985 2190; baseline -0.001 -10"><span class='ocrx_word' id='word_1_562' title='bbox 202 2155 280 2190; x_wconf 79' lang='grc' dir='ltr'>μιζεν</span> <span class='ocrx_word' id='word_1_563' title='bbox 295 2154 385 2189; x_wconf 81' lang='grc' dir='ltr'>ἐαυτῷ</span> <span class='ocrx_word' id='word_1_564' title='bbox 400 2153 574 2190; x_wconf 79' lang='grc' dir='ltr'>τιμιώτερον.</span> <span class='ocrx_word' id='word_1_565' title='bbox 590 2154 716 2181; x_wconf 78' lang='grc' dir='ltr'>Ἂπαντα</span> <span class='ocrx_word' id='word_1_566' title='bbox 740 2153 788 2189; x_wconf 81' lang='grc' dir='ltr'>μὲν</span> <span class='ocrx_word' id='word_1_567' title='bbox 803 2154 857 2188; x_wconf 77' lang='grc' dir='ltr'>γὰρ</span> <span class='ocrx_word' id='word_1_568' title='bbox 869 2153 922 2179; x_wconf 77' lang='grc' dir='ltr'><strong>οὐδ’</strong></span> <span class='ocrx_word' id='word_1_569' title='bbox 941 2153 985 2186; x_wconf 87' lang='grc' dir='ltr'>ἂν,</span> 
     </span>
    </p>
   </div>
   <div class='ocr_carea' id='block_1_74' title="bbox 200 2197 986 2235">
    <p class='ocr_par' dir='ltr' id='par_1_74' title="bbox 200 2197 986 2235">
     <span class='ocr_line' id='line_1_74' title="bbox 200 2197 986 2235; baseline 0 -9"><span class='ocrx_word' id='word_1_570' title='bbox 200 2201 224 2226; x_wconf 79' lang='grc' dir='ltr'><strong>εἰ</strong></span> <span class='ocrx_word' id='word_1_571' title='bbox 252 2199 373 2235; x_wconf 81' lang='grc' dir='ltr'>βούλοιτό</span> <span class='ocrx_word' id='word_1_572' title='bbox 387 2208 438 2232; x_wconf 83' lang='grc' dir='ltr'>τις,</span> <span class='ocrx_word' id='word_1_573' title='bbox 456 2199 569 2225; x_wconf 82' lang='grc' dir='ltr'>δυνατὸν</span> <span class='ocrx_word' id='word_1_574' title='bbox 592 2197 662 2226; x_wconf 80' lang='grc' dir='ltr'>εἶναι</span> <span class='ocrx_word' id='word_1_575' title='bbox 686 2198 855 2234; x_wconf 78' lang='grc' dir='ltr'>κτήσασθαι·</span> <span class='ocrx_word' id='word_1_576' title='bbox 877 2199 986 2226; x_wconf 82' lang='grc' dir='ltr'>πάντων</span> 
     </span>
    </p>
   </div>
   <div class='ocr_carea' id='block_1_75' title="bbox 1035 1602 1820 1638">
    <p class='ocr_par' dir='ltr' id='par_1_75' title="bbox 1035 1602 1820 1638">
     <span class='ocr_line' id='line_1_75' title="bbox 1035 1602 1820 1638; baseline 0.001 -9"><span class='ocrx_word' id='word_1_577' title='bbox 1035 1603 1079 1630; x_wconf 90' lang='lat' dir='ltr'><strong>rit.</strong></span> <span class='ocrx_word' id='word_1_578' title='bbox 1108 1602 1162 1638; x_wconf 75' lang='lat' dir='ltr'><strong>Ego</strong></span> <span class='ocrx_word' id='word_1_579' title='bbox 1187 1607 1288 1633; x_wconf 82' lang='lat' dir='ltr'><strong>tamen.</strong></span> <span class='ocrx_word' id='word_1_580' title='bbox 1306 1602 1428 1636; x_wconf 87' lang='lat' dir='ltr'><strong>utrisque</strong></span> <span class='ocrx_word' id='word_1_581' title='bbox 1447 1603 1598 1637; x_wconf 81' lang='lat' dir='ltr'><strong>perpensis,</strong></span> <span class='ocrx_word' id='word_1_582' title='bbox 1617 1610 1712 1637; x_wconf 83' lang='lat' dir='ltr'><strong>nempe</strong></span> <span class='ocrx_word' id='word_1_583' title='bbox 1725 1607 1754 1630; x_wconf 89' lang='lat' dir='ltr'><strong>et</strong></span> <span class='ocrx_word' id='word_1_584' title='bbox 1776 1603 1820 1637; x_wconf 84' lang='lat' dir='ltr'><strong>iis,</strong></span> 
     </span>
    </p>
   </div>
   <div class='ocr_carea' id='block_1_76' title="bbox 1033 1648 1822 1684">
    <p class='ocr_par' dir='ltr' id='par_1_76' title="bbox 1033 1648 1822 1684">
     <span class='ocr_line' id='line_1_76' title="bbox 1033 1648 1822 1684; baseline 0.001 -9"><span class='ocrx_word' id='word_1_585' title='bbox 1033 1648 1078 1683; x_wconf 82' lang='lat' dir='ltr'><strong>qui</strong></span> <span class='ocrx_word' id='word_1_586' title='bbox 1094 1648 1233 1676; x_wconf 86' lang='lat' dir='ltr'><strong>brevitatis</strong></span> <span class='ocrx_word' id='word_1_587' title='bbox 1249 1648 1375 1675; x_wconf 90' lang='lat' dir='ltr'><strong>nimirum</strong></span> <span class='ocrx_word' id='word_1_588' title='bbox 1390 1648 1501 1676; x_wconf 90' lang='lat' dir='ltr'><strong>studiosi</strong></span> <span class='ocrx_word' id='word_1_589' title='bbox 1519 1653 1591 1680; x_wconf 83' lang='lat' dir='ltr'><strong>sunt,</strong></span> <span class='ocrx_word' id='word_1_590' title='bbox 1607 1654 1634 1675; x_wconf 87' lang='lat' dir='ltr'><strong>et</strong></span> <span class='ocrx_word' id='word_1_591' title='bbox 1645 1649 1688 1680; x_wconf 86' lang='lat' dir='ltr'><strong>iis,</strong></span> <span class='ocrx_word' id='word_1_592' title='bbox 1702 1649 1746 1684; x_wconf 90' lang='lat' dir='ltr'><strong>qni</strong></span> <span class='ocrx_word' id='word_1_593' title='bbox 1763 1649 1822 1676; x_wconf 87' lang='lat' dir='ltr'><strong>nul-</strong></span> 
     </span>
    </p>
   </div>
   <div class='ocr_carea' id='block_1_77' title="bbox 1034 1694 1820 1730">
    <p class='ocr_par' dir='ltr' id='par_1_77' title="bbox 1034 1694 1820 1730">
     <span class='ocr_line' id='line_1_77' title="bbox 1034 1694 1820 1730; baseline 0.003 -9"><span class='ocrx_word' id='word_1_594' title='bbox 1034 1694 1059 1722; x_wconf 86' lang='lat' dir='ltr'><strong>la</strong></span> <span class='ocrx_word' id='word_1_595' title='bbox 1073 1697 1196 1722; x_wconf 86' lang='lat' dir='ltr'><strong>oratione</strong></span> <span class='ocrx_word' id='word_1_596' title='bbox 1212 1695 1328 1721; x_wconf 88' lang='lat' dir='ltr'><strong>saturari</strong></span> <span class='ocrx_word' id='word_1_597' title='bbox 1343 1700 1465 1730; x_wconf 87' lang='lat' dir='ltr'><strong>possunt,</strong></span> <span class='ocrx_word' id='word_1_598' title='bbox 1481 1695 1552 1722; x_wconf 90' lang='lat' dir='ltr'><strong>lntnc</strong></span> <span class='ocrx_word' id='word_1_599' title='bbox 1567 1694 1624 1722; x_wconf 79' lang='lat' dir='ltr'><strong>fere</strong></span> <span class='ocrx_word' id='word_1_600' title='bbox 1641 1696 1746 1722; x_wconf 79' lang='lat' dir='ltr'><strong>dicendi</strong></span> <span class='ocrx_word' id='word_1_601' title='bbox 1763 1703 1820 1723; x_wconf 94' lang='lat' dir='ltr'><strong>mo-</strong></span> 
     </span>
    </p>
   </div>
   <div class='ocr_carea' id='block_1_78' title="bbox 1034 1741 1822 1775">
    <p class='ocr_par' dir='ltr' id='par_1_78' title="bbox 1034 1741 1822 1775">
     <span class='ocr_line' id='line_1_78' title="bbox 1034 1741 1822 1775; baseline 0 -7"><span class='ocrx_word' id='word_1_602' title='bbox 1034 1741 1097 1768; x_wconf 92' lang='lat' dir='ltr'><strong>dum</strong></span> <span class='ocrx_word' id='word_1_603' title='bbox 1107 1741 1226 1768; x_wconf 89' lang='lat' dir='ltr'><strong>&#39;tencbo.</strong></span> <span class='ocrx_word' id='word_1_604' title='bbox 1241 1741 1291 1768; x_wconf 83' lang='lat' dir='ltr'><strong>Alii</strong></span> <span class='ocrx_word' id='word_1_605' title='bbox 1319 1741 1372 1768; x_wconf 90' lang='lat' dir='ltr'><strong>alio</strong></span> <span class='ocrx_word' id='word_1_606' title='bbox 1401 1741 1518 1775; x_wconf 89' lang='lat' dir='ltr'><strong>qttodam</strong></span> <span class='ocrx_word' id='word_1_607' title='bbox 1541 1742 1646 1768; x_wconf 81' lang='lat' dir='ltr'><strong>virtutis</strong></span> <span class='ocrx_word' id='word_1_608' title='bbox 1662 1741 1749 1768; x_wconf 78' lang='lat' dir='ltr'><strong>oliicio</strong></span> <span class='ocrx_word' id='word_1_609' title='bbox 1761 1741 1822 1768; x_wconf 85' lang='lat' dir='ltr'><strong>l‘un-</strong></span> 
     </span>
    </p>
   </div>
   <div class='ocr_carea' id='block_1_79' title="bbox 1035 1785 1822 1822">
    <p class='ocr_par' dir='ltr' id='par_1_79' title="bbox 1035 1785 1822 1822">
     <span class='ocr_line' id='line_1_79' title="bbox 1035 1785 1822 1822; baseline 0.001 -9"><span class='ocrx_word' id='word_1_610' title='bbox 1035 1791 1143 1822; x_wconf 82' lang='lat' dir='ltr'><strong>guntur.</strong></span> <span class='ocrx_word' id='word_1_611' title='bbox 1159 1785 1285 1813; x_wconf 88' lang='lat' dir='ltr'><strong>Nonnulli</strong></span> <span class='ocrx_word' id='word_1_612' title='bbox 1299 1786 1380 1813; x_wconf 87' lang='lat' dir='ltr'><strong>etiam</strong></span> <span class='ocrx_word' id='word_1_613' title='bbox 1393 1793 1425 1813; x_wconf 82' lang='lat' dir='ltr'><strong>ex</strong></span> <span class='ocrx_word' id='word_1_614' title='bbox 1441 1786 1561 1821; x_wconf 88' lang='lat' dir='ltr'><strong>pluribus</strong></span> <span class='ocrx_word' id='word_1_615' title='bbox 1584 1787 1690 1813; x_wconf 87' lang='lat' dir='ltr'><strong>virtutis</strong></span> <span class='ocrx_word' id='word_1_616' title='bbox 1714 1787 1822 1820; x_wconf 76' lang='lat' dir='ltr'><strong>generi~</strong></span> 
     </span>
    </p>
   </div>
   <div class='ocr_carea' id='block_1_80' title="bbox 1035 1831 1821 1867">
    <p class='ocr_par' dir='ltr' id='par_1_80' title="bbox 1035 1831 1821 1867">
     <span class='ocr_line' id='line_1_80' title="bbox 1035 1831 1821 1867; baseline -0.001 -7"><span class='ocrx_word' id='word_1_617' title='bbox 1035 1833 1085 1860; x_wconf 90' lang='lat' dir='ltr'><strong>bus</strong></span> <span class='ocrx_word' id='word_1_618' title='bbox 1115 1831 1237 1867; x_wconf 66' lang='lat' dir='ltr'><strong>quaedam</strong></span> <span class='ocrx_word' id='word_1_619' title='bbox 1269 1837 1457 1867; x_wconf 84' lang='lat' dir='ltr'><strong>assequuntur.</strong></span> <span class='ocrx_word' id='word_1_620' title='bbox 1488 1831 1572 1859; x_wconf 81' lang='lat' dir='ltr'><strong>Nemo</strong></span> <span class='ocrx_word' id='word_1_621' title='bbox 1591 1837 1680 1859; x_wconf 83' lang='lat' dir='ltr'><strong>autent</strong></span> <span class='ocrx_word' id='word_1_622' title='bbox 1698 1838 1750 1864; x_wconf 83' lang='lat' dir='ltr'><strong>est,</strong></span> <span class='ocrx_word' id='word_1_623' title='bbox 1774 1832 1821 1867; x_wconf 91' lang='lat' dir='ltr'><strong>qui</strong></span> 
     </span>
    </p>
   </div>
   <div class='ocr_carea' id='block_1_81' title="bbox 1035 1877 1823 1913">
    <p class='ocr_par' dir='ltr' id='par_1_81' title="bbox 1035 1877 1823 1913">
     <span class='ocr_line' id='line_1_81' title="bbox 1035 1877 1823 1913; baseline -0.001 -8"><span class='ocrx_word' id='word_1_624' title='bbox 1035 1885 1084 1913; x_wconf 86' lang='lat' dir='ltr'><strong>per</strong></span> <span class='ocrx_word' id='word_1_625' title='bbox 1094 1878 1184 1905; x_wconf 84' lang='lat' dir='ltr'><strong>omnia</strong></span> <span class='ocrx_word' id='word_1_626' title='bbox 1200 1877 1232 1904; x_wconf 88' lang='lat' dir='ltr'><strong>ad</strong></span> <span class='ocrx_word' id='word_1_627' title='bbox 1246 1885 1380 1905; x_wconf 83' lang='lat' dir='ltr'><strong>summum</strong></span> <span class='ocrx_word' id='word_1_628' title='bbox 1403 1885 1487 1913; x_wconf 82' lang='lat' dir='ltr'><strong>usque</strong></span> <span class='ocrx_word' id='word_1_629' title='bbox 1510 1882 1649 1913; x_wconf 80' lang='lat' dir='ltr'><strong>grassatus</strong></span> <span class='ocrx_word' id='word_1_630' title='bbox 1670 1878 1716 1911; x_wconf 85' lang='lat' dir='ltr'><strong>sit,</strong></span> <span class='ocrx_word' id='word_1_631' title='bbox 1730 1885 1823 1905; x_wconf 88' lang='lat' dir='ltr'><strong>eorum</strong></span> 
     </span>
    </p>
   </div>
   <div class='ocr_carea' id='block_1_82' title="bbox 1038 1922 1824 1959">
    <p class='ocr_par' dir='ltr' id='par_1_82' title="bbox 1038 1922 1824 1959">
     <span class='ocr_line' id='line_1_82' title="bbox 1038 1922 1824 1959; baseline 0.001 -9"><span class='ocrx_word' id='word_1_632' title='bbox 1038 1924 1147 1959; x_wconf 88' lang='lat' dir='ltr'><strong>quidem</strong></span> <span class='ocrx_word' id='word_1_633' title='bbox 1176 1928 1263 1956; x_wconf 87' lang='lat' dir='ltr'><strong>certe,</strong></span> <span class='ocrx_word' id='word_1_634' title='bbox 1293 1924 1339 1958; x_wconf 86' lang='lat' dir='ltr'><strong>qui</strong></span> <span class='ocrx_word' id='word_1_635' title='bbox 1373 1923 1449 1950; x_wconf 88' lang='lat' dir='ltr'><strong>nobis</strong></span> <span class='ocrx_word' id='word_1_636' title='bbox 1479 1924 1536 1950; x_wconf 91' lang='lat' dir='ltr'><strong>uoti</strong></span> <span class='ocrx_word' id='word_1_637' title='bbox 1576 1928 1649 1950; x_wconf 89' lang='lat' dir='ltr'><strong>sunt.</strong></span> <span class='ocrx_word' id='word_1_638' title='bbox 1675 1922 1775 1950; x_wconf 79' lang='lat' dir='ltr'><strong>Verum</strong></span> <span class='ocrx_word' id='word_1_639' title='bbox 1800 1923 1824 1951; x_wconf 85' lang='lat' dir='ltr'><strong>is</strong></span> 
     </span>
    </p>
   </div>
   <div class='ocr_carea' id='block_1_83' title="bbox 1037 1969 1823 2005">
    <p class='ocr_par' dir='ltr' id='par_1_83' title="bbox 1037 1969 1823 2005">
     <span class='ocr_line' id='line_1_83' title="bbox 1037 1969 1823 2005; baseline -0.004 -7"><span class='ocrx_word' id='word_1_640' title='bbox 1037 1971 1106 2005; x_wconf 89' lang='lat' dir='ltr'><strong>apud</strong></span> <span class='ocrx_word' id='word_1_641' title='bbox 1126 1977 1175 1997; x_wconf 89' lang='lat' dir='ltr'><strong>nos</strong></span> <span class='ocrx_word' id='word_1_642' title='bbox 1197 1969 1437 2005; x_wconf 78' lang='lat' dir='ltr'><strong>przcstantissimus</strong></span> <span class='ocrx_word' id='word_1_643' title='bbox 1456 1973 1507 2002; x_wconf 88' lang='lat' dir='ltr'><strong>est,</strong></span> <span class='ocrx_word' id='word_1_644' title='bbox 1520 1969 1576 2004; x_wconf 90' lang='lat' dir='ltr'><strong>qui,</strong></span> <span class='ocrx_word' id='word_1_645' title='bbox 1591 1969 1631 1996; x_wconf 94' lang='lat' dir='ltr'><strong>vel</strong></span> <span class='ocrx_word' id='word_1_646' title='bbox 1654 1969 1823 2004; x_wconf 88' lang='lat' dir='ltr'><strong>quampluri-</strong></span> 
     </span>
    </p>
   </div>
   <div class='ocr_carea' id='block_1_84' title="bbox 1037 2016 1824 2051">
    <p class='ocr_par' dir='ltr' id='par_1_84' title="bbox 1037 2016 1824 2051">
     <span class='ocr_line' id='line_1_84' title="bbox 1037 2016 1824 2051; baseline -0.003 -7"><span class='ocrx_word' id='word_1_647' title='bbox 1037 2024 1079 2044; x_wconf 85' lang='lat' dir='ltr'><strong>ma</strong></span> <span class='ocrx_word' id='word_1_648' title='bbox 1095 2016 1260 2051; x_wconf 65' lang='lat' dir='ltr'><strong>praestiterit,</strong></span> <span class='ocrx_word' id='word_1_649' title='bbox 1272 2016 1314 2043; x_wconf 90' lang='lat' dir='ltr'><strong>vel</strong></span> <span class='ocrx_word' id='word_1_650' title='bbox 1328 2023 1409 2042; x_wconf 91' lang='lat' dir='ltr'><strong>unum</strong></span> <span class='ocrx_word' id='word_1_651' title='bbox 1424 2023 1506 2050; x_wconf 87' lang='lat' dir='ltr'><strong>quam</strong></span> <span class='ocrx_word' id='word_1_652' title='bbox 1529 2016 1645 2042; x_wconf 82' lang='lat' dir='ltr'><strong>maxime</strong></span> <span class='ocrx_word' id='word_1_653' title='bbox 1656 2020 1682 2043; x_wconf 90' lang='lat' dir='ltr'><strong>et</strong></span> <span class='ocrx_word' id='word_1_654' title='bbox 1694 2020 1824 2050; x_wconf 69' lang='lat' dir='ltr'><strong>praestan-</strong></span> 
     </span>
    </p>
   </div>
   <div class='ocr_carea' id='block_1_85' title="bbox 1037 2060 1824 2095">
    <p class='ocr_par' dir='ltr' id='par_1_85' title="bbox 1037 2060 1824 2095">
     <span class='ocr_line' id='line_1_85' title="bbox 1037 2060 1824 2095; baseline -0.003 -6"><span class='ocrx_word' id='word_1_655' title='bbox 1037 2061 1151 2089; x_wconf 89' lang='lat' dir='ltr'><strong>tissime.</strong></span> <span class='ocrx_word' id='word_1_656' title='bbox 1167 2061 1202 2088; x_wconf 77' lang='lat' dir='ltr'><strong>At</strong></span> <span class='ocrx_word' id='word_1_657' title='bbox 1227 2060 1341 2088; x_wconf 87' lang='lat' dir='ltr'><strong>Basilius</strong></span> <span class='ocrx_word' id='word_1_658' title='bbox 1358 2061 1394 2087; x_wconf 83' lang='lat' dir='ltr'><strong>ita</strong></span> <span class='ocrx_word' id='word_1_659' title='bbox 1414 2060 1504 2086; x_wconf 86' lang='lat' dir='ltr'><strong>omnia</strong></span> <span class='ocrx_word' id='word_1_660' title='bbox 1527 2060 1689 2095; x_wconf 79' lang='lat' dir='ltr'><strong>peragravit,</strong></span> <span class='ocrx_word' id='word_1_661' title='bbox 1706 2065 1735 2087; x_wconf 89' lang='lat' dir='ltr'><strong>ut</strong></span> <span class='ocrx_word' id='word_1_662' title='bbox 1753 2060 1779 2087; x_wconf 93' lang='lat' dir='ltr'><strong>in</strong></span> <span class='ocrx_word' id='word_1_663' title='bbox 1791 2068 1824 2088; x_wconf 89' lang='lat' dir='ltr'><strong>eo</strong></span> 
     </span>
    </p>
   </div>
   <div class='ocr_carea' id='block_1_86' title="bbox 1036 2104 1824 2142">
    <p class='ocr_par' dir='ltr' id='par_1_86' title="bbox 1036 2104 1824 2142">
     <span class='ocr_line' id='line_1_86' title="bbox 1036 2104 1824 2142; baseline 0 -9"><span class='ocrx_word' id='word_1_664' title='bbox 1036 2106 1128 2142; x_wconf 68' lang='lat' dir='ltr'><strong>gloriae</strong></span> <span class='ocrx_word' id='word_1_665' title='bbox 1155 2104 1476 2141; x_wconf 77' lang='lat' dir='ltr'><strong>materiam,qu:csivisse</strong></span> <span class='ocrx_word' id='word_1_666' title='bbox 1509 2111 1605 2133; x_wconf 82' lang='lat' dir='ltr'><strong>natura</strong></span> <span class='ocrx_word' id='word_1_667' title='bbox 1636 2106 1769 2133; x_wconf 83' lang='lat' dir='ltr'><strong>videatur.</strong></span> <span class='ocrx_word' id='word_1_668' title='bbox 1796 2105 1824 2133; x_wconf 80' lang='lat' dir='ltr'><strong>Id</strong></span> 
     </span>
    </p>
   </div>
   <div class='ocr_carea' id='block_1_87' title="bbox 1037 2151 1823 2187">
    <p class='ocr_par' dir='ltr' id='par_1_87' title="bbox 1037 2151 1823 2187">
     <span class='ocr_line' id='line_1_87' title="bbox 1037 2151 1823 2187; baseline 0.001 -8"><span class='ocrx_word' id='word_1_669' title='bbox 1037 2157 1125 2179; x_wconf 85' lang='lat' dir='ltr'><strong>autem</strong></span> <span class='ocrx_word' id='word_1_670' title='bbox 1142 2153 1182 2180; x_wconf 85' lang='lat' dir='ltr'><strong>sic.</strong></span> <span class='ocrx_word' id='word_1_671' title='bbox 1204 2151 1411 2187; x_wconf 74' lang='lat' dir='ltr'><strong>perSpiciamus.</strong></span> <span class='ocrx_word' id='word_1_672' title='bbox 1434 2151 1537 2178; x_wconf 84' lang='lat' dir='ltr'><strong>Laudat</strong></span> <span class='ocrx_word' id='word_1_673' title='bbox 1559 2151 1692 2186; x_wconf 88' lang='lat' dir='ltr'><strong>quispiam</strong></span> <span class='ocrx_word' id='word_1_674' title='bbox 1714 2159 1823 2187; x_wconf 85' lang='lat' dir='ltr'><strong>posses-</strong></span> 
     </span>
    </p>
   </div>
   <div class='ocr_carea' id='block_1_88' title="bbox 1037 2196 1823 2233">
    <p class='ocr_par' dir='ltr' id='par_1_88' title="bbox 1037 2196 1823 2233">
     <span class='ocr_line' id='line_1_88' title="bbox 1037 2196 1823 2233; baseline -0.003 -7"><span class='ocrx_word' id='word_1_675' title='bbox 1037 2199 1143 2226; x_wconf 89' lang='lat' dir='ltr'><strong>sionum</strong></span> <span class='ocrx_word' id='word_1_676' title='bbox 1159 2198 1310 2233; x_wconf 81' lang='lat' dir='ltr'><strong>penuriam,</strong></span> <span class='ocrx_word' id='word_1_677' title='bbox 1328 2197 1465 2232; x_wconf 87' lang='lat' dir='ltr'><strong>vitamque</strong></span> <span class='ocrx_word' id='word_1_678' title='bbox 1482 2196 1655 2232; x_wconf 86' lang='lat' dir='ltr'><strong>supellectilis</strong></span> <span class='ocrx_word' id='word_1_679' title='bbox 1673 2202 1823 2232; x_wconf 83' lang='lat' dir='ltr'><strong>expertem,</strong></span> 
     </span>
    </p>
   </div>
   <div class='ocr_carea' id='block_1_89' title="bbox 200 2233 994 2282">
    <p class='ocr_par' dir='ltr' id='par_1_89' title="bbox 200 2244 986 2282">
     <span class='ocr_line' id='line_1_89' title="bbox 200 2244 986 2282; baseline -0.004 -8"><span class='ocrx_word' id='word_1_680' title='bbox 200 2247 228 2274; x_wconf 82' lang='grc' dir='ltr'><strong>δὲ</strong></span> <span class='ocrx_word' id='word_1_681' title='bbox 241 2246 340 2274; x_wconf 76' lang='grc' dir='ltr'>ειδέναι</span> <span class='ocrx_word' id='word_1_682' title='bbox 356 2246 547 2282; x_wconf 74' lang='grc' dir='ltr'>καταφρονεῖν,</span> <span class='ocrx_word' id='word_1_683' title='bbox 564 2245 612 2272; x_wconf 74' lang='grc' dir='ltr'>καὶ</span> <span class='ocrx_word' id='word_1_684' title='bbox 625 2244 697 2272; x_wconf 76' lang='grc' dir='ltr'>οὕτω</span> <span class='ocrx_word' id='word_1_685' title='bbox 719 2245 835 2280; x_wconf 83' lang='grc' dir='ltr'>κρείττω</span> <span class='ocrx_word' id='word_1_686' title='bbox 847 2245 901 2271; x_wconf 85' lang='grc' dir='ltr'>τῶν</span> <span class='ocrx_word' id='word_1_687' title='bbox 917 2245 986 2272; x_wconf 80' lang='grc' dir='ltr'>πάν-</span> 
     </span>
    </p>
   </div>
   <div class='ocr_carea' id='block_1_90' title="bbox 1035 2233 1824 2282">
    <p class='ocr_par' dir='ltr' id='par_1_90' title="bbox 1037 2242 1824 2279">
     <span class='ocr_line' id='line_1_90' title="bbox 1037 2242 1824 2279; baseline -0.003 -7"><span class='ocrx_word' id='word_1_688' title='bbox 1037 2249 1065 2272; x_wconf 87' lang='lat' dir='ltr'><strong>et</strong></span> <span class='ocrx_word' id='word_1_689' title='bbox 1079 2244 1288 2279; x_wconf 87' lang='lat' dir='ltr'><strong>supervacaneis</strong></span> <span class='ocrx_word' id='word_1_690' title='bbox 1299 2243 1381 2270; x_wconf 88' lang='lat' dir='ltr'><strong>rebus</strong></span> <span class='ocrx_word' id='word_1_691' title='bbox 1400 2243 1533 2270; x_wconf 86' lang='lat' dir='ltr'><strong>vacuam?</strong></span> <span class='ocrx_word' id='word_1_692' title='bbox 1552 2242 1591 2269; x_wconf 93' lang='lat' dir='ltr'><strong>llli</strong></span> <span class='ocrx_word' id='word_1_693' title='bbox 1604 2249 1667 2270; x_wconf 85' lang='lat' dir='ltr'><strong>vero</strong></span> <span class='ocrx_word' id='word_1_694' title='bbox 1693 2243 1756 2277; x_wconf 90' lang='lat' dir='ltr'><strong>quid</strong></span> <span class='ocrx_word' id='word_1_695' title='bbox 1772 2251 1824 2270; x_wconf 93' lang='lat' dir='ltr'><strong>un-</strong></span> 
     </span>
    </p>
   </div>
   <div class='ocr_carea' id='block_1_91' title="bbox 201 2290 984 2328">
    <p class='ocr_par' dir='ltr' id='par_1_91' title="bbox 201 2290 984 2328">
     <span class='ocr_line' id='line_1_91' title="bbox 201 2290 984 2328; baseline -0.005 -8"><span class='ocrx_word' id='word_1_696' title='bbox 201 2301 253 2320; x_wconf 87' lang='grc' dir='ltr'><strong>των</strong></span> <span class='ocrx_word' id='word_1_697' title='bbox 270 2291 424 2328; x_wconf 85' lang='grc' dir='ltr'>φαίνεσθαι.</span> <span class='ocrx_word' id='word_1_698' title='bbox 441 2291 519 2318; x_wconf 79' lang='grc' dir='ltr'>Οὕτω</span> <span class='ocrx_word' id='word_1_699' title='bbox 534 2290 562 2317; x_wconf 83' lang='grc' dir='ltr'><strong>δὲ</strong></span> <span class='ocrx_word' id='word_1_700' title='bbox 575 2290 736 2326; x_wconf 66' lang='grc' dir='ltr'>διανοηθεὶς,</span> <span class='ocrx_word' id='word_1_701' title='bbox 747 2291 793 2317; x_wconf 71' lang='grc' dir='ltr'>καὶ</span> <span class='ocrx_word' id='word_1_702' title='bbox 805 2290 891 2322; x_wconf 79' lang='grc' dir='ltr'>οὕτως</span> <span class='ocrx_word' id='word_1_703' title='bbox 905 2290 984 2325; x_wconf 74' lang='grc' dir='ltr'>ἔχων,</span> 
     </span>
    </p>
   </div>
   <div class='ocr_carea' id='block_1_92' title="bbox 202 2335 986 2374">
    <p class='ocr_par' dir='ltr' id='par_1_92' title="bbox 202 2335 986 2374">
     <span class='ocr_line' id='line_1_92' title="bbox 202 2335 986 2374; baseline -0.004 -9"><span class='ocrx_word' id='word_1_704' title='bbox 202 2338 294 2374; x_wconf 83' lang='grc' dir='ltr'>βωμοῦ</span> <span class='ocrx_word' id='word_1_705' title='bbox 320 2338 370 2374; x_wconf 82' lang='grc' dir='ltr'>μὲν</span> <span class='ocrx_word' id='word_1_706' title='bbox 386 2338 436 2364; x_wconf 84' lang='grc' dir='ltr'>οὐκ</span> <span class='ocrx_word' id='word_1_707' title='bbox 462 2337 571 2373; x_wconf 76' lang='grc' dir='ltr'><strong>ἐδεήθη,</strong></span> <span class='ocrx_word' id='word_1_708' title='bbox 598 2337 644 2364; x_wconf 78' lang='grc' dir='ltr'>καὶ</span> <span class='ocrx_word' id='word_1_709' title='bbox 666 2336 715 2372; x_wconf 83' lang='grc' dir='ltr'>τῆς</span> <span class='ocrx_word' id='word_1_710' title='bbox 728 2336 808 2371; x_wconf 74' lang='grc' dir='ltr'>κενῆς</span> <span class='ocrx_word' id='word_1_711' title='bbox 822 2335 910 2371; x_wconf 75' lang='grc' dir='ltr'>δόξης,</span> <span class='ocrx_word' id='word_1_712' title='bbox 925 2337 986 2362; x_wconf 78' lang='grc' dir='ltr'><strong>οὐδὲ</strong></span> 
     </span>
    </p>
   </div>
   <div class='ocr_carea' id='block_1_93' title="bbox 201 2381 988 2420">
    <p class='ocr_par' dir='ltr' id='par_1_93' title="bbox 201 2381 988 2420">
     <span class='ocr_line' id='line_1_93' title="bbox 201 2381 988 2420; baseline -0.004 -9"><span class='ocrx_word' id='word_1_713' title='bbox 201 2384 331 2420; x_wconf 83' lang='grc' dir='ltr'>δημοσίου</span> <span class='ocrx_word' id='word_1_714' title='bbox 357 2383 535 2420; x_wconf 85' lang='grc' dir='ltr'>κηρύγματος</span> <span class='ocrx_word' id='word_1_715' title='bbox 558 2383 623 2416; x_wconf 77' lang='grc' dir='ltr'>τοῦ,</span> <span class='ocrx_word' id='word_1_716' title='bbox 647 2382 765 2417; x_wconf 77' lang='grc' dir='ltr'>Κράτης</span> <span class='ocrx_word' id='word_1_717' title='bbox 783 2382 837 2417; x_wconf 81' lang='grc'>(87)</span> <span class='ocrx_word' id='word_1_718' title='bbox 851 2381 988 2416; x_wconf 78' lang='grc' dir='ltr'>Κράτητα</span> 
     </span>
    </p>
   </div>
   <div class='ocr_carea' id='block_1_94' title="bbox 238 2494 986 2533">
    <p class='ocr_par' dir='ltr' id='par_1_94' title="bbox 238 2494 986 2533">
     <span class='ocr_line' id='line_1_94' title="bbox 238 2494 986 2533; baseline 0 -10"><span class='ocrx_word' id='word_1_719' title='bbox 238 2496 294 2533; x_wconf 88' lang='grc'>(78)</span> <span class='ocrx_word' id='word_1_720' title='bbox 308 2494 470 2530; x_wconf 79' lang='grc' dir='ltr'>Εὐτρεπές.</span> <span class='ocrx_word' id='word_1_721' title='bbox 500 2494 584 2530; x_wconf 77' lang='lat' dir='ltr'><strong>Begg.</strong></span> <span class='ocrx_word' id='word_1_722' title='bbox 601 2494 657 2526; x_wconf 82' lang='lat' dir='ltr'><strong>bm.</strong></span> <span class='ocrx_word' id='word_1_723' title='bbox 677 2495 712 2529; x_wconf 90' lang='lat' dir='ltr'><strong>ph</strong></span> <span class='ocrx_word' id='word_1_724' title='bbox 727 2499 755 2522; x_wconf 90' lang='lat' dir='ltr'><strong>et</strong></span> <span class='ocrx_word' id='word_1_725' title='bbox 767 2494 872 2528; x_wconf 81' lang='lat' dir='ltr'><strong>Comb.,</strong></span> <span class='ocrx_word' id='word_1_726' title='bbox 885 2495 986 2532; x_wconf 80' lang='grc' dir='ltr'>εὐπρε-</span> 
     </span>
    </p>
   </div>
   <div class='ocr_carea' id='block_1_95' title="bbox 206 2549 990 2602">
    <p class='ocr_par' dir='ltr' id='par_1_95' title="bbox 206 2549 990 2602">
     <span class='ocr_line' id='line_1_95' title="bbox 206 2549 990 2602; baseline -0.003 -8"><span class='ocrx_word' id='word_1_727' title='bbox 206 2549 295 2602; x_wconf 55' lang='grc' dir='ltr'><strong>Μξῆθ)</strong></span> <span class='ocrx_word' id='word_1_728' title='bbox 316 2554 494 2602; x_wconf 46' lang='grc' dir='ltr'>ίΑπιστίανη</span> <span class='ocrx_word' id='word_1_729' title='bbox 514 2573 523 2591; x_wconf 82' lang='grc' dir='ltr'><strong>ι</strong></span> <span class='ocrx_word' id='word_1_730' title='bbox 535 2564 688 2602; x_wconf 70' lang='lat' dir='ltr'><strong>Perfidiam,</strong></span> <span class='ocrx_word' id='word_1_731' title='bbox 701 2573 710 2590; x_wconf 74' lang='grc' dir='ltr'><strong>ι</strong></span> <span class='ocrx_word' id='word_1_732' title='bbox 723 2572 759 2602; x_wconf 60' lang='lat' dir='ltr'><strong>ac</strong></span> <span class='ocrx_word' id='word_1_733' title='bbox 770 2565 850 2592; x_wconf 78' lang='lat' dir='ltr'><strong>veluti</strong></span> <span class='ocrx_word' id='word_1_734' title='bbox 865 2565 990 2593; x_wconf 65' lang='lat' dir='ltr'><strong>amicitia:</strong></span> 
     </span>
    </p>
   </div>
   <div class='ocr_carea' id='block_1_96' title="bbox 202 2599 990 2637">
    <p class='ocr_par' dir='ltr' id='par_1_96' title="bbox 202 2599 990 2637">
     <span class='ocr_line' id='line_1_96' title="bbox 202 2599 990 2637; baseline 0 -10"><span class='ocrx_word' id='word_1_735' title='bbox 202 2599 261 2637; x_wconf 58' lang='lat' dir='ltr'><strong>jnr&#39;a</strong></span> <span class='ocrx_word' id='word_1_736' title='bbox 276 2599 404 2629; x_wconf 77' lang='lat' dir='ltr'><strong>violasset</strong></span> <span class='ocrx_word' id='word_1_737' title='bbox 428 2609 436 2628; x_wconf 88' lang='lat'><strong>:</strong></span> <span class='ocrx_word' id='word_1_738' title='bbox 454 2600 507 2633; x_wconf 81' lang='lat' dir='ltr'><strong>Vel,</strong></span> <span class='ocrx_word' id='word_1_739' title='bbox 518 2635 524 2637; x_wconf 91' lang='lat'>_</span> <span class='ocrx_word' id='word_1_740' title='bbox 535 2605 565 2637; x_wconf 77' lang='grc' dir='ltr'><strong>ιιι</strong></span> <span class='ocrx_word' id='word_1_741' title='bbox 589 2600 698 2634; x_wconf 85' lang='lat' dir='ltr'><strong>exponit</strong></span> <span class='ocrx_word' id='word_1_742' title='bbox 723 2599 839 2637; x_wconf 69' lang='lat' dir='ltr'><strong>Nicetas,</strong></span> <span class='ocrx_word' id='word_1_743' title='bbox 853 2635 858 2637; x_wconf 96' lang='lat'>_</span> <span class='ocrx_word' id='word_1_744' title='bbox 873 2609 882 2625; x_wconf 75' lang='grc' dir='ltr'><strong>ι</strong></span> <span class='ocrx_word' id='word_1_745' title='bbox 896 2608 990 2635; x_wconf 87' lang='lat' dir='ltr'><strong>parum</strong></span> 
     </span>
    </p>
   </div>
   <div class='ocr_carea' id='block_1_97' title="bbox 204 2635 991 2678">
    <p class='ocr_par' dir='ltr' id='par_1_97' title="bbox 204 2635 991 2678">
     <span class='ocr_line' id='line_1_97' title="bbox 204 2635 991 2678; baseline -0.001 -14"><span class='ocrx_word' id='word_1_746' title='bbox 204 2635 432 2678; x_wconf 61' lang='lat' dir='ltr'><strong>servatamﬁdem</strong></span> <span class='ocrx_word' id='word_1_747' title='bbox 445 2644 453 2669; x_wconf 87' lang='lat'><strong>;</strong></span> <span class='ocrx_word' id='word_1_748' title='bbox 464 2644 474 2662; x_wconf 73' lang='grc' dir='ltr'><strong>ι</strong></span> <span class='ocrx_word' id='word_1_749' title='bbox 489 2635 599 2663; x_wconf 87' lang='lat' dir='ltr'><strong>minime</strong></span> <span class='ocrx_word' id='word_1_750' title='bbox 616 2641 691 2669; x_wconf 88' lang='lat' dir='ltr'><strong>vero,</strong></span> <span class='ocrx_word' id='word_1_751' title='bbox 711 2635 916 2668; x_wconf 73' lang='lat' dir='ltr'><strong>(difﬁdentiam,</strong></span> <span class='ocrx_word' id='word_1_752' title='bbox 929 2645 939 2661; x_wconf 75' lang='grc' dir='ltr'><strong>ι</strong></span> <span class='ocrx_word' id='word_1_753' title='bbox 961 2641 991 2663; x_wconf 81' lang='grc' dir='ltr'><strong>ιιι</strong></span> 
     </span>
    </p>
   </div>
   <div class='ocr_carea' id='block_1_98' title="bbox 204 2671 990 2743">
    <p class='ocr_par' dir='ltr' id='par_1_98' title="bbox 204 2671 990 2743">
     <span class='ocr_line' id='line_1_98' title="bbox 204 2671 403 2699; baseline 0 0"><span class='ocrx_word' id='word_1_754' title='bbox 204 2673 283 2699; x_wconf 86' lang='lat' dir='ltr'><strong>vertit</strong></span> <span class='ocrx_word' id='word_1_755' title='bbox 299 2671 403 2699; x_wconf 80' lang='lat' dir='ltr'><strong>Billins.</strong></span> 
     </span>
     <span class='ocr_line' id='line_1_99' title="bbox 209 2704 990 2743; baseline -0.004 -8"><span class='ocrx_word' id='word_1_756' title='bbox 209 2741 220 2743; x_wconf 30' lang='lat'><em>4</em></span> <span class='ocrx_word' id='word_1_757' title='bbox 238 2708 294 2743; x_wconf 87' lang='lat'><strong>(80)</strong></span> <span class='ocrx_word' id='word_1_758' title='bbox 311 2707 392 2734; x_wconf 79' lang='grc' dir='ltr'>Κατὰ</span> <span class='ocrx_word' id='word_1_759' title='bbox 404 2705 441 2733; x_wconf 83' lang='grc' dir='ltr'>τὰ</span> <span class='ocrx_word' id='word_1_760' title='bbox 454 2704 636 2740; x_wconf 79' lang='grc' dir='ltr'>ἀνθρώπινα,</span> <span class='ocrx_word' id='word_1_761' title='bbox 655 2705 723 2740; x_wconf 76' lang='lat' dir='ltr'><strong>Reg.</strong></span> <span class='ocrx_word' id='word_1_762' title='bbox 735 2705 770 2741; x_wconf 90' lang='lat' dir='ltr'><strong>ph</strong></span> <span class='ocrx_word' id='word_1_763' title='bbox 793 2709 821 2734; x_wconf 91' lang='lat' dir='ltr'><strong>et</strong></span> <span class='ocrx_word' id='word_1_764' title='bbox 834 2705 907 2738; x_wconf 85' lang='lat' dir='ltr'><strong>Bas.,</strong></span> <span class='ocrx_word' id='word_1_765' title='bbox 919 2706 990 2732; x_wconf 74' lang='grc' dir='ltr'>κατὰ</span> 
     </span>
    </p>
   </div>
   <div class='ocr_carea' id='block_1_99' title="bbox 203 2741 791 2812">
    <p class='ocr_par' dir='ltr' id='par_1_99' title="bbox 203 2741 791 2812">
     <span class='ocr_line' id='line_1_100' title="bbox 203 2741 423 2778; baseline -0.009 -7"><span class='ocrx_word' id='word_1_766' title='bbox 203 2741 357 2778; x_wconf 74' lang='grc' dir='ltr'>ἄνθρωπον.</span> <span class='ocrx_word' id='word_1_767' title='bbox 417 2760 423 2764; x_wconf 80' lang='grc' dir='ltr'><em>ι</em></span> 
     </span>
     <span class='ocr_line' id='line_1_101' title="bbox 239 2775 791 2812; baseline -0.002 -7"><span class='ocrx_word' id='word_1_768' title='bbox 239 2775 428 2812; x_wconf 49' lang='lat'><strong>(8011,1507.</strong></span> <span class='ocrx_word' id='word_1_769' title='bbox 448 2775 573 2812; x_wconf 84' lang='lat' dir='ltr'><strong>Quinque</strong></span> <span class='ocrx_word' id='word_1_770' title='bbox 588 2776 684 2810; x_wconf 61' lang='grc' dir='ltr'>ηοω,</span> <span class='ocrx_word' id='word_1_771' title='bbox 697 2775 791 2812; x_wconf 68' lang='grc' dir='ltr'>πλέον.</span> 
     </span>
    </p>
   </div>
   <div class='ocr_carea' id='block_1_100' title="bbox 241 2810 990 2847">
    <p class='ocr_par' dir='ltr' id='par_1_100' title="bbox 241 2810 990 2847">
     <span class='ocr_line' id='line_1_102' title="bbox 241 2810 990 2847; baseline -0.001 -8"><span class='ocrx_word' id='word_1_772' title='bbox 241 2810 298 2845; x_wconf 68' lang='grc'>(82)</span> <span class='ocrx_word' id='word_1_773' title='bbox 312 2811 482 2846; x_wconf 66' lang='grc' dir='ltr'>Λυομένων.</span> <span class='ocrx_word' id='word_1_774' title='bbox 497 2811 526 2838; x_wconf 87' lang='lat' dir='ltr'><strong>In</strong></span> <span class='ocrx_word' id='word_1_775' title='bbox 535 2812 681 2846; x_wconf 85' lang='lat' dir='ltr'><strong>nonnullis,</strong></span> <span class='ocrx_word' id='word_1_776' title='bbox 691 2810 875 2847; x_wconf 79' lang='grc' dir='ltr'>βλεπομένων,</span> <span class='ocrx_word' id='word_1_777' title='bbox 887 2820 897 2838; x_wconf 77' lang='grc' dir='ltr'><strong>ι</strong></span> <span class='ocrx_word' id='word_1_778' title='bbox 909 2818 990 2847; x_wconf 89' lang='lat' dir='ltr'><strong>quam</strong></span> 
     </span>
    </p>
   </div>
   <div class='ocr_carea' id='block_1_101' title="bbox 204 2847 437 2883">
    <p class='ocr_par' dir='ltr' id='par_1_101' title="bbox 204 2847 437 2883">
     <span class='ocr_line' id='line_1_103' title="bbox 204 2847 437 2883; baseline -0.004 -10"><span class='ocrx_word' id='word_1_779' title='bbox 204 2847 414 2883; x_wconf 22' lang='lat' dir='ltr'><strong>qttagAvidentnr.</strong></span> <span class='ocrx_word' id='word_1_780' title='bbox 427 2855 437 2872; x_wconf 81' lang='grc'>›</span> 
     </span>
    </p>
   </div>
   <div class='ocr_carea' id='block_1_102' title="bbox 241 2880 990 2918">
    <p class='ocr_par' dir='ltr' id='par_1_102' title="bbox 241 2880 990 2918">
     <span class='ocr_line' id='line_1_104' title="bbox 241 2880 990 2918; baseline 0 -8"><span class='ocrx_word' id='word_1_781' title='bbox 241 2881 347 2918; x_wconf 60' lang='lat' dir='ltr'><strong>rerum</strong></span> <span class='ocrx_word' id='word_1_782' title='bbox 359 2880 422 2910; x_wconf 76' lang='grc' dir='ltr'><strong>πᾶν</strong></span> <span class='ocrx_word' id='word_1_783' title='bbox 432 2880 554 2917; x_wconf 73' lang='grc' dir='ltr'>μέτρον,</span> <span class='ocrx_word' id='word_1_784' title='bbox 581 2885 633 2911; x_wconf 85' lang='lat' dir='ltr'><strong>etc.</strong></span> <span class='ocrx_word' id='word_1_785' title='bbox 662 2881 779 2913; x_wconf 68' lang='lat' dir='ltr'><strong>«Modus</strong></span> <span class='ocrx_word' id='word_1_786' title='bbox 804 2882 892 2916; x_wconf 76' lang='lat' dir='ltr'><strong>omnis</strong></span> <span class='ocrx_word' id='word_1_787' title='bbox 921 2881 990 2914; x_wconf 80' lang='lat' dir='ltr'><strong>omi-</strong></span> 
     </span>
    </p>
   </div>
   <div class='ocr_carea' id='block_1_103' title="bbox 1039 2288 1825 2326">
    <p class='ocr_par' dir='ltr' id='par_1_103' title="bbox 1039 2288 1825 2326">
     <span class='ocr_line' id='line_1_105' title="bbox 1039 2288 1825 2326; baseline -0.003 -9"><span class='ocrx_word' id='word_1_788' title='bbox 1039 2299 1119 2326; x_wconf 85' lang='lat' dir='ltr'><strong>quam</strong></span> <span class='ocrx_word' id='word_1_789' title='bbox 1133 2290 1191 2322; x_wconf 81' lang='lat' dir='ltr'><strong>fuit,</strong></span> <span class='ocrx_word' id='word_1_790' title='bbox 1206 2294 1302 2323; x_wconf 65' lang='lat' dir='ltr'><strong>praeter</strong></span> <span class='ocrx_word' id='word_1_791' title='bbox 1311 2297 1419 2324; x_wconf 84' lang='lat' dir='ltr'><strong>corpus,</strong></span> <span class='ocrx_word' id='word_1_792' title='bbox 1433 2297 1464 2316; x_wconf 89' lang='lat' dir='ltr'><strong>ac</strong></span> <span class='ocrx_word' id='word_1_793' title='bbox 1478 2288 1631 2316; x_wconf 83' lang='lat' dir='ltr'><strong>necessaria</strong></span> <span class='ocrx_word' id='word_1_794' title='bbox 1647 2289 1737 2316; x_wconf 88' lang='lat' dir='ltr'><strong>carnis</strong></span> <span class='ocrx_word' id='word_1_795' title='bbox 1753 2289 1825 2316; x_wconf 85' lang='lat' dir='ltr'><strong>inte-</strong></span> 
     </span>
    </p>
   </div>
   <div class='ocr_carea' id='block_1_104' title="bbox 1039 2334 1825 2372">
    <p class='ocr_par' dir='ltr' id='par_1_104' title="bbox 1039 2334 1825 2372">
     <span class='ocr_line' id='line_1_106' title="bbox 1039 2334 1825 2372; baseline -0.003 -8"><span class='ocrx_word' id='word_1_796' title='bbox 1039 2337 1186 2372; x_wconf 72' lang='lat' dir='ltr'><strong>gumenta?</strong></span> <span class='ocrx_word' id='word_1_797' title='bbox 1206 2337 1310 2364; x_wconf 79' lang='lat' dir='ltr'><strong>Divitia:</strong></span> <span class='ocrx_word' id='word_1_798' title='bbox 1325 2341 1414 2363; x_wconf 85' lang='lat' dir='ltr'><strong>autem</strong></span> <span class='ocrx_word' id='word_1_799' title='bbox 1435 2335 1472 2362; x_wconf 92' lang='lat' dir='ltr'><strong>illi</strong></span> <span class='ocrx_word' id='word_1_800' title='bbox 1492 2339 1570 2362; x_wconf 85' lang='lat' dir='ltr'><strong>erant</strong></span> <span class='ocrx_word' id='word_1_801' title='bbox 1585 2334 1652 2362; x_wconf 87' lang='lat' dir='ltr'><strong>nihil</strong></span> <span class='ocrx_word' id='word_1_802' title='bbox 1673 2335 1784 2368; x_wconf 89' lang='lat' dir='ltr'><strong>habere,</strong></span> <span class='ocrx_word' id='word_1_803' title='bbox 1797 2339 1825 2363; x_wconf 82' lang='lat' dir='ltr'><strong>et</strong></span> 
     </span>
    </p>
   </div>
   <div class='ocr_carea' id='block_1_105' title="bbox 1040 2380 1823 2418">
    <p class='ocr_par' dir='ltr' id='par_1_105' title="bbox 1040 2380 1823 2418">
     <span class='ocr_line' id='line_1_107' title="bbox 1040 2380 1823 2418; baseline -0.001 -8"><span class='ocrx_word' id='word_1_804' title='bbox 1040 2391 1117 2417; x_wconf 78' lang='lat' dir='ltr'><strong>crux,</strong></span> <span class='ocrx_word' id='word_1_805' title='bbox 1133 2391 1194 2411; x_wconf 94' lang='lat' dir='ltr'><strong>cum</strong></span> <span class='ocrx_word' id='word_1_806' title='bbox 1213 2390 1265 2418; x_wconf 91' lang='lat' dir='ltr'><strong>qua</strong></span> <span class='ocrx_word' id='word_1_807' title='bbox 1278 2381 1333 2410; x_wconf 87' lang='lat' dir='ltr'><strong>sola</strong></span> <span class='ocrx_word' id='word_1_808' title='bbox 1350 2381 1435 2416; x_wconf 88' lang='lat' dir='ltr'><strong>ipsius</strong></span> <span class='ocrx_word' id='word_1_809' title='bbox 1450 2381 1504 2408; x_wconf 87' lang='lat' dir='ltr'><strong>vita</strong></span> <span class='ocrx_word' id='word_1_810' title='bbox 1521 2380 1689 2414; x_wconf 86' lang='lat' dir='ltr'><strong>versabatur,</strong></span> <span class='ocrx_word' id='word_1_811' title='bbox 1703 2384 1730 2408; x_wconf 90' lang='lat' dir='ltr'><strong>et</strong></span> <span class='ocrx_word' id='word_1_812' title='bbox 1743 2387 1823 2416; x_wconf 76' lang='lat' dir='ltr'><strong>quam</strong></span> 
     </span>
    </p>
   </div>
   <div class='ocr_carea' id='block_1_106' title="bbox 1039 2493 1823 2528">
    <p class='ocr_par' dir='ltr' id='par_1_106' title="bbox 1039 2493 1823 2528">
     <span class='ocr_line' id='line_1_108' title="bbox 1039 2493 1823 2528; baseline -0.001 -5"><span class='ocrx_word' id='word_1_813' title='bbox 1039 2503 1111 2523; x_wconf 89' lang='lat' dir='ltr'><strong>mus.</strong></span> <span class='ocrx_word' id='word_1_814' title='bbox 1120 2505 1130 2522; x_wconf 71' lang='grc' dir='ltr'><strong>ι</strong></span> <span class='ocrx_word' id='word_1_815' title='bbox 1147 2495 1286 2524; x_wconf 83' lang='lat' dir='ltr'><strong>Sententia</strong></span> <span class='ocrx_word' id='word_1_816' title='bbox 1298 2501 1338 2524; x_wconf 89' lang='lat' dir='ltr'><strong>est</strong></span> <span class='ocrx_word' id='word_1_817' title='bbox 1352 2495 1483 2528; x_wconf 88' lang='lat' dir='ltr'><strong>Clcobuli,</strong></span> <span class='ocrx_word' id='word_1_818' title='bbox 1499 2495 1578 2523; x_wconf 90' lang='lat' dir='ltr'><strong>unius</strong></span> <span class='ocrx_word' id='word_1_819' title='bbox 1593 2502 1626 2522; x_wconf 82' lang='lat' dir='ltr'><strong>ex</strong></span> <span class='ocrx_word' id='word_1_820' title='bbox 1638 2498 1738 2528; x_wconf 78' lang='lat' dir='ltr'><strong>Septem</strong></span> <span class='ocrx_word' id='word_1_821' title='bbox 1747 2493 1823 2522; x_wconf 66' lang='lat' dir='ltr'><strong>Grae-</strong></span> 
     </span>
    </p>
   </div>
   <div class='ocr_carea' id='block_1_107' title="bbox 1038 2532 1276 2566">
    <p class='ocr_par' dir='ltr' id='par_1_107' title="bbox 1038 2532 1276 2566">
     <span class='ocr_line' id='line_1_109' title="bbox 1038 2532 1276 2566; baseline 0 -8"><span class='ocrx_word' id='word_1_822' title='bbox 1038 2536 1087 2558; x_wconf 66' lang='lat' dir='ltr'><strong>clrc</strong></span> <span class='ocrx_word' id='word_1_823' title='bbox 1103 2532 1276 2566; x_wconf 84' lang='lat' dir='ltr'><strong>sapientibus.</strong></span> 
     </span>
    </p>
   </div>
   <div class='ocr_carea' id='block_1_108' title="bbox 1074 2563 1822 2601">
    <p class='ocr_par' dir='ltr' id='par_1_108' title="bbox 1074 2563 1822 2601">
     <span class='ocr_line' id='line_1_110' title="bbox 1074 2563 1822 2601; baseline -0.003 -9"><span class='ocrx_word' id='word_1_824' title='bbox 1074 2563 1240 2600; x_wconf 49' lang='lat' dir='ltr'><strong>(stillam</strong></span> <span class='ocrx_word' id='word_1_825' title='bbox 1255 2565 1398 2601; x_wconf 80' lang='grc' dir='ltr'>τυγχάνῃ.</span> <span class='ocrx_word' id='word_1_826' title='bbox 1421 2564 1466 2592; x_wconf 88' lang='lat' dir='ltr'><strong>Sic</strong></span> <span class='ocrx_word' id='word_1_827' title='bbox 1479 2565 1561 2600; x_wconf 67' lang='lat' dir='ltr'><strong>chg.</strong></span> <span class='ocrx_word' id='word_1_828' title='bbox 1579 2567 1633 2597; x_wconf 89' lang='lat' dir='ltr'><strong>bm,</strong></span> <span class='ocrx_word' id='word_1_829' title='bbox 1648 2563 1683 2598; x_wconf 88' lang='lat' dir='ltr'><strong>ph</strong></span> <span class='ocrx_word' id='word_1_830' title='bbox 1697 2567 1724 2591; x_wconf 88' lang='lat' dir='ltr'><strong>et</strong></span> <span class='ocrx_word' id='word_1_831' title='bbox 1738 2563 1822 2591; x_wconf 86' lang='lat' dir='ltr'><strong>unde-</strong></span> 
     </span>
    </p>
   </div>
   <div class='ocr_carea' id='block_1_109' title="bbox 1038 2601 1558 2636">
    <p class='ocr_par' dir='ltr' id='par_1_109' title="bbox 1038 2601 1558 2636">
     <span class='ocr_line' id='line_1_111' title="bbox 1038 2601 1558 2636; baseline -0.004 -8"><span class='ocrx_word' id='word_1_832' title='bbox 1038 2601 1090 2628; x_wconf 83' lang='lat' dir='ltr'><strong>clm</strong></span> <span class='ocrx_word' id='word_1_833' title='bbox 1107 2601 1182 2628; x_wconf 78' lang='lat' dir='ltr'><strong>Coll).</strong></span> <span class='ocrx_word' id='word_1_834' title='bbox 1196 2602 1222 2628; x_wconf 88' lang='lat' dir='ltr'><strong>ltt</strong></span> <span class='ocrx_word' id='word_1_835' title='bbox 1235 2602 1288 2632; x_wconf 89' lang='lat' dir='ltr'><strong>ed.,</strong></span> <span class='ocrx_word' id='word_1_836' title='bbox 1303 2601 1413 2627; x_wconf 84' lang='grc' dir='ltr'>πλείονα</span> <span class='ocrx_word' id='word_1_837' title='bbox 1428 2601 1558 2636; x_wconf 82' lang='grc' dir='ltr'>τυγχάνῃ.</span> 
     </span>
    </p>
   </div>
   <div class='ocr_carea' id='block_1_110' title="bbox 1074 2632 1825 2670">
    <p class='ocr_par' dir='ltr' id='par_1_110' title="bbox 1074 2632 1825 2670">
     <span class='ocr_line' id='line_1_112' title="bbox 1074 2632 1825 2670; baseline -0.003 -8"><span class='ocrx_word' id='word_1_838' title='bbox 1074 2635 1129 2670; x_wconf 80' lang='grc'>(85)</span> <span class='ocrx_word' id='word_1_839' title='bbox 1144 2636 1304 2664; x_wconf 67' lang='grc' dir='ltr'>’Λσκευοικ</span> <span class='ocrx_word' id='word_1_840' title='bbox 1323 2645 1332 2661; x_wconf 76' lang='grc' dir='ltr'><strong>ι</strong></span> <span class='ocrx_word' id='word_1_841' title='bbox 1348 2636 1434 2662; x_wconf 83' lang='lat' dir='ltr'><strong>Vitam</strong></span> <span class='ocrx_word' id='word_1_842' title='bbox 1450 2632 1568 2666; x_wconf 70' lang='lat' dir='ltr'><strong>tenuem,</strong></span> <span class='ocrx_word' id='word_1_843' title='bbox 1581 2633 1740 2669; x_wconf 83' lang='lat' dir='ltr'><strong>simplicem,</strong></span> <span class='ocrx_word' id='word_1_844' title='bbox 1753 2632 1825 2660; x_wconf 90' lang='lat' dir='ltr'><strong>nullo</strong></span> 
     </span>
    </p>
   </div>
   <div class='ocr_carea' id='block_1_111' title="bbox 1040 2676 1366 2705">
    <p class='ocr_par' dir='ltr' id='par_1_111' title="bbox 1040 2676 1366 2705">
     <span class='ocr_line' id='line_1_113' title="bbox 1040 2676 1366 2705; baseline -0.006 -7"><span class='ocrx_word' id='word_1_845' title='bbox 1040 2676 1147 2704; x_wconf 87' lang='lat' dir='ltr'><strong>sumptu</strong></span> <span class='ocrx_word' id='word_1_846' title='bbox 1163 2676 1190 2697; x_wconf 81' lang='lat' dir='ltr'><strong>et</strong></span> <span class='ocrx_word' id='word_1_847' title='bbox 1205 2676 1342 2705; x_wconf 83' lang='lat' dir='ltr'><strong>apparatu.</strong></span> <span class='ocrx_word' id='word_1_848' title='bbox 1355 2679 1366 2696; x_wconf 70' lang='grc' dir='ltr'><strong>ι</strong></span> 
     </span>
    </p>
   </div>
   <div class='ocr_carea' id='block_1_112' title="bbox 1076 2701 1822 2741">
    <p class='ocr_par' dir='ltr' id='par_1_112' title="bbox 1076 2701 1822 2741">
     <span class='ocr_line' id='line_1_114' title="bbox 1076 2701 1822 2741; baseline -0.003 -10"><span class='ocrx_word' id='word_1_849' title='bbox 1076 2701 1278 2741; x_wconf 57' lang='grc' dir='ltr'>(θωμοτέῆν.</span> <span class='ocrx_word' id='word_1_850' title='bbox 1306 2705 1351 2732; x_wconf 85' lang='lat' dir='ltr'><strong>Sic</strong></span> <span class='ocrx_word' id='word_1_851' title='bbox 1368 2704 1486 2739; x_wconf 86' lang='lat' dir='ltr'><strong>quinque</strong></span> <span class='ocrx_word' id='word_1_852' title='bbox 1508 2703 1604 2740; x_wconf 69' lang='lat' dir='ltr'><strong>Begg.,</strong></span> <span class='ocrx_word' id='word_1_853' title='bbox 1635 2703 1681 2732; x_wconf 91' lang='lat' dir='ltr'><strong>0r.</strong></span> <span class='ocrx_word' id='word_1_854' title='bbox 1695 2704 1712 2731; x_wconf 76' lang='grc'><strong>2</strong></span> <span class='ocrx_word' id='word_1_855' title='bbox 1727 2707 1753 2730; x_wconf 90' lang='lat' dir='ltr'><strong>et</strong></span> <span class='ocrx_word' id='word_1_856' title='bbox 1767 2701 1822 2730; x_wconf 79' lang='lat' dir='ltr'><strong>Jes.</strong></span> 
     </span>
    </p>
   </div>
   <div class='ocr_carea' id='block_1_113' title="bbox 1038 2739 1259 2776">
    <p class='ocr_par' dir='ltr' id='par_1_113' title="bbox 1038 2739 1259 2776">
     <span class='ocr_line' id='line_1_115' title="bbox 1038 2739 1259 2776; baseline -0.005 -8"><span class='ocrx_word' id='word_1_857' title='bbox 1038 2739 1117 2768; x_wconf 66' lang='lat' dir='ltr'><strong>Deest</strong></span> <span class='ocrx_word' id='word_1_858' title='bbox 1129 2739 1162 2776; x_wconf 80' lang='grc' dir='ltr'>ἦν</span> <span class='ocrx_word' id='word_1_859' title='bbox 1174 2741 1205 2776; x_wconf 15' lang='lat' dir='ltr'><strong>in?</strong></span> <span class='ocrx_word' id='word_1_860' title='bbox 1216 2739 1259 2767; x_wconf 79' lang='lat' dir='ltr'><strong>eti.</strong></span> 
     </span>
    </p>
   </div>
   <div class='ocr_carea' id='block_1_114' title="bbox 1074 2773 1825 2812">
    <p class='ocr_par' dir='ltr' id='par_1_114' title="bbox 1074 2773 1825 2812">
     <span class='ocr_line' id='line_1_116' title="bbox 1074 2773 1825 2812; baseline -0.001 -11"><span class='ocrx_word' id='word_1_861' title='bbox 1074 2776 1130 2812; x_wconf 73' lang='lat'><strong>(87)</strong></span> <span class='ocrx_word' id='word_1_862' title='bbox 1140 2773 1273 2812; x_wconf 67' lang='grc' dir='ltr'>Κράτης.</span> <span class='ocrx_word' id='word_1_863' title='bbox 1302 2784 1311 2800; x_wconf 82' lang='grc' dir='ltr'><strong>ι</strong></span> <span class='ocrx_word' id='word_1_864' title='bbox 1325 2773 1429 2805; x_wconf 83' lang='lat' dir='ltr'><strong>Crates,</strong></span> <span class='ocrx_word' id='word_1_865' title='bbox 1441 2775 1590 2812; x_wconf 33' lang='lat' dir='ltr'><strong>inpraediis</strong></span> <span class='ocrx_word' id='word_1_866' title='bbox 1603 2774 1713 2812; x_wconf 75' lang='lat' dir='ltr'><strong>relictis,</strong></span> <span class='ocrx_word' id='word_1_867' title='bbox 1728 2780 1825 2812; x_wconf 64' lang='lat' dir='ltr'><strong>ascen-</strong></span> 
     </span>
    </p>
   </div>
   <div class='ocr_carea' id='block_1_115' title="bbox 1037 2808 1825 2844">
    <p class='ocr_par' dir='ltr' id='par_1_115' title="bbox 1037 2808 1825 2844">
     <span class='ocr_line' id='line_1_117' title="bbox 1037 2808 1825 2844; baseline -0.004 -6"><span class='ocrx_word' id='word_1_868' title='bbox 1037 2808 1083 2838; x_wconf 34' lang='lat' dir='ltr'><strong>dit‘</strong></span> <span class='ocrx_word' id='word_1_869' title='bbox 1097 2808 1125 2837; x_wconf 80' lang='lat' dir='ltr'><strong>in</strong></span> <span class='ocrx_word' id='word_1_870' title='bbox 1137 2808 1241 2838; x_wconf 85' lang='lat' dir='ltr'><strong>editum</strong></span> <span class='ocrx_word' id='word_1_871' title='bbox 1251 2811 1348 2841; x_wconf 89' lang='lat' dir='ltr'><strong>locum,</strong></span> <span class='ocrx_word' id='word_1_872' title='bbox 1362 2817 1394 2837; x_wconf 86' lang='lat' dir='ltr'><strong>ac</strong></span> <span class='ocrx_word' id='word_1_873' title='bbox 1405 2810 1508 2844; x_wconf 87' lang='lat' dir='ltr'><strong>publice</strong></span> <span class='ocrx_word' id='word_1_874' title='bbox 1518 2809 1690 2844; x_wconf 90' lang='lat' dir='ltr'><strong>proclamavit</strong></span> <span class='ocrx_word' id='word_1_875' title='bbox 1707 2815 1715 2835; x_wconf 85' lang='lat'><strong>:</strong></span> <span class='ocrx_word' id='word_1_876' title='bbox 1733 2816 1744 2844; x_wconf 66' lang='grc' dir='ltr'><strong><em>ᾳ</em></strong></span> <span class='ocrx_word' id='word_1_877' title='bbox 1757 2808 1825 2836; x_wconf 82' lang='lat' dir='ltr'><strong>Cra-</strong></span> 
     </span>
    </p>
   </div>
   <div class='ocr_carea' id='block_1_116' title="bbox 1040 2843 1825 2882">
    <p class='ocr_par' dir='ltr' id='par_1_116' title="bbox 1040 2843 1825 2882">
     <span class='ocr_line' id='line_1_118' title="bbox 1040 2843 1825 2882; baseline -0.004 -9"><span class='ocrx_word' id='word_1_878' title='bbox 1040 2851 1081 2873; x_wconf 87' lang='lat' dir='ltr'><strong>tes</strong></span> <span class='ocrx_word' id='word_1_879' title='bbox 1093 2846 1230 2882; x_wconf 79' lang='lat' dir='ltr'><strong>Cratetem</strong></span> <span class='ocrx_word' id='word_1_880' title='bbox 1242 2845 1363 2882; x_wconf 71' lang='lat' dir='ltr'><strong>libertate</strong></span> <span class='ocrx_word' id='word_1_881' title='bbox 1377 2843 1469 2872; x_wconf 86' lang='lat' dir='ltr'><strong>donat.</strong></span> <span class='ocrx_word' id='word_1_882' title='bbox 1482 2853 1490 2870; x_wconf 80' lang='grc' dir='ltr'><strong>ι</strong></span> <span class='ocrx_word' id='word_1_883' title='bbox 1505 2843 1532 2882; x_wconf 70' lang='lat' dir='ltr'><strong>id</strong></span> <span class='ocrx_word' id='word_1_884' title='bbox 1546 2851 1598 2880; x_wconf 80' lang='lat' dir='ltr'><strong>est,</strong></span> <span class='ocrx_word' id='word_1_885' title='bbox 1616 2843 1825 2882; x_wconf 77' lang='lat' dir='ltr'><strong>a&#39;pecuniaruln</strong></span> 
     </span>
    </p>
   </div>
   <div class='ocr_carea' id='block_1_117' title="bbox 1039 2880 1541 2913">
    <p class='ocr_par' dir='ltr' id='par_1_117' title="bbox 1039 2880 1541 2913">
     <span class='ocr_line' id='line_1_119' title="bbox 1039 2880 1541 2913; baseline -0.008 -2"><span class='ocrx_word' id='word_1_886' title='bbox 1039 2881 1168 2912; x_wconf 77' lang='lat' dir='ltr'><strong>servitute</strong></span> <span class='ocrx_word' id='word_1_887' title='bbox 1184 2887 1213 2909; x_wconf 87' lang='lat' dir='ltr'><strong>se</strong></span> <span class='ocrx_word' id='word_1_888' title='bbox 1225 2881 1251 2908; x_wconf 91' lang='lat' dir='ltr'><strong>in</strong></span> <span class='ocrx_word' id='word_1_889' title='bbox 1271 2880 1420 2911; x_wconf 78' lang='lat' dir='ltr'><strong>libertatem</strong></span> <span class='ocrx_word' id='word_1_890' title='bbox 1435 2880 1541 2913; x_wconf 75' lang='lat' dir='ltr'><strong>asserit.</strong></span> 
     </span>
    </p>
   </div>
  </div>
