2013 3134
207 171 260 201 579

805 168 835 196 S.
856 166 1022 196 GREGORII
1040 162 1214 192 THEOLOGI

1776 159 1826 187 580

207 237 236 259 et
263 228 448 257 misericordia
467 229 552 264 818
567 228 736 262 exploratur.
756 227 825 260 Quid
852 234 913 254 cum
942 226 993 253 hoc

1048 225 1138 260 ἔργον,
1154 221 1304 249 ἑπτάπυλοι
1317 219 1404 255 Θῆϐαι
1414 239 1421 251 ,
1436 218 1484 245 καὶ
1499 217 1647 252 Αἰγύπτιαι
1657 237 1663 247 ,
1685 217 1732 244 καὶ
1750 218 1825 254 τείχη
1848 216 1855 239 ί

206 283 288 310 opere
307 282 459 309 comparem
474 274 580 302 Thebas
593 278 694 309 septem
706 279 796 308 portas
810 273 950 304 habentes,
965 277 995 299 et

206 321 349 358 Egyptias
363 321 433 352 illas,
448 325 476 348 et
491 328 582 347 muros
615 319 803 355 Babylonicos,
817 323 845 346 et
869 318 993 345 Caricum

207 368 319 396 Mausoli
338 367 503 401 sepulcrum,
518 371 545 393 et
559 365 727 401 Pyramides,
741 370 767 391 et
778 363 881 392 Colossi
892 371 928 391 ass
945 363 995 390 im-

208 420 341 445 mensum,
368 415 396 439 et
410 411 520 438 delubra
548 410 615 437 mira
645 409 926 444 magnitudinemque
939 407 995 434 cle-

207 457 281 493 ganti
295 462 354 484 arte
368 456 503 488 confecta,
519 455 575 490 jam
586 462 680 483 eversa
696 458 724 481 et
739 458 886 488 prostrata,
912 458 994 480 cmte-

209 510 293 537 raque
303 503 404 535 omnia,
419 509 479 537 qua:
492 501 614 528 homines
624 500 802 531 admirantur,
817 504 898 533 atque
913 499 996 526 histo-

208 549 257 578 riis
273 549 468 585 prodiderunt;
484 553 516 574 ex
536 546 634 580 quibus
658 545 794 577 omnibus,
810 549 909 579 praater
936 545 996 572 ina-

208 603 270 623 nem
285 593 430 629 quamdam
459 597 486 619 ct
502 592 626 626 exiguam
641 590 763 626 gloriam,
785 590 858 617 nulla
884 597 995 624 prorsus

208 641 312 668 utilitas
325 639 357 666 ad
371 642 556 666 exstructores
585 636 684 664 rediit?
698 636 761 663 Mihi
779 644 843 663 vero
858 635 929 663 nulla
952 644 996 663 res

208 686 324 721 perinde
351 683 518 711 admirabilis
541 683 658 714 videtur,
685 687 766 718 atque
792 682 994 717 compendiaria

209 731 267 758 haec
283 730 316 757 ad
337 729 452 757 salutent
466 729 520 760 via,
539 728 583 754 hic
597 727 682 754 facilis
695 727 720 754 in
736 727 833 754 calum
854 733 993 753 ascensus.

209 775 267 804 Non
280 776 336 810 jam
350 775 436 802 oculis
451 774 551 801 nostris
565 773 640 800 triste
653 778 682 800 et
694 773 875 800 miserandum
889 777 996 806 speeta-

209 822 300 850 culum
312 821 482 856 proponitur,
504 819 626 846 homines
645 823 708 845 ante
723 824 837 845 mortem
862 818 915 844 vita
940 818 998 845 Iun-

210 867 259 900 cti,
278 874 310 894 ac
320 867 441 901 pluribus
457 865 580 900 corporis
596 864 725 892 membris
747 863 857 897 mortui,
879 863 997 891 civitati-

209 914 272 946 bus,
287 912 422 943 domibus,
441 911 508 943 foro,
541 911 632 945 aquis,
654 910 808 937 hominibus
832 909 914 937 etiam
943 909 993 936 sibi

211 958 380 986 cbarissimis
393 956 510 992 expulsi,
529 956 682 983 nominibus
700 956 789 990 potius
805 963 885 991 quam
899 962 996 990 corpo-

209 1012 270 1032 rum
287 1003 460 1030 lineamentis
474 1002 656 1038 agnoscendi:
671 1009 720 1029 nec
737 1001 764 1028 in
781 1001 894 1036 publicis
915 1001 995 1028 emti-

210 1050 261 1077 bus
275 1053 302 1077 et
326 1049 504 1077 conventibus
529 1055 577 1082 per
610 1047 735 1075 sodalitia
764 1052 791 1075 et
817 1047 994 1074 contubernia

210 1095 367 1127 offeruntur,
387 1102 439 1122 non
451 1094 503 1129 iam
518 1093 733 1120 misericordiam
751 1092 786 1120 ob
799 1092 933 1124 morbum,
948 1093 994 1118 sed

209 1142 302 1170 odium
328 1142 370 1169 sui
403 1141 589 1172 concitantes;
621 1138 816 1166 miserabilium
841 1139 994 1166 cantionum

211 1189 341 1220 artifices,
358 1187 380 1215 si
393 1187 492 1222 quibus
504 1192 592 1212 tamen
609 1192 659 1211 vox
677 1192 784 1219 quoque
795 1185 852 1219 ipsa
863 1190 994 1219 superest.

210 1234 280 1267 Quid
291 1241 335 1260 res
350 1239 457 1260 nostras
473 1239 568 1259 omnes
584 1231 694 1266 tragicis
717 1231 806 1258 verbis
834 1238 994 1266 prosequar,

211 1287 274 1308 cum
287 1279 359 1306 nulla
372 1278 458 1306 oratio
472 1279 534 1305 huic
546 1277 691 1304 calamitati
703 1284 751 1312 par
765 1277 879 1303 inveniri
897 1277 996 1311 queat?

211 1324 307 1352 Atille
330 1325 449 1351 oumium
466 1323 582 1350 maxime
610 1323 686 1350 nobis
713 1323 858 1357 persuasit,
882 1328 920 1354 ut,
935 1330 995 1350 cum

211 1371 337 1399 homines
351 1370 445 1401 simus,
461 1369 584 1397 homines
601 1376 635 1395 ne
651 1373 867 1399 contemnamus,
883 1376 932 1395 nec
950 1375 997 1402 per

212 1423 333 1446 nostram
360 1418 387 1445 in
415 1417 474 1445 illos
506 1416 704 1448 crudelitatem,
733 1415 883 1448 Christum,
914 1424 995 1442 unum

212 1463 332 1490 omnium
344 1466 434 1497 caput,
454 1462 600 1496 ignominia
618 1461 780 1491 aﬂiciamus;
796 1462 843 1488 sed
860 1461 885 1487 in
901 1461 996 1488 alienis

212 1509 410 1537 calamitatibus
426 1508 571 1542 nobisipsis
582 1508 682 1542 optime
692 1507 873 1538 consulamus,
888 1506 995 1541 Deoque

214 1554 440 1585 misericordiam,
456 1560 508 1587 qua
532 1553 581 1587 ipsi
599 1560 717 1587 egemus,
741 1552 904 1580 feneremur.
923 1552 994 1584 Quo-

214 1600 286 1628 circa
298 1607 332 1626 ne
345 1599 418 1626 labra
426 1599 534 1634 quidem
553 1598 592 1625 vir
605 1598 711 1631 nobilis,
725 1603 752 1625 et
765 1598 897 1624 nobilibus
910 1604 996 1632 ortus,

214 1646 352 1681 gloriaque
364 1644 540 1676 clarissimus,
562 1644 670 1678 a‘grotis
695 1644 839 1671 admovere
868 1644 999 1678 gravaba-

215 1695 279 1722 tur;
295 1696 389 1716 verum
408 1693 437 1715 ut
455 1688 553 1715 fratres
568 1688 788 1722 amplectebatur,
807 1696 870 1720 non,
885 1693 912 1714 ut
924 1691 1000 1722 (μιῆς-

214 1735 287 1771 piant
312 1733 428 1761 fortasse
452 1733 657 1762 existimaverit.
689 1733 793 1759 inanem
818 1734 929 1766 gloriam
954 1742 1001 1760 ca-.

213 1785 294 1816 plana
314 1779 385 1815 (quis
399 1779 470 1806 enim
488 1779 522 1806 ab
538 1778 588 1805 hoc
612 1777 707 1806 affectu
720 1779 891 1814 remotior?),
910 1787 1001 1807 verum

218 1834 269 1862 por
281 1826 480 1861 philosophiam
495 1833 571 1852 suam
587 1825 638 1852 hoc
649 1825 708 1852 aliis
720 1825 907 1860 pra-scribens,
923 1831 953 1853 ut
966 1826 1000 1853 ad

215 1879 348 1907 aegrorum
364 1878 507 1906 corporum
523 1869 690 1897 curationem
711 1870 840 1897 accedere
854 1878 907 1897 non
923 1878 1002 1898 vere-

217 1922 324 1945 rentur.
339 1917 390 1950 Ita,
402 1924 455 1944 non
471 1915 550 1943 modo
563 1915 705 1950 loquendo,
717 1916 764 1942 sed
778 1916 862 1942 etiam
876 1917 1001 1948 tacendo,

217 1962 361 1990 monitoris
375 1967 466 1997 partes
479 1961 580 1988 obibat.
595 1960 651 1988 Nec
662 1968 726 1989 vero
738 1961 833 1989 civitas
847 1962 956 1996 quidem
970 1963 1002 1989 ad

215 2010 289 2038 hunc
299 2011 407 2038 modum
422 2018 451 2038 se
464 2010 587 2045 gerebat,
602 2010 676 2044 regio
690 2013 780 2037 autem
795 2015 877 2044 atque
890 2017 1002 2038 externa

215 2054 276 2082 loca
291 2063 346 2082 non
363 2056 425 2082 item
440 2064 447 2083 :
467 2056 533 2090 quin
553 2057 652 2090 potius,
667 2056 792 2082 omnibus
815 2055 903 2090 populi
933 2063 1002 2090 pra:-

1045 268 1219 299 Βαὸυλώνια.
1235 268 1283 294 καὶ
1299 265 1442 293 Maus/Aen
1457 263 1580 299 Καρικὺς
1590 264 1676 297 τάφος
1687 283 1694 294 ,
1711 263 1758 290 καὶ
1772 264 1826 290 Πυ-
1836 260 1843 288 »“

1047 314 1174 351 ραμίδες,
1202 313 1249 339 καὶ
1272 310 1409 338 Κολοσσοῦ
1436 310 1536 345 χαλκὸς
1562 310 1692 344 ἄμετρος,
1716 309 1733 343 ἢ
1758 308 1833 345 wing“

1047 360 1149 396 μεγέθη
1166 359 1213 386 καὶ
1229 357 1316 392 κάλλη
1330 357 1384 383 τῶν
1408 355 1506 391 μηκέτι
1521 354 1605 381 όντων
1616 373 1623 386 ,
1646 354 1713 381 ἄλλα
1730 362 1760 380 τε
1779 354 1829 380 ὅσα

1046 406 1231 442 θαυμάζουσιν
1248 404 1398 439 ἄνθρωποι,
1415 403 1461 429 καὶ
1476 401 1607 436 ἱστορίαις
1624 400 1679 435 (16)
1694 400 1826 426 διδόασιν·

1045 450 1083 480 ὧν
1099 452 1175 479 οὐδὲν
1191 451 1255 482 τοὺς
1272 452 1448 486 ἐγείραντας,
1466 448 1535 483 πλὴν
1552 448 1631 482 δόξης
1648 447 1742 482 ὀλίγης
1759 447 1828 482 ὢνη-

1046 507 1109 531 σεν;
1135 498 1212 534 Ἐμοὶ
1230 498 1259 524 δὲ
1275 495 1513 532 θαυμασιώτατον,
1530 495 1546 529 ὴ
1565 494 1697 528 σύντομος
1711 494 1761 529 τῆς
1778 502 1828 519 σω-

1044 544 1141 579 τηρίας
1161 543 1219 574 ὁδὸς
1230 562 1237 574 ,
1253 543 1270 577 ἡ
1287 542 1373 577 ῥᾴστη
1389 540 1456 575 πρδς
1471 538 1585 575 οὐρανὸν
1605 538 1746 569 ἀνάϐασις.
1772 539 1828 564 Οὐκ

1046 590 1086 617 ἔτι
1102 590 1244 626 πρόκειται
1256 591 1312 620 τοῖς
1328 587 1477 622 ὀφθαλμοῖς
1492 586 1571 622 ἡμῶν
1585 585 1673 620 θέαμα
1684 584 1769 611 δεινὸν
1783 585 1828 610 καὶ

1046 635 1180 668 ἐλεεινὸν,
1204 634 1343 669 ἄνθρωποι
1361 633 1415 667 (I7)
1437 632 1530 668 νεκροὶ
1553 632 1606 667 πρὸ
1628 630 1759 662 θανάτου,
1781 629 1829 656 καὶ

1045 679 1273 714 τετελευτηκότες
1285 680 1342 710 τοῖς
1356 677 1493 708 πλείστοις
1504 677 1553 704 τοῦ
1568 676 1693 711 σώματος
1709 676 1828 711 μέλεσιν,

1045 727 1260 761 ἀπελαυνόμενοι
1283 724 1403 757 πόλεων,
1426 723 1538 755 οἰκιῶν,
1562 722 1686 758 ἀγορῶν,
1710 722 1827 754 ὑδάτων,

1046 773 1136 801 αὐτῶν
1157 773 1211 799 τῶν
1233 772 1387 806 φιλτάτων,
1409 771 1523 805 ὀνόμασι
1547 770 1663 804 μᾶλλον,
1684 769 1700 804 ἦ
1724 769 1829 804 σώμασι

1046 819 1243 855 γνωριζόμενοι
1257 827 1263 833 ·
1279 817 1340 844 οὐδὲ
1352 817 1526 853 προτίθενται
1541 815 1659 847 συνόδοις
1671 824 1700 841 τε
1711 816 1758 842 καὶ
1773 815 1830 841 συλ-

1047 866 1138 900 λόγοις
1161 865 1232 891 κατά
1256 863 1389 898 συζυγίαν
1415 871 1445 889 τε
1470 863 1517 889 καὶ
1543 862 1707 894 συναυλίαν,
1735 862 1828 897 μηκέτ’

1048 911 1204 947 ὲλεούμενοι
1214 911 1258 937 διὰ
1268 910 1317 946 τὴν
1330 910 1417 942 νόσον,
1432 909 1499 936 ἀλλά
1513 908 1671 944 μισούμενοι
1681 917 1688 924 ο
1705 908 1830 943 σοφισταὶ

1050 959 1139 994 μελῶν
1155 957 1291 988 ἐλεεινῶν,
1308 957 1335 983 εί
1348 965 1403 983 τισι
1418 957 1464 983 καὶ
1481 956 1557 990 φωνὴ
1576 955 1699 982 λείπεται
1717 955 1782 991 (I8).
1799 955 1830 982 Τί

1049 1004 1082 1032 ἂν
1096 1004 1202 1031 ἅπαντα
1217 1003 1272 1040 (I9)
1289 1002 1492 1039 ὲκτραγῳόοίην
1505 1001 1540 1028 τὰ
1557 1003 1695 1037 ἡμέτερα.
1712 1002 1762 1028 οὐκ
1781 1002 1828 1037 ἀρ-

1049 1050 1160 1081 κοῦντος
1175 1048 1223 1076 τοῦ
1245 1049 1326 1083 λόγου
1341 1048 1379 1083 τῷ
1397 1047 1493 1080 mea;
1517 1047 1587 1074 Ἀλλ’
1606 1048 1710 1080 ἐκεῖνός
1727 1057 1759 1082 γε
1780 1048 1830 1083 μά-

1048 1096 1128 1123 λιστα
1144 1096 1253 1122 πάντων
1267 1094 1386 1124 ιπεισεν,
1404 1094 1564 1129 ἀνθρώπους
1579 1093 1669 1126 ὄντας,
1683 1093 1832 1130 ἀνθρώπων

1051 1142 1088 1176 μὴ
1105 1142 1303 1177 καταφρονεῖν,
1326 1141 1388 1176 μηδ’
1409 1141 1552 1176 ἀτιμάζειν
1571 1141 1688 1176 Χριστὸν
1702 1141 1752 1176 τὴν
1769 1141 1831 1176 μίαν

1049 1187 1159 1213 πάντων
1174 1186 1295 1221 κεφαλὴν
1308 1186 1351 1212 διὰ
1365 1186 1414 1221 τῆς
1430 1187 1469 1217 εἰς
1484 1186 1604 1217 ἐκείνους
1618 1185 1830 1221 ἀπανθρωπίας·

1049 1233 1106 1259 ἀλλ’
1124 1233 1153 1258 ἐν
1166 1233 1226 1264 ταῖς
1240 1232 1393 1268 ἀλλοτρίαις
1407 1232 1461 1267 (9.0)
1477 1233 1640 1268 συμφοραῖς,
1655 1232 1690 1258 τὰ
1702 1233 1789 1258 οἰκεῖα
1802 1228 1832 1258 εὖ

1049 1277 1182 1308 τίθεσθαι,
1198 1278 1244 1304 καὶ
1255 1276 1387 1309 δανείζειν
1400 1277 1454 1312 (SI)
1467 1277 1525 1312 Θεῷ
1536 1277 1580 1303 τὸν
1592 1276 1675 1308 ἔλεον,
1691 1277 1766 1303 ἐλέου
1778 1276 1821 1307 (22

1049 1323 1209 1359 χρῄζοντας.
1232 1323 1280 1349 Διὰ
1303 1322 1398 1350 τοῦτο.
1422 1323 1482 1349 οὐδὲ
1502 1324 1559 1354 τοῖς
1580 1322 1696 1357 χείλεσιν
1718 1321 1832 1358 ἀπηξίου

1049 1370 1132 1404 τιμᾷν
1143 1369 1192 1403 τὴν
1206 1371 1294 1399 νόσον,
1310 1370 1323 1395 ὁ
1337 1369 1453 1404 εὐγενής
1464 1378 1493 1395 τε
1505 1369 1551 1395 καὶ
1564 1369 1617 1395 τῶν
1629 1368 1658 1395 εὖ
1673 1369 1832 1403 γεγονότων,

1050 1415 1097 1440 καὶ
1108 1415 1157 1449 τὴν
1172 1415 1252 1448 δόξαν
1264 1415 1471 1450 ὑπέρλαμπρος,
1484 1415 1540 1442 ἀλλ’
1553 1415 1590 1447 ὡς
1603 1415 1734 1449 ἀδελςοὺς
1746 1414 1832 1450 ἠσπά-

1050 1460 1122 1492 ζετο,
1140 1461 1189 1495 οὐχ
1206 1461 1273 1496 ὅπερ
1289 1462 1321 1488 ἄν
1336 1470 1378 1493 τις
1395 1461 1694 1494 ὑπολάϐοικενοδοξῶν,
1713 1462 1765 1493 ίτίς
1781 1461 1833 1497 γὰρ

1049 1507 1175 1533 τοσοῦτον
1187 1508 1282 1542 ἀπεῖχε
1294 1507 1457 1539 τοῦπάθους
1466 1508 1485 1539 ;)
1502 1507 1569 1533 ἀλλὰ
1583 1508 1612 1534 τὺ
1626 1508 1766 1543 προσιέναι
1780 1509 1833 1539 τοῖς

1051 1553 1174 1588 σώμασιν
1196 1553 1242 1580 ἐπὶ
1267 1554 1399 1589 Θεραπεία
1421 1554 1465 1580 διὰ
1484 1554 1533 1588 τῆς
1556 1554 1652 1580 ἑαυτοῦ
1677 1554 1833 1589 φιλοσοφίας

1050 1600 1158 1630 τυπῶν,
1179 1601 1225 1626 καὶ
1243 1600 1415 1635 φθεγγομένη
1435 1601 1482 1626 καὶ
1506 1600 1637 1626 σιωπῶσα
1659 1601 1829 1635 παραίνεσις,

1049 1647 1104 1673 Καὶ
1115 1647 1164 1681 οὺχ
1179 1647 1194 1681 ἡ
1211 1647 1258 1681 μὲν
1272 1645 1349 1677 πόλις
1364 1645 1459 1677 οὕτως,
1474 1646 1490 1681 ἡ
1504 1646 1581 1682 χώρα
1594 1646 1622 1672 δὲ
1637 1647 1683 1673 καὶ
1697 1647 1731 1672 τὰ
1745 1646 1831 1677 ἐκτὸς.

1050 1693 1168 1728 ἑτέρως’
1186 1693 1254 1719 ἀλλά
1274 1692 1362 1720 κοινὸν
1380 1693 1481 1719 ἅπασιν
1502 1693 1595 1727 ἀγῶνα
1618 1692 1756 1728 προῦθηκε
1779 1694 1834 1724 τοῖς

1049 1739 1088 1774 τῷ
1104 1738 1161 1773 λαῷ
1184 1739 1239 1771 (25)
1258 1738 1428 1774 προεστῶσι,
1443 1739 1491 1774 τὴν
1508 1740 1548 1770 είς
1568 1739 1665 1770 αὐτοὺς
1682 1738 1832 1773 φιλανθρω-

1052 1785 1128 1817 πίαν,
1143 1786 1190 1811 καὶ
1204 1786 1415 1821 μεγαλοψυχίαν.
1432 1787 1488 1812 Καὶ
1500 1786 1586 1813 ἄλλων
1602 1786 1651 1821 μὲν
1663 1786 1688 1811 οἱ
1701 1785 1831 1821 ὀψοποιοὶ,

1051 1830 1098 1856 καὶ
1115 1831 1142 1856 αἱ
1160 1830 1273 1866 λιπαραὶ
1289 1831 1435 1866 τράπεζαι,
1454 1832 1501 1858 καὶ
1518 1831 1552 1857 τὰ
1571 1833 1709 1866 μαγείρων
1727 1839 1832 1866 μαγγα-

1050 1874 1174 1910 νεύματα
1190 1876 1238 1902 καὶ
1254 1877 1446 1913 κςμψεύματα,
1463 1878 1510 1904 καὶ
1524 1878 1548 1904 οἱ
1571 1877 1714 1911 φιλόκαλοι
1734 1877 1831 1913 δίφροι,

1050 1921 1098 1947 καὶ
1119 1921 1169 1955 τῆς
1193 1921 1306 1956 ἐσθῆτος
1322 1922 1372 1957 ὅση
1392 1923 1501 1958 μαλακή
1524 1932 1552 1949 τε
1568 1924 1616 1949 καὶ
1631 1923 1830 1958 περιρρέουσα·

1051 1966 1192 1993 Βασιλείου
1209 1968 1252 1999 δὲ,
1268 1968 1293 1994 οἱ
1312 1968 1471 2001 νοσοῦντες,
1494 1970 1541 1996 καὶ
1556 1969 1590 1996 τὰ
1604 1969 1658 1996 τῶν
1672 1968 1832 2004 τραυμάτων

1051 2011 1116 2046 ἄκη,
1133 2013 1180 2038 καὶ
1194 2014 1210 2047 ἡ
1226 2013 1345 2048 Χριστοῦ
1366 2014 1492 2049 μίμησις,
1507 2014 1537 2041 οὐ
1551 2014 1623 2050 λόγῳ
1641 2015 1701 2050 μὲν,
1719 2015 1791 2050 ἔργῳ
1805 2013 1832 2040 δὲ

1050 2057 1154 2093 λέπραν
1169 2058 1356 2094 καθαίροντος.

217 2101 320 2128 sulibus
334 2108 477 2129 commune
492 2101 664 2137 benignitatis
676 2109 739 2136 erga
754 2109 885 2136 pauperes
914 2107 941 2130 et
971 2103 1162 2131 munificentia:
1185 2111 1323 2132 certamen
1350 2106 1500 2141 proposuit.
1535 2106 1566 2133 Et
1586 2107 1700 2133 aliorum
1725 2107 1832 2142 quidem

217 2146 308 2180 coqui,
321 2151 349 2173 et
365 2146 442 2174 lauta:
467 2155 577 2180 mensae,
591 2152 619 2175 et
634 2148 850 2182 cupediariorum
867 2148 1001 2176 lenocinia
1020 2154 1047 2176 et
1060 2151 1228 2183 scitamenta,
1242 2156 1269 2179 et
1298 2152 1434 2187 elegantes
1451 2161 1557 2185 currus,
1572 2159 1598 2180 et
1621 2159 1710 2180 vestes
1743 2154 1833 2181 molles

218 2193 326 2229 lateque
339 2193 490 2222 diIIluentes
502 2202 510 2221 :
524 2195 614 2222 Basilii
631 2200 731 2227 autem,
746 2195 849 2229 aegroti,
861 2200 888 2222 et
904 2195 1043 2223 vulnerum
1056 2197 1140 2232 819
1157 2200 1321 2232 curationes,
1340 2204 1367 2226 et
1398 2200 1499 2227 Christi
1535 2201 1659 2233 imitatio,
1692 2209 1744 2229 non
1775 2202 1834 2237 qui—

217 2243 278 2271 dem
293 2249 427 2274 sermone,
440 2242 486 2269 sed
501 2249 581 2277 opere
597 2243 696 2277 lepram
708 2243 856 2278 purgantis.

253 2289 344 2316 LXIV.
362 2289 430 2323 Quid
442 2289 476 2316 ad
496 2289 553 2316 haec
568 2289 646 2317 nobis
670 2290 769 2317 dicturi
783 2296 857 2322 sunt,
875 2290 920 2325 qui
949 2291 997 2318 bo-

1084 2289 1140 2316 ΞΔ¹.
1163 2290 1235 2325 Πρὸς
1249 2290 1351 2323 ταῦτα,
1367 2291 1392 2318 τί
1410 2292 1539 2327 φήσουσιν
1554 2294 1620 2328 ἡμῖν
1642 2293 1667 2320 οἱ
1691 2294 1736 2320 τὸν
1752 2293 1832 2328 τῦφον

217 2334 286 2362 mini
298 2334 397 2362 fastum
421 2335 648 2369 superciliumque
660 2335 811 2369 objiciunt?
828 2335 914 2370 Iniqui
930 2344 995 2364 salte

219 2385 248 2409 et
262 2381 352 2409 acerbi
366 2389 455 2409 rerum
474 2381 626 2416 hujusmodi
644 2381 759 2416 judices,
773 2389 884 2416 eosque.
897 2383 943 2417 qui
959 2390 1001 2410 re-

219 2428 288 2463 gulae
303 2435 355 2454 non
381 2431 456 2460 sunt,
470 2427 504 2454 ad
521 2426 640 2462 regulam
659 2427 844 2455 admoventes.
871 2428 911 2454 An
937 2435 1002 2455 vero

218 2473 277 2500 ﬁeri
296 2475 394 2508 potest,
425 2478 455 2499 ut
479 2473 525 2506 qui
550 2472 672 2507 leprosos
701 2473 885 2505 deosculetnr,
904 2479 932 2501 et
949 2474 1003 2501 huc

219 2525 305 2553 usque
319 2525 349 2546 se
369 2517 505 2549 demittat,
523 2517 651 2545 adversus
670 2525 752 2545 sanos
765 2523 792 2546 et
817 2520 937 2546 valentes
956 2527 1003 2546 su-

327 2596 497 2634 :IUtthlatC.
508 2597 595 2631 Pass.,
607 2598 732 2634 ἵστορίαι.

255 2631 310 2668 (Π)
326 2631 501 2668 έΑνθρῳποι,
515 2639 567 2660 etc.
598 2631 692 2661 Cornuti.
714 2633 787 2668 legit,
807 2632 944 2668 ἄνθρωποι
959 2639 1002 2660 νε-

221 2666 282 2701 κροὶ
296 2667 343 2692 καὶ
361 2666 415 2704 πρὸ
427 2666 541 2695 θανάτου
559 2666 790 2704 τετελευτηκότες,
808 2666 873 2699 ειοξ,
892 2676 901 2704 ι
918 2668 1003 2694 homi-

221 2707 270 2740 nes
283 2702 390 2733 mortui,
403 2706 431 2729 et
445 2709 506 2730 ante
520 2708 632 2730 mortem
645 2702 779 2738 plerisque
792 2703 914 2738 corporis
922 2709 1004 2730 mem-

221 2735 278 2762 brts
289 2736 424 2762 exstincti.
435 2746 444 2762 ι

241 2743 278 2762 ns
289 2740 424 2763 exstincti.
435 2746 444 2762 ι

255 2770 311 2808 (ιε)
325 2771 474 2808 ᾼείπεται.
485 2771 572 2808 Pass,
587 2772 724 2808 λείπηται.

255 2806 310 2843 (I9)
327 2806 471 2843 Ἀσίαν-τᾳ.
486 2807 609 2843 Quinque
625 2806 707 2843 ligus.
723 2812 750 2843 et
763 2807 851 2840 Pass.,
866 2807 965 2834 πάντα.

257 2840 406 2878 (ξω-Ταῖς
433 2840 615 2878 ἁιτίλοζριᾴις.
644 2840 694 2878 Sid
720 2842 842 2878 plerique
871 2843 963 2878 huc
977 2845 1005 2869 et

220 2872 309 2908 0011).,
322 2872 430 2910 Chrys,
454 2876 502 2911 pr.
516 2872 543 2908 Ξ,
558 2872 633 2910 Pan,
648 2872 737 2912 Pass.)
749 2872 807 2906 etc:
819 2877 900 2906 Deest
910 2872 1003 2903 “me.

1050 2336 1230 2371 ἐγκαλοῦντες
1251 2336 1348 2372 ἐκείνῳ
1372 2338 1418 2364 καὶ
1439 2338 1489 2374 τὴν
1511 2339 1611 2375 ὀφρὺν,
1628 2340 1653 2366 οἱ
1673 2341 1766 2375 πικροὶ
1781 2340 1832 2366 τῶν

1049 2383 1217 2418 τηλικούτων
1236 2383 1343 2418 κριταὶ,
1361 2384 1408 2409 καὶ
1425 2383 1463 2418 τῷ
1479 2385 1573 2411 κανόνι
1589 2386 1645 2421 (ει)
1661 2387 1726 2418 τοὺς
1741 2387 1770 2413 οὐ
1786 2395 1831 2413 κα-

1051 2430 1129 2460 νόνας
1144 2429 1343 2463 προσάγοντες;
1362 2429 1439 2456 Ἔστι
1456 2429 1573 2466 λεπροὺς
1590 2431 1640 2466 μὲν
1654 2426 1831 2465 ἀσπάζεσθαι,

1053 2475 1099 2501 καὶ
1113 2474 1194 2510 μέχρι
1208 2473 1304 2500 τούτου
1321 2476 1575 2508 συνταπεινοῦσθαι,
1591 2477 1646 2504 τῶν
1660 2478 1689 2504 δὲ
1703 2478 1830 2512 ὑγιαινόν-

1052 2527 1107 2546 των
1135 2519 1357 2554 κατοφρυᾶσθαι;
1381 2520 1436 2546 Καὶ
1458 2521 1553 2556 τήκειν
1580 2521 1628 2556 μὲν
1655 2522 1705 2554 τάς
1733 2523 1832 2558 σάρκας

1049 2599 1140 2635 τρίαις
1159 2600 1184 2627 in
1199 2600 1242 2627 ed.

1088 2636 1144 2670 (21)
1158 2634 1312 2666 Δανείζειν.
1329 2635 1374 2662 Sic
1388 2634 1467 2661 codd.
1481 2635 1508 2662 in
1519 2636 1573 2670 ed.,
1587 2635 1713 2668 δανείζει.

1087 2670 1143 2704 (2‘2)
1162 2670 1275 2697 Ἐλέου.
1289 2671 1336 2698 0r.
1347 2670 1375 2702 2,
1389 2670 1491 2701 ἐλέους.

1088 2700 1144 2738 (95}
1157 2705 1199 2737 Τῷ
1214 2705 1287 2738 λαῷ.
1300 2700 1393 2733 Plures
1406 2700 1497 2737 'eoud.,
1508 2705 1562 2732 τῶν
1576 2700 1658 2732 λαῶν.

1088 2740 1144 2774 (24)
1156 2740 1211 2766 Καὶ
1227 2740 1266 2772 τῷ
1278 2741 1393 2773 κανόνι,
1408 2746 1462 2766 etc.
1490 2741 1535 2767 Sic
1548 2741 1659 2774 exponit
1673 2739 1782 2768 Graecus
1798 2739 1834 2766 in-

1053 2778 1156 2811 terpres
1173 2775 1353 2811 {KGVOVICVEW
1378 2775 1472 2811 abrbv,
1491 2776 1538 2802 καὶ
1553 2774 1649 2810 ὀρθοῦν
1671 2775 1832 2811 βουλόμενοι,

1053 2809 1130 2845 αυτοὶ
1140 2809 1296 2845 ἀνόρθωτοι.
1310 2810 1337 2837 Id
1349 2815 1391 2838 est
1408 2819 1415 2838 :
1431 2818 1439 2835 I
1453 2809 1619 2845 componere
1634 2809 1716 2844 atque
1732 2809 1832 2843 erigere

1053 2843 1128 2872 illum
1139 2843 1288 2880 cupientes.
1304 2852 1365 2874 cum
1381 2845 1432 2880 ipsi
1444 2843 1526 2880 pravi
1535 2849 1562 2873 et
1576 2843 1679 2873 obtorti
1686 2844 1750 2872 sint.
1767 2853 1777 2870 ι
