2013 3134
142 172 192 200 ⁵81

549 169 678 198 ORATIO
695 169 787 198 XLIII.
808 183 844 191 —-
863 169 896 198 IN
913 169 1056 198 LAUDEM
1075 169 1200 198 BASILII
1219 169 1338 198 MAGNI.

1716 171 1770 198 582

143 229 175 256 δι’
191 226 365 264 ἐγκρατείας,
387 227 436 263 τὴν
451 226 540 262 ψυχὴν
552 227 580 253 δὲ
593 227 719 254 οίδαίνειν
749 226 819 262 κενῷ
846 226 934 262 φρυάι-

987 226 1123 261 percilium
1136 225 1261 254 attollat?
1277 226 1327 259 Qui
1345 232 1443 253 carnes
1457 225 1623 253 continentia
1641 231 1668 254 et
1682 227 1771 255 inedia

142 274 308 310 γματι;Καὶ
323 273 370 300 τοῦ
384 274 432 309 μὲν
444 274 591 310 Φαρισαίου
599 272 825 308 καταγινώσκειν,
839 273 930 300 καὶδι-

141 321 270 356 ηγείσθαι
280 321 330 356 τὴν
339 320 369 353 ἐξ
376 321 459 355 ὄγκου
467 322 641 353 ταπείνωσιν,
654 320 821 356 καὶΧριστὸν
832 320 930 347 εἰδέναι

145 368 227 404 μέχρι
255 367 349 394 δούλου
384 367 491 404 μορφῆς
520 367 703 400 κατελθόντα,
731 367 778 393 καὶ
801 366 931 397 τελώναις

145 413 308 440 συνέσθοντα
326 413 396 448 (25),
422 414 469 440 καὶ
483 413 610 440 νίπτοντα
630 415 693 445 τοὺς
710 414 794 445 πόδας
806 413 860 439 τῶν
879 422 931 448 μα-

143 460 246 495 Θητῶν,
261 460 309 486 καὶ
323 459 439 496 σταυρὸν
452 460 502 486 οὐκ
516 460 694 493 ἀπαξιοῦντα,
710 459 753 485 ἵνα
767 458 931 494 προσηλώσῃ

143 506 192 540 τὴν
214 505 284 541 ἐμὴν
309 506 445 541 ἁμαρτίαν
472 505 577 541 (καίτοι
609 505 635 532 τί
659 505 754 532 τούτου
781 505 931 541 παράδοξός

143 561 236 588 τερον,
251 552 318 579 Θεὸν
334 551 533 587 σταυρούμενον
556 551 611 587 (26)
630 551 755 586 βλέπειν,
770 552 818 578 καὶ
836 551 931 577 τοῦτον

145 597 215 633 μετὰ
229 597 335 634 λῃστῶν
346 617 353 629 ,
369 598 415 624 καὶ
436 597 490 624 ὑπὸ
508 597 562 624 τῶν
583 597 737 633 παριόντων
757 597 911 632 γελώμενον
922 617 930 630 ,

142 642 188 669 τδν
199 642 347 673 ἀνάλωτον,
363 643 408 669 καὶ
421 642 468 668 τοῦ
482 642 579 670 παθεῖν
594 643 770 678 ὑψηλότερον)
782 651 788 658 ·
805 643 885 670 αὑτὸν
899 643 928 669 δὲ

143 688 321 724 ὐπερνεφεῖν,
337 688 383 714 καὶ
405 688 489 723 μηδὲν
503 687 649 722 γινώσκειν
669 689 816 724 ὁμότιμον,
830 689 844 715 ὃ
858 689 933 715 δοκεῖ

142 735 199 765 τοῖς
219 732 317 768 ἐκείνῳ
333 733 539 767 βασκαίνουσιν;
560 733 628 759 Ἀλλ’
646 731 722 768 οἶμαι
740 734 768 760 τὸ
783 734 828 760 τοῦ
849 734 932 769 ἡοους

143 780 285 811 εὐσταθὲς,
300 780 347 806 καὶ
361 779 486 815 βεϐηκὸς,
499 780 546 806 καὶ
564 779 758 815 ἀπεξεσμένον,
771 779 855 814 τῦφον
867 779 933 806 ὠνό-

146 834 246 861 μασαν.
269 826 300 852 Οἱ
319 825 342 851 δ’
355 825 432 852 αὐτοί
454 833 500 860 μοι
520 825 628 852 δοκοῦσι
649 825 749 861 ῥᾳδίως
769 825 802 852 ἂν
822 825 868 852 καὶ
886 825 932 852 τὸν

144 870 265 907 ἀνδρεῖον
281 870 394 898 καλέσαι
405 870 518 906 θρασὺν,
536 871 584 897 καὶ
601 870 688 897 δειλὸν
701 871 745 897 τὸν
761 879 930 906 περιεσκεμκ

984 272 1118 304 conﬁciat,
1132 272 1205 299 inani
1219 271 1301 298 animi
1316 271 1385 298 fastu
1401 270 1530 298 inﬂetur?
1542 271 1591 304 Qui
1604 271 1768 300 Pharismum

984 317 1102 350 damnet,
1129 322 1210 352 atque
1225 317 1298 343 illius
1325 323 1359 342 ex
1385 316 1539 350 arrogantia
1569 316 1769 350 depressionem

985 366 1189 395 commemoret,
1200 366 1227 388 et
1253 361 1389 388 Christum
1409 361 1478 388 sciat
1500 360 1533 387 ad
1556 359 1671 387 formam
1686 368 1770 395 usque

984 407 1109 434 servilem
1124 415 1184 434 sese
1201 407 1353 440 demisisse,
1379 412 1406 434 et
1430 414 1490 434 cum
1508 407 1658 440 publicanis
1681 416 1771 436 come.

985 454 1065 486 disse,
1077 459 1105 481 et
1132 454 1323 488 discipulorqu
1347 454 1426 488 pedes
1446 453 1574 486 abluisse,
1592 461 1644 481 nec
1663 461 1770 482 crucem

985 506 1137 532 recusasse,
1155 504 1184 527 ut
1209 504 1350 534 peccatum
1369 507 1459 526 meum
1475 499 1594 534 alligeret
1607 501 1770 535 (quanquam

984 544 1048 578 quid
1063 545 1115 572 hoc
1130 544 1289 576 mirabilius,
1302 544 1399 576 Deum,
1410 544 1455 578 qui
1465 545 1522 578 capi
1536 549 1616 579 atque
1624 545 1771 580 expugnari

985 591 1093 625 nequit,
1111 598 1143 617 ac
1161 591 1334 625 perpessione
1348 590 1421 617 omni
1433 590 1571 617 sublimior
1588 595 1640 622 est,
1655 590 1771 624 penden-

985 641 1050 668 tem,
1067 641 1095 663 et
1109 637 1216 671 quidem
1237 644 1296 664 cum
1324 636 1486 669 latronibus,
1504 643 1535 663 ac
1550 636 1770 671 praetereuntium

985 682 1102 710 lubibrio
1125 683 1276 717 expositum
1299 681 1421 716 intueri)
1441 690 1449 715 ;
1473 682 1544 709 idem
1572 687 1661 709 tamen
1691 688 1771 716 supra

985 729 1069 756 nubes
1081 736 1141 756 sese
1150 728 1254 760 efferat,
1269 732 1349 762 atque
1370 729 1493 755 omnibus
1504 732 1659 761 anteponat,
1675 735 1771 762 quem.

985 775 1128 802 admodum
1156 775 1189 802 iis
1216 775 1332 806 videtur,
1350 775 1394 809 qui
1411 775 1495 809 ipsius
1510 775 1603 802 virtuti
1633 774 1771 802 invidan

988 820 1086 848 Verum
1104 820 1140 848 illi
1156 820 1241 848 fastus
1254 828 1362 851 nomen,
1375 821 1518 856 utopinor,
1532 829 1635 848 morum
1650 821 1771 849 [inuitati

985 871 1012 894 et
1029 866 1191 894 innocentia
1203 866 1397 901 imposuerunt.
1413 867 1447 894 At
1462 866 1542 894 iidem
1554 867 1676 895 homines
1693 868 1771 896 facile

146 916 243 951 μένον,
271 916 319 942 καὶ
344 915 389 942 τὸν
415 915 541 951 σώφρονα
573 915 784 951 μισάνθρωπον,
810 916 856 942 καὶ
889 915 934 943 τὸν

987 920 1091 947 quoque
1107 912 1172 939 mihi
1184 911 1280 938 facturi
1296 912 1430 944 videntur,
1452 916 1482 939 ut
1493 918 1519 939 et
1531 913 1638 946 fortem,
1654 918 1771 941 temera-

144 962 247 989 δίκαιον
261 960 449 996 ἀκοινώνητον.
463 960 518 987 Καὶ
530 960 584 996 γὰρ
599 961 628 986 οὺ
645 960 754 995 φαύλως
768 960 848 986 τοῦτό
860 969 933 992 τινες

144 1008 411 1043 πεφιλοσοφήκασιν·
443 1007 504 1034 ’Ότι
533 1006 767 1041 παραπεπήγασι
787 1007 843 1042 (27)
870 1006 934 1039 ταῖς

144 1053 266 1088 ἀρεταῖς
291 1055 320 1080 αὶ
335 1053 450 1086 κακίαι,
476 1053 526 1080 καὶ
538 1053 599 1080 εἰσί
614 1059 674 1086 πως
689 1053 842 1087 ὰγχίϐιιροι
856 1060 862 1067 ·
888 1051 935 1078 κα)⁸

147 1101 254 1135 ῥᾷστον,
275 1099 338 1126 ἄλλο
354 1108 379 1126 τι
395 1099 459 1126 ὅντα
474 1099 568 1134 ἕτερον
586 1099 746 1133 νομισθῆναι
764 1100 819 1130 τοῖς
843 1097 881 1133 μὴ
898 1098 932 1125 τὰ

145 1146 259 1172 τοιαῦτα
279 1145 515 1181 πεπαιδευμένοις.
539 1145 586 1176 Τίς
601 1145 655 1180 γὰρ
670 1145 776 1171 ἐκείνου
801 1144 900 1179 μᾶλλον
917 1144 934 1179 ἢ

146 1192 248 1228 ἀρετὴν
272 1192 420 1228 ἐτίμησεν,
444 1191 460 1226 ἢ
485 1192 584 1218 κακίαν
609 1191 754 1222 ἐκόλασεν,
778 1190 794 1226 ἢ
819 1198 936 1226 χρηστος

147 1240 226 1275 ὢφοη
240 1242 297 1272 τοῖς
313 1239 502 1275 κατορθοῦσιν,
518 1239 534 1275 ἦ
551 1240 607 1269 τοῖς
622 1239 825 1273 ἁμαρτάνουσιν
840 1238 935 1272 ὲμῆρι-

149 1285 199 1321 οής
212 1294 219 1301 ·
236 1282 266 1312 οὗ
289 1286 338 1311 καὶ
352 1285 383 1312 τὺ
406 1285 537 1320 μειδίαμα
554 1284 682 1315 πολλάκις
700 1283 810 1314 ἔπαινος
826 1280 871 1318 ἦν,
889 1282 936 1308 καὶ

147 1332 179 1359 τὸ
204 1333 311 1368 σιωπᾷν
334 1331 504 1366 ἐπιτίμησις,
532 1331 625 1365 οἰκείῳ
647 1329 777 1356 συνειδότι
800 1329 830 1355 τὸ
853 1328 936 1356 κακὸν

150 1370 353 1413 βασανίζουσςι;
370 1377 402 1403 Et
416 1377 444 1402 δὲ
462 1376 499 1411 μὴ
522 1375 662 1410 στωμύλος
676 1383 718 1406 τις
731 1374 786 1409 (28)
802 1372 846 1410 ἦν.
869 1374 937 1409 μηδὲ

149 1422 314 1458 γελοιαστὴς
326 1442 332 1454 ,
347 1423 395 1448 καὶ
408 1422 553 1456 ἀγοραῖος,
573 1420 639 1456 μηδὲ
669 1421 726 1451 τοῖς
748 1419 855 1450 πολλοῖς
875 1418 938 1454 ἀρέ-

150 1476 234 1499 σκων,
252 1468 285 1493 ὲκ
297 1466 344 1493 τοῦ
364 1467 430 1492 πᾶσι
447 1466 535 1493 πάντα
556 1463 689 1499 γίνεσθαι,
704 1464 750 1490 καὶ
767 1462 936 1498 χαρίζεσθαι,

149 1514 176 1540 τί
191 1513 290 1545 τοῦτο;
309 1513 365 1539 Οὐκ
382 1511 537 1542 ὲπαινετέος
557 1510 656 1545 μᾶλλον
674 1510 690 1544 ἢ
710 1508 863 1544 μεμπτέος,
882 1508 937 1538 τοῖς

151 1567 184 1593 γε
199 1558 263 1586 νοῦν
282 1558 406 1594 ἐχουσινς
422 1557 453 1584 Εἰ
475 1557 511 1592 μὴ
529 1557 575 1583 καὶ
589 1556 634 1583 τὸν
650 1555 746 1582 λέοντα
761 1553 871 1588 αίτιῷτό
885 1561 936 1585 τις,

149 1585 191 1632 ἑτι
210 1605 247 1640 μὴ
265 1585 406 1640 πιδήκειον
421 1585 525 1639 βλέὲεί,
541 1602 608 1629 ἀλλὰ
623 1601 752 1637 βλοσυρὸν
770 1600 816 1627 καὶ
827 1585 937 1634 ’βασιλι-
951 1585 972 1613 c

150 1651 216 1684 κὺν,
232 1647 262 1677 οὗ
279 1651 327 1677 καὶ
343 1650 377 1677 τὰ
393 1650 567 1685 σκιρτήματα
581 1650 702 1682 γενναῖα,
721 1647 767 1674 καὶ
787 1646 856 1682 μετὰ
878 1646 939 1673 θαύ-

116 1723 124 1729 ,
151 1705 238 1732 ματος
262 1696 449 1731 ἀγαπώμενοι·
474 1695 520 1722 καὶ
542 1695 606 1726 τοὺς
630 1694 677 1720 ἐπὶ
693 1693 741 1728 τῆς
758 1693 813 1728 (29)
835 1693 938 1727 σκηνῆς

151 1743 300 1778 θαυμάζοι,
321 1742 358 1774 ὡς
375 1742 448 1778 ἡδεῖς
465 1751 494 1768 τε
516 1741 563 1767 καὶ
579 1739 805 1775 φιλανθρώπους,
819 1740 859 1766 ὅτι
883 1741 938 1770 τοῖς

150 1790 246 1825 δήμοις
271 1788 445 1824 χαρίζονται,
474 1788 521 1814 καὶ
549 1786 654 1813 κινοῦσι
680 1786 786 1820 γέλωτα
811 1787 868 1817 τοῖς
892 1785 939 1811 ἐπὶ

151 1837 254 1872 κὸρῤης
274 1836 427 1871 ραπίσμασι
451 1835 498 1862 καὶ
514 1834 658 1869 ψοφήμασι
682 1831 748 1868 (50).
771 1832 867 1859 Καίτοι
887 1831 938 1858 κᾶν

151 1884 175 1909 εί
199 1882 279 1909 τοῦτο
304 1881 467 1918 ζητοίημεν,
492 1880 534 1911 τίς
562 1880 610 1914 μὲν
635 1878 721 1910 οὕτως
743 1878 808 1914 ἡδὺς
828 1879 856 1904 ἐν
879 1879 939 1909 ταῖς

153 1927 323 1959 συνουσίαις,
342 1927 391 1953 ὅσα
409 1926 459 1962 ἐμὲ
474 1924 619 1960 γινώσκειν
636 1924 682 1950 τὸν
698 1924 815 1960 μάλιστα
834 1924 938 1950 ἐκείνου

152 1973 368 2009 πεπειραμένοις
393 1973 434 2004 τίς
457 1972 514 2007 (31)
537 1969 719 2006 διηγήσασθαι
743 1969 937 2005 χαριέστεροςς

153 2020 194 2052 τίς
222 2021 271 2055 μὲν
290 2019 398 2054 σκῶψαι
423 2016 622 2048 παιδευτικῶς;
644 2016 686 2047 τίς
713 2015 741 2041 δὲ
765 2014 939 2049 καθάψασθαι

155 2066 281 2099 ἁπαλῶ;;
307 2065 362 2092 Καὶ
389 2065 456 2100 μήτε
482 2063 530 2098 τὴν
555 2062 715 2097 ἐπιτίμησιν
742 2060 842 2096 θράσος
862 2060 940 2095 ποιῆ-

155 2121 199 2140 σαι
217 2112 274 2147 (52)
285 2131 292 2142 ,
311 2111 378 2146 μήτε
392 2110 440 2144 τὴν
455 2109 548 2136 ἄνεσιν
564 2107 686 2138 ἔκλυσιν,
704 2106 762 2133 ἀλλ’
777 2106 939 2141 ἀμφοτέρων

153 2158 200 2193 τὴν
211 2156 345 2192 ἀμετρίαν
356 2156 460 2190 φυγεῖν,
472 2153 638 2189 ἀμφοτέροις
650 2152 698 2178 σὺν
708 2151 779 2185 λόγῳ
789 2151 836 2177 καὶ
851 2150 939 2187 καιρῷ

154 2203 312 2240 χρώμενον,
336 2201 407 2228 κατὰ
430 2201 493 2232 τοὺς
515 2197 694 2233 Σαλομῶντος
721 2197 837 2233 νόμους,
859 2197 940 2224 παντὶ

155 2248 299 2284 πράγματι
313 2246 407 2282 καιρὸν
423 2245 598 2278 διατάξαντος
612 2243 679 2278 (55).

155 2293 291 2321 narrando
303 2291 513 2324 festivior?Quis
536 2291 562 2317 in
578 2289 694 2324 jocando
715 2287 853 2322 argutior?
873 2287 938 2321 Quis

985 959 1054 987 rium
1068 959 1219 994 appellent;
1235 963 1262 987 et
1277 960 1433 994 prudentem
1443 967 1476 987 ac
1491 961 1724 995 circumspectum,
1739 961 1772 988 ti-

985 1005 1105 1038 midum;
1121 1009 1148 1032 et
1163 1010 1368 1039 temperantem,
1386 1011 1520 1040 agrestem
1535 1010 1563 1033 et
1576 1007 1769 1038 inhumanum:

985 1050 1134 1084 etjustum,
1151 1051 1309 1078 illiberalem
1328 1057 1355 1078 et
1371 1051 1520 1079 sordidum.
1534 1051 1626 1087 Neque
1638 1053 1709 1080 enim
1720 1053 1771 1080 hoc

985 1098 1093 1132 quidam
1116 1097 1184 1124 male
1215 1098 1401 1125 tradiderunt:
1435 1097 1580 1124 Virtutibus
1611 1098 1721 1132 ﬁnitima
1747 1103 1772 1125 et

985 1145 1178 1179 quodammodo
1193 1144 1277 1171 vicina
1293 1152 1347 1171 esse
1359 1145 1438 1176 vilia;
1451 1143 1570 1179 nihilque
1581 1144 1685 1172 facilius
1700 1152 1770 1177 esse,

986 1199 1066 1225 quam
1082 1196 1111 1217 ut
1127 1191 1161 1218 ab
1178 1191 1240 1223 illis,
1254 1191 1299 1226 qui
1330 1190 1482 1225 huiusmodi
1517 1198 1606 1218 rerum
1632 1191 1771 1218 scientiam

987 1245 1039 1264 non
1053 1243 1154 1270 tenent,
1171 1245 1214 1265 res
1231 1238 1353 1272 qua-dam
1370 1238 1440 1264 aliud
1454 1245 1516 1265 esse
1531 1237 1676 1272 judicetnr,
1691 1245 1770 1271 quam

987 1291 1082 1311 revera
1095 1284 1141 1311 sit.
1160 1284 1226 1318 Quis
1239 1284 1311 1312 enim
1327 1285 1412 1318 magis
1422 1289 1468 1311 ant
1483 1285 1609 1311 virtutem
1623 1283 1714 1316 coluit,
1726 1288 1774 1310 aut.

987 1329 1081 1356 vilium
1099 1330 1229 1362 coercuit,
1245 1329 1286 1357 vel
1298 1330 1385 1357 ollicio
1413 1330 1495 1364 probe
1518 1330 1617 1358 functis
1633 1330 1773 1365 benignio-

990 1383 1047 1402 rem
1065 1383 1097 1403 ac
1109 1375 1274 1408 suaviorem,
1299 1380 1344 1401 aut
1360 1375 1536 1409 peccantibus
1559 1375 1720 1403 severiorem
1743 1381 1773 1401 se

988 1421 1120 1456 praebuit;
1139 1425 1231 1456 utpote
1247 1422 1323 1456 cujus
1337 1421 1377 1448 vel
1395 1423 1533 1456 pertenuis
1549 1422 1619 1449 risus
1632 1428 1702 1456 serpe
1716 1421 1773 1448 lau-

989 1467 1061 1494 datio
1076 1471 1158 1498 esset,
1175 1471 1203 1494 et
1227 1467 1362 1495 silentium
1382 1468 1541 1503 increpatio,
1556 1467 1583 1495 in
1597 1468 1704 1503 propria
1729 1468 1773 1495 ni-

989 1513 1087 1540 mirum
1100 1513 1231 1548 cujusque
1255 1513 1420 1541 conscientia
1446 1514 1552 1548 culpam
1573 1514 1715 1549 explorans
1741 1521 1774 1541 ne

989 1558 1210 1593 puniens?Quod
1234 1559 1256 1586 si
1282 1567 1334 1585 non
1350 1559 1452 1593 lepidus
1478 1559 1608 1595 quispiam
1622 1564 1649 1587 et
1671 1561 1774 1588 facetus

989 1609 1058 1636 erat,
1077 1611 1127 1631 nec
1145 1604 1390 1636 circumforamus,
1406 1612 1456 1633 nec
1470 1613 1502 1632 ex
1514 1613 1547 1633 eo
1558 1606 1628 1639 quod
1649 1607 1775 1634 omnibus

989 1650 1078 1677 omnia
1092 1649 1177 1681 fieret,
1192 1650 1326 1685 plerisque
1337 1655 1429 1686 gratus
1439 1656 1466 1678 et
1474 1656 1609 1685 acceptus,
1621 1652 1685 1686 quid
1696 1657 1750 1679 tum
1762 1653 1774 1679 ?

989 1695 1085 1723 Nonne
1101 1695 1206 1723 Iaudem
1232 1697 1323 1731 potius
1353 1704 1433 1732 quam
1460 1697 1696 1730 reprehensionem
1724 1699 1775 1726 hoc

991 1742 1099 1768 nomine
1115 1747 1244 1774 meretur,
1258 1742 1352 1770 saltem
1369 1742 1440 1777 apud
1455 1749 1546 1770 mente
1559 1744 1704 1778 praeditos?
1718 1744 1774 1771 Nisi

990 1788 1051 1822 quis
1067 1788 1170 1816 leonem
1187 1788 1270 1815 etiam
1286 1790 1467 1816 accusandum
1484 1794 1568 1822 putet,
1585 1790 1656 1824 quod
1670 1798 1721 1817 non
1739 1791 1775 1816 si-

991 1834 1051 1860 miae
1064 1834 1179 1866 vultum,
1194 1834 1241 1861 sed
1256 1839 1361 1861 torvum
1377 1835 1519 1868 quemdam
1534 1840 1561 1862 et
1575 1835 1731 1862 horrificum
1744 1843 1775 1862 ac

991 1881 1093 1915 regium
1105 1880 1189 1915 820
1201 1881 1335 1915 praeferat,
1351 1881 1504 1917 cujus-ipsas
1524 1889 1631 1917 quoque
1652 1882 1776 1909 saltatio-

991 1934 1038 1954 nes
1053 1926 1137 1954 fortes
1154 1932 1179 1953 et
1205 1934 1342 1961 generosae
1369 1932 1441 1960 sunt,
1469 1932 1496 1955 et
1513 1935 1574 1954 cum
1600 1928 1776 1955 admiratione

987 1972 1131 2006 jncundm;
1147 1976 1227 2006 atque
1242 1973 1323 1999 etiam
1338 1973 1495 2005 histriones,
1512 1977 1541 2000 ut
1555 1981 1652 2001 suaves
1678 1979 1702 2001 et
1727 1973 1776 2000 hu-

990 2017 1128 2044 manitatis
1142 2018 1245 2052 plenos,
1257 2018 1416 2050 admiretur,
1431 2019 1558 2052 quoniam
1585 2019 1674 2054 populi
1699 2019 1774 2046 volu~

991 2063 1110 2097 ptatihus
1130 2063 1304 2095 inserviunt,
1334 2063 1514 2098 colaphosque
1537 2064 1587 2091 sibi
1607 2065 1720 2092 invicem
1747 2064 1774 2092 in

991 2106 1088 2134 malam
1107 2108 1290 2143 impingendo,
1304 2108 1501 2143 strepitumque
1520 2109 1625 2142 ciendo,
1642 2110 1725 2138 risum
1751 2109 1775 2136 ei

991 2157 1109 2179 movent.
1122 2153 1282 2188 Quanquam
1291 2155 1384 2187 etiam,
1403 2155 1428 2182 si
1437 2155 1489 2183 hoc
1503 2163 1665 2190 quaeramus,
1679 2156 1739 2190 quis
1750 2156 1776 2182 in

990 2198 1107 2226 cmtibus
1124 2199 1191 2226 adeo
1202 2199 1346 2233 iucundus.
1374 2205 1504 2234 quantum
1519 2200 1626 2235 quidem
1651 2200 1707 2234 ipse
1731 2208 1778 2227 co-

991 2251 1103 2277 gnosco,
1114 2244 1161 2279 qui
1177 2244 1261 2279 ipsius
1275 2245 1391 2272 maxime
1404 2247 1553 2280 periculum
1570 2245 1642 2273 feci?
1667 2245 1733 2278 Quis
1751 2246 1777 2273 iu

974 2289 1001 2316 in
1038 2290 1203 2325 objurganda
1228 2292 1325 2320 lenior.
1356 2291 1401 2320 Sic
1423 2297 1452 2321 ut
1478 2301 1566 2328 neque
1583 2293 1729 2328 increpatio
1752 2292 1778 2320 in

156 2341 347 2371 temeritatem,
374 2346 462 2374 neque
488 2337 654 2372 indulgentia
686 2336 713 2363 in
738 2335 877 2362 mollitiem
915 2337 1057 2371 recideret,
1085 2338 1133 2366 sed
1176 2339 1316 2374 utriusque
1343 2346 1488 2368 excessum
1517 2340 1632 2375 fugeret,
1664 2343 1779 2374 utroque

156 2392 336 2422 congruenter
349 2391 376 2413 et
394 2385 552 2420 tempestive
571 2389 660 2414 utens,
682 2383 759 2416 juxta
786 2382 937 2410 Salomonis
957 2383 1040 2419 leges,
1058 2386 1104 2420 qui
1120 2386 1246 2414 omnibus
1257 2387 1338 2414 rebus
1356 2391 1462 2420 tempus
1474 2385 1614 2413 constituit
1630 2384 1663 2413 ³³.

191 2434 252 2462 ΞΕ¹.
276 2433 357 2460 Ἀλλὰ
368 2433 394 2459 τί
405 2433 492 2459 ταῦτα
503 2431 571 2467 πρὸς
582 2430 631 2466 τὴν
644 2430 673 2456 ὲν
683 2428 775 2463 λόγοις
786 2428 833 2454 τοῦ
844 2428 942 2463 ἀνδρὸς

1030 2430 1110 2460 LXV".
1127 2432 1180 2460 Sed
1194 2433 1257 2467 quid
1276 2433 1327 2460 ista
1344 2436 1418 2464 sunt,
1445 2439 1500 2467 prae
1524 2431 1594 2458 illius
1615 2429 1720 2458 dicendi
1740 2429 1779 2457 [ιιι

158 2480 268 2516 ἀρετὴν,
284 2479 332 2506 καὶ
346 2479 377 2506 τὸ
392 2479 442 2514 τῆς
459 2477 632 2508 διδασκαλίας
651 2475 705 2511 (54)
721 2475 822 2512 κράτος
836 2475 870 2501 τὰ
891 2475 942 2502 πέ-

159 2535 227 2562 ρατα
248 2525 449 2561 οἰκειούμενον;
471 2524 531 2551 Ἐτι
553 2523 617 2559 περὶ
645 2523 707 2554 τοὺς
730 2521 869 2558 πρόποδας
894 2521 941 2548 τοῦ

193 2593 217 2608 ⁸*
232 2591 321 2619 Eccle.
336 2599 380 2624 ιιι,
391 2590 417 2618 ι.

193 2648 249 2683 (25)
263 2647 463 2675 Συνέσθοντα.
476 2646 506 2673 In
519 2646 664 2683 nonnullis,
678 2644 861 2683 συνεσθίοντα,

193 2680 250 2718 (26)
267 2682 341 2710 Θεὸν
353 2683 588 2717 σταυρούμενον.
611 2690 620 2706 ι
634 2681 718 2715 Deum
737 2680 894 2707 cruciﬁxum
910 2687 939 2706 ιι

159 2717 261 2748 scilicet
274 2718 378 2745 ratione
393 2717 484 2744 carnis
499 2721 652 2749 assumpta.

194 2753 250 2789 (ΥΠ
262 2751 507 2789 Παραπεπήγαριι,
521 2757 574 2780 etc.
587 2750 731 2789 idenander
741 2749 808 2777 dixit
822 2758 828 2776 :
845 2749 943 2789 Ἐγγὺς

158 2785 253 2824 ἁγαθῷ
265 2785 349 2815 κακὸν
361 2785 557 2824 παραπέφυκε·
573 2796 583 2812 ι
599 2786 695 2824 Malum
703 2790 802 2824 natura
815 2792 862 2811 sua
874 2785 943 2824 bono

159 2820 638 2859 propinquumestjsEt’Aristoteles
652 2830 659 2848 :
677 2830 686 2845 ‹
703 2820 771 2847 Vitia
787 2824 851 2848 sunt
863 2820 943 2847 virtu-

161 2856 232 2886 tibus
243 2867 251 2883 ι
266 2856 411 2892 ἆγχίθυρα,
425 2858 450 2884 id
462 2863 514 2888 cst,
531 2865 540 2882 ε
556 2856 652 2892 vicina,
668 2865 677 2881 ι

190 2893 246 2928 (93)
258 2889 417 2926 Σέῶμύλος
435 2901 489 2924 τις.
503 2892 632 2922 Deest-ct;
648 2891 674 2917 iu
689 2889 735 2917 0r.
755 2889 781 2918 τὶ.

991 2477 1101 2509 cultate,
1135 2479 1278 2514 palmaque
1302 2478 1442 2509 doctrinm.
1470 2485 1523 2512 qua
1545 2480 1682 2504 extremas
1705 2475 1780 2503 orbis

991 2527 1083 2558 partes
1106 2524 1176 2551 inter
1189 2531 1219 2551 se
1245 2524 1414 2552 conciliavit?
1429 2523 1523 2551 Adhuc
1540 2522 1567 2550 in
1585 2522 1686 2550 montis
1702 2522 1779 2550 radi-

1032 2643 1088 2680 (29)
1103 2642 1172 2677 Τῆς.
1182 2643 1264 2680 Deest
1279 2642 1307 2680 in
1317 2642 1439 2676 pluribus
1453 2642 1534 2680 codd.

1033 2677 1090 2714 (50)
1104 2677 1273 2714 Ψοφήμασι.
1291 2677 1379 2714 Pass.,
1396 2677 1553 2714 σοφίσμασι.

1044 2712 1089 2746 3|)
1107 2713 1164 2746 Τίς.
1181 2713 1274 2740 Plures
1287 2712 1365 2739 codd.
1382 2712 1492 2743 addunt,
1507 2712 1546 2739 δέ.

1044 2715 1089 2746 3|)
1107 2714 1164 2746 Τίς.
1181 2714 1274 2740 Plures
1287 2714 1365 2739 codd.
1382 2714 1492 2743 addunt,

1032 2714 1090 2784 (52)
1104 2747 1243 2782 Ποιῆσιιι.
1261 2747 1346 2784 Pass.,
1358 2747 1501 2774 ποιεῖσθαι.

1031 2782 1087 2818 (55)
1107 2783 1314 2818 Διατᾴξανζος,
1331 2782 1358 2808 lu
1376 2783 1517 2810 nonnullis.
1531 2782 1712 2818 ᾷιδάσκοντος,

1030 2817 1086 2853 (54)
1102 2818 1137 2846 Τὸ
1150 2817 1205 2852 τῆς
1220 2817 1428 2849 διδασκαλίας,
1441 2822 1492 2844 etc.
1514 2826 1523 2843 ι
1539 2817 1583 2845 Vis
1595 2819 1641 2845 illa
1655 2820 1783 2846 doctrina.I

997 2855 1070 2882 orbis
1083 2854 1150 2881 fines
1166 2853 1322 2881 concilians.
1336 2862 1345 2878 ι
