2027 3135
160 138 212 169 389

589 138 719 165 ORATIO
738 137 833 165 XLIII.
852 152 887 156 —
906 136 940 164 IN
960 137 1102 165 LAUDEM
1122 137 1245 165 BASILII
1265 136 1383 164 MAGNI.

1740 137 1794 165 590

193 197 254 224 ΞΘ.
276 196 352 222 Ἐπεὶ
368 195 408 222 ὅτι
428 203 459 230 γε
480 194 580 226 παντὸς
597 195 698 229 μᾶλλον
717 194 774 230 ᾔδει
791 194 822 220 τὸ
838 194 951 229 Πνεῦμα
966 220 969 225 Α

1038 194 1132 222 LXIX.
1151 194 1218 222 Nam
1234 196 1305 230 quod
1321 194 1420 229 alioqui
1434 193 1528 221 melius
1542 201 1622 228 quam
1633 194 1722 229 quivis
1735 195 1794 227 alii,

156 243 223 270 Θεὺν
233 264 240 276 ,
257 242 337 278 δῆλον
354 242 403 277 μὲν
422 241 451 274 ἐξ
466 238 503 268 ὢν
518 242 565 267 καὶ
589 240 620 276 δη
626 241 709 276 μοσία
725 240 806 267 τοῦτο
822 240 954 272 πολλάκις

159 289 309 324 ἐκήρυξεν,
323 289 350 314 εἴ
368 295 433 314 ποτε
451 287 546 322 καιρὸς
561 284 605 322 ἦν,
622 287 669 313 καὶ
688 286 742 322 ἰδίᾳ
758 287 815 317 τοῖς
829 285 955 321 ἐρωτῶσι

159 335 308 371 προθύμως
333 333 545 368 ἀνωμολόγησε·
568 331 735 367 σαφέστερον
755 331 783 357 δὲ
807 331 956 366 πεποίηκεν

159 380 189 406 ἐν
207 381 264 411 τοῖς
280 378 349 413 πρὸς
372 379 422 413 ἐμὲ
439 378 540 412 λόγοις,
563 377 631 412 πρὸς
650 377 680 403 ὃν
704 376 780 403 οὐδὲν
800 376 955 412 ἀπόρρητον

159 423 193 461 ἦν
207 425 282 460 αὐτῷ
300 425 364 460 περὶ
381 424 483 451 τούτων
503 422 736 458 κοινολογουμένῳ
747 430 755 438 ·
774 422 841 457 μηδὲ
865 421 958 453 ἁπλῶς

160 472 240 498 τοῦτο
251 472 473 507 ἀποφηνάμενος,
488 469 544 496 ἀλλ’
557 469 571 496 ὃ
585 469 698 504 μηδέπω
713 468 844 504 πρότερον
859 467 958 494 πολλά-

161 526 205 550 κις
220 518 381 552 πεποίηκεν,
395 516 606 551 ἐπαρασάμενος
621 515 710 550 ἐαυτῷ
723 514 754 541 τὸ
769 514 957 549 φρικωδέστα-

161 572 218 594 τον,
233 563 317 591 αὑτοῦ
334 563 381 590 τοῦ
398 562 558 598 Πνεὺματος
578 563 704 588 ἐκπεσεῖν
716 581 723 592 ,
743 562 768 587 εἰ
787 560 824 596 μὴ
840 560 913 586 σέϐοι
927 560 958 586 τὸ

162 611 275 646 Πνεῦμα
298 609 368 646 μετὰ
383 608 491 644 Πατρὺς
512 608 559 634 καὶ
584 606 649 634 Υίοῦ
667 606 722 642 (67)
734 626 742 639 ,
759 606 797 638 ὼς
817 605 958 641 ὁμοοὺσιον

161 658 209 684 καὶ
221 656 363 692 ὁμότιμον,
376 655 409 682 Εἰ
424 654 452 681 δέ
472 653 506 690 μέ
517 663 559 686 τις
576 653 683 687 δέξαιτο
707 652 836 680 κοινωνὸν
853 652 958 679 ἐκείνου

161 703 214 729 κάν
227 704 283 734 τοῖς
297 700 440 733 τοιούτοις,
455 699 629 735 ὲξαγορεύσω
642 708 669 725 τι
685 697 733 725 καὶ
749 698 804 724 τῶν
820 699 875 729 τοῖς
896 697 959 724 πολ-

161 748 218 780 λοῖς
235 748 304 779 τέως
327 747 383 783 (68)
399 745 605 781 ἀγνοουμένωνο
626 746 666 772 ὅτι
684 744 732 772 τοῦ
752 744 850 781 καιροῦ
867 753 959 772 στενο-

162 793 315 830 χιοροῦντος
331 793 416 828 ἡμᾶς,
435 791 522 827 ἑαυτῷ
538 792 586 827 μὲν
600 791 649 827 τὴν
670 791 826 826 οἰκονομίαν
844 791 959 826 ἐπέτρε-

162 841 213 875 ψεν
231 840 296 875 (69),
311 840 378 874 ἡμῖν
392 838 420 864 δὲ
436 838 484 873 τὴν
501 837 657 873 παρῤηοίαν
669 858 675 868 ,
693 837 740 869 οὒς
757 837 843 868 οὐδεὶς
861 835 957 871 ἔμελλε

1007 240 1138 276 Spiritum
1165 246 1291 269 sanctum
1319 241 1403 268 Deum
1433 244 1603 276 agnosceret,
1622 248 1682 268 cum
1702 249 1734 269 ex
1761 249 1794 268 eo

1006 289 1149 322 perspicue
1169 293 1287 321 constat,
1304 289 1376 323 quod
1391 293 1417 314 et
1439 287 1490 314 Iioc
1504 295 1575 322 smpe
1591 287 1689 322 palam,
1705 289 1794 323 quoad

1007 340 1055 367 per
1071 338 1177 368 tempus
1193 333 1304 365 licebat,
1332 333 1498 368 praedicavit,
1521 337 1549 360 et
1574 333 1698 367 privatim
1725 334 1795 368 apud

1007 385 1063 409 eos,
1079 386 1094 405 a
1107 378 1207 412 quibus
1221 378 1455 414 interrogabatur,
1472 378 1543 405 haud
1561 383 1723 405 cunctanter
1735 386 1796 405 con-

1009 423 1095 452 fessus
1107 429 1164 457 est;
1181 429 1236 452 tum
1249 432 1313 452 vero
1328 426 1353 452 in
1365 425 1421 452 suis
1435 425 1467 451 ad
1478 433 1520 452 me
1537 424 1707 452 sermonibus
1721 431 1797 458 aper-

1010 470 1062 497 tius
1086 469 1112 496 id
1139 470 1334 498 demonstravit
1350 470 1449 506 (neque
1477 470 1548 496 enim
1577 469 1722 503 quidquam
1746 476 1797 495 un-

1008 523 1100 550 quam,
1117 523 1178 543 cum
1191 516 1224 542 de
1237 515 1280 544 bis
1296 515 1376 543 rebus
1391 523 1496 543 mecum
1512 515 1724 549 colloqueretur,
1741 514 1798 542 ani-

1009 569 1053 588 mo
1072 566 1171 588 tectum
1187 561 1271 597 824
1285 562 1475 595 occultumque
1487 561 1591 595 habuit)
1604 569 1612 594 ;
1630 568 1683 588 non
1694 560 1798 595 simpli-

1009 608 1079 635 citer
1100 607 1151 636 hoc
1173 607 1320 640 allirinans,
1339 608 1397 640 sed,
1415 608 1486 643 quod
1509 612 1590 634 antea
1614 607 1663 642 ipsi
1686 613 1797 641 perraro

1009 655 1154 687 acciderat,
1173 654 1223 682 sibi
1251 662 1308 682 rem
1341 655 1462 682 omnium
1489 653 1607 681 maxime
1634 652 1797 681 horrendam

1009 700 1184 735 imprecatus,
1206 707 1313 736 nempe,
1333 705 1362 727 ut
1385 701 1419 728 ab
1446 700 1504 735 ipso
1527 699 1629 734 Spiritu
1647 699 1798 730 excideret,

1010 747 1062 775 nisi
1076 754 1137 775 cum
1156 747 1236 775 Patre
1258 752 1286 774 et
1298 747 1366 774 Filio
1381 747 1524 782 Spiritum,
1537 751 1564 774 ut
1580 745 1798 773 conubstantia-

1009 792 1062 820 lem
1087 798 1115 821 et
1143 793 1245 821 honore
1268 801 1372 828 parem,
1391 797 1575 821 veneraretur.
1595 792 1671 826 Quod
1695 791 1716 819 si
1735 790 1798 826 quis

1011 846 1053 866 me
1068 839 1094 866 in
1109 841 1189 866 tantis
1205 847 1312 875 quoque
1341 841 1422 867 rebus
1440 839 1511 866 illius
1530 839 1631 866 socium
1646 837 1798 869 admiserit,

162 886 283 923 κρὶνειν,
302 885 363 911 οὐδὲ
378 884 542 911 ἀποϐάλλειν
557 884 607 919 τῆς
621 883 761 918 πατρίδος,
778 882 896 918 ἀφανείᾳ
913 891 958 908 τε-

1012 885 1123 920 aliquid,
1138 887 1208 920 quod
1227 887 1362 921 plerisque
1384 886 1552 919 incognitum
1569 889 1630 912 ante
1646 884 1706 915 fuit.
1725 884 1800 911 evul—

162 932 342 968 τιμημένους,
359 931 396 962 ὡς
408 930 437 963 ἐξ
456 930 618 966 ἀμφοτέρων
637 929 746 964 ἰσχυρὸν
765 927 833 955 εἶναι
848 929 878 955 τὸ
896 928 957 955 καθ’

163 977 237 1013 ἡμᾶς
252 975 429 1010 Εὑαγγέλιον.
448 976 503 1002 Καὶ
524 975 610 1002 ταῦτα
631 973 755 1008 διῆλθον,
775 973 824 1007 οὐχ
842 973 884 999 ἵνα
909 973 959 1008 τῆς

163 1023 269 1050 ἐκείνου
282 1022 360 1057 δόξης
372 1021 661 1056 ὑπεραπολογήσωμαι
683 1019 826 1054 (κρείττων
839 1019 892 1054 γὰρ
906 1018 959 1045 τῶν

165 1067 366 1103 ἐγκαλούντων,
382 1066 461 1102 εἴπερ
475 1067 546 1098 τινές
560 1067 640 1096 εἰσιν,
656 1066 670 1092 ὁ
684 1064 774 1100 ἀνὴρ),
790 1063 845 1090 ἀλλ’
864 1064 906 1090 ἵνα
923 1063 959 1099 μὴ

163 1115 259 1142 τοῦτον
280 1115 342 1150 ὅρον
357 1114 407 1149 τῆς
431 1113 572 1144 εὐσεϐείας
592 1111 749 1147 νομίζοντες
776 1112 843 1147 (70),
861 1111 909 1143 τὰς
932 1113 960 1138 ὲν

163 1162 221 1193 τοῖς
233 1160 380 1196 γράμμασι
400 1160 483 1195 μόνας
501 1159 549 1186 τοῦ
571 1159 668 1194 ἀνδρὸς
690 1158 886 1194 εὑρισκομένοις
904 1167 960 1192 φω-

164 1207 228 1239 νὰς,
245 1206 444 1242 ἀσθενεστέραν
459 1205 508 1241 τὴν
528 1205 619 1232 πίστιν
637 1204 719 1238 ἔχωσι
730 1224 738 1236 ,
754 1204 802 1230 καὶ
825 1203 961 1236 ἀπόδειξιν

163 1252 215 1287 τῆς
239 1252 345 1279 ἑαυτῶν
371 1251 550 1288 κακουργίας,
567 1251 617 1286 τὴν
634 1249 739 1276 ἐκείνου
757 1249 908 1284 θεολογίαν,
928 1249 961 1284 ῆν

164 1299 179 1326 ὃ
194 1299 290 1334 καιρὸς
309 1299 396 1325 ἐποίει
415 1298 483 1333 μετὰ
498 1297 545 1324 τοῦ
563 1297 736 1332 Πνεὺματος·
759 1295 826 1322 ἀλλὰ
848 1295 893 1322 τὸν
907 1295 961 1321 τῶν

164 1345 368 1380 γεγραμμένων
383 1345 443 1371 νοῦν
459 1343 662 1378 δοκιμάζοντες,
676 1343 723 1369 καὶ
738 1343 784 1369 τὸν
800 1342 900 1368 σκοπὸν
914 1341 960 1376 ἀφ’

163 1388 196 1418 οὗ
212 1391 298 1417 ταῦτα
323 1391 477 1426 ἐγράφετο,
510 1390 610 1425 μᾶλλον
633 1391 666 1425 τῇ
689 1398 718 1415 τε
740 1389 854 1424 ἀληθείᾳ
879 1396 963 1424 προσ-

165 1438 299 1472 άγωνται,
308 1438 429 1468 καὶτοὺς
437 1436 603 1467 ἀσεϐοῦντας
618 1435 841 1470 ἐπιστομίζωσιν.
853 1434 961 1469 ’Έμοιγ’

166 1481 213 1510 οὖν
229 1483 283 1518 εἴη,
304 1484 350 1510 καὶ
372 1484 445 1514 ὅστις
463 1483 524 1518 ἐμοὶ
541 1483 635 1517 φίλος,
659 1482 676 1517 ἡ
701 1481 805 1507 ἐκείνου
826 1479 959 1514 θεολογία.

166 1530 222 1557 Καὶ
237 1530 363 1557 τοσοῦτον
380 1529 473 1565 θαρρῶ
487 1531 520 1564 τῇ
538 1530 602 1565 περὶ
618 1528 649 1554 τὸ
669 1529 784 1564 πρᾶγμα
801 1527 848 1554 τοῦ
867 1526 962 1562 ἀνδρὸς

166 1577 346 1612 καθαρότητι,
376 1576 446 1602 ὥστε
473 1576 521 1602 καὶ
551 1575 630 1602 τοῦτο
662 1573 867 1608 κοινοποιοῦμαι
895 1572 962 1607 ’πρὸς

167 1623 253 1650 ἅπασι
264 1631 271 1637 ·
287 1623 406 1658 κάκείνῳ
429 1623 477 1657 μὲν
492 1622 526 1648 τὰ
539 1622 604 1657 ἐμὰ,
624 1621 687 1656 ἐμοὶ
703 1620 732 1646 δὲ
747 1619 781 1646 τὰ
797 1620 901 1646 ἐκείνου
921 1620 964 1645 λο-

165 1669 271 1704 γίζοιτο
285 1669 360 1704 παρά
372 1677 401 1694 τε
420 1667 480 1703 Θεῷ
496 1668 542 1694 καὶ
557 1667 610 1694 τῶν
625 1665 776 1702 ἀνθρώπων
791 1667 847 1697 τοῖς
863 1665 965 1699 εὐγνω-

168 1715 353 1751 μονεστέροις.
373 1715 441 1740 Οὐδὲ
461 1714 515 1749 γὰρ
535 1714 598 1745 τοὺς
618 1711 816 1747 εὐαγγελιστὰς
845 1711 964 1747 φαίημεν

166 1761 199 1788 ἂν
211 1760 361 1787 ὑπεναντία
378 1761 464 1786 ποιεῖν
477 1759 612 1793 ἀλλήλοις,
626 1759 666 1785 ὃτι
681 1759 704 1785 οἱ
723 1758 772 1793 μὲν
784 1757 824 1792 τῷ
840 1756 964 1793 σαρκικῷ

167 1807 213 1833 τοῦ
234 1805 354 1842 Χριστοῦ
367 1805 447 1832 πλέον
461 1804 690 1840 ὲνησχολήθησαν,
707 1805 732 1830 οἱ
745 1804 774 1830 δὲ
790 1805 823 1839 τῇ
839 1802 964 1838 θεολογὶᾳ

167 1852 342 1888 προσέεηοαν
353 1859 359 1866 ·
377 1852 422 1878 καὶ
436 1852 460 1878 οἱ
483 1851 531 1886 μὲν
543 1852 575 1877 ὲκ
595 1850 648 1877 τῶν
668 1850 727 1877 καθ’
740 1850 823 1884 ἡμᾶς,
843 1850 868 1875 ot
886 1849 913 1875 δὲ
929 1849 962 1875 ἐκ

167 1899 221 1925 τῶν
239 1899 310 1933 ὑπὲρ
328 1898 401 1933 ἡμᾶς
418 1898 580 1932 ἐποιήσαντο
593 1896 642 1932 τὴν
658 1897 760 1932 ἀρχήν·
778 1895 848 1922 οὕτω
861 1895 890 1921 τὶ
905 1894 961 1930 (71)

168 1945 301 1980 κήρυγμα
320 1944 468 1979 διελόμενοι
479 1943 548 1978 πρὸς
565 1943 594 1969 τὸ
611 1945 744 1978 χρήσιμον
761 1939 837 1976 οἶμαι
848 1941 904 1972 τοῖς
921 1940 964 1966 δε-

169 1990 304 2025 χομένοις.
325 1989 371 2016 καὶ
390 1988 461 2015 οὕτω
483 1987 558 2023 παρὰ
576 1986 623 2013 τοῦ
640 1988 669 2012 ἐν
689 1986 782 2016 αὐτοῖς
798 1984 963 2019 τυπούμενοι

168 2036 238 2063 Πνεύ
244 2045 339 2072 ματος.

1011 931 1090 965 gabo.
1106 931 1172 958 Nam
1198 940 1257 959 cum
1278 937 1383 967 tempus
1399 931 1425 959 in
1449 938 1569 958 summas
1592 930 1731 965 angustias
1751 937 1799 956 nos

1014 978 1157 1012 redigeret,
1178 978 1248 1005 hanc
1275 978 1332 1012 ipse
1353 978 1486 1004 rationem
1509 977 1605 1007 inibat,
1624 980 1652 1002 ut
1671 975 1721 1002 sibi
1738 974 1798 1009 qui-

1012 1024 1072 1050 dem
1092 1024 1330 1058 dispensationem,
1343 1024 1422 1058 nobis
1442 1028 1542 1056 autem,
1561 1030 1640 1057 quos,
1659 1023 1693 1049 ob
1713 1022 1800 1050 nomi-

1012 1070 1055 1097 nis
1080 1070 1284 1103 obscuritatem,
1310 1077 1391 1097 nemo
1418 1070 1444 1096 in
1466 1070 1595 1105 judicium
1622 1069 1799 1098 adducturus.

1012 1116 1152 1151 patriaque
1166 1116 1301 1151 eiecturus
1316 1121 1398 1149 esset,
1416 1116 1540 1150 loquendi
1555 1115 1708 1142 libertatein
1725 1122 1800 1141 COIII-

1014 1162 1145 1190 mitteret.
1165 1163 1251 1197 Atque
1270 1163 1304 1189 ita
1323 1162 1497 1196 Evangelinm
1512 1166 1634 1188 nostrum
1651 1162 1757 1188 ﬁrmum
1774 1166 1800 1188 et

1014 1207 1131 1235 validum
1154 1213 1225 1241 erat,
1252 1209 1392 1242 utriusque
1415 1207 1542 1242 prmsidio
1567 1207 1717 1235 sulIuluim.
1744 1206 1800 1234 Nec

1014 1261 1078 1281 vero
1096 1254 1153 1281 hate
1167 1261 1199 1281 eo
1217 1262 1231 1280 a
1249 1262 1290 1281 me
1309 1258 1518 1282 commemorata
1533 1259 1604 1287 sunt,
1619 1259 1646 1280 ut
1663 1253 1732 1280 illius
1743 1253 1801 1280 exi-

1014 1301 1196 1327 stimationem
1213 1301 1335 1327 oratione
1351 1308 1409 1327 mea
1424 1300 1611 1332 deleiidereni;
1630 1300 1802 1334 praestantior

1013 1347 1086 1374 enim
1099 1350 1151 1378 est,
1163 1354 1244 1381 quam
1258 1351 1286 1372 ut
1299 1346 1512 1378 accusatoribus,
1525 1346 1546 1373 si
1558 1346 1604 1380 qui
1621 1351 1710 1372 tanien
1725 1351 1800 1378 sunt,

1015 1392 1042 1419 in
1058 1393 1140 1427 ipsius
1157 1393 1257 1419 famam
1277 1393 1423 1427 quidquam
1451 1392 1546 1424 liceat;
1563 1393 1609 1420 sed
1630 1400 1663 1419 ne
1680 1393 1801 1427 quidam,

1014 1440 1120 1475 pietatis
1145 1447 1266 1466 normam
1288 1447 1319 1466 ac
1337 1439 1455 1474 regulam
1477 1439 1548 1466 solas
1571 1446 1617 1466 eas
1634 1447 1724 1471 voces,
1742 1447 1802 1474 qua:

1015 1487 1041 1512 in
1059 1485 1131 1513 illius
1150 1486 1226 1513 libris
1252 1486 1433 1520 reperiuntur,
1452 1493 1511 1513 esse
1528 1486 1727 1517 existimantes,
1750 1486 1801 1512 im~

1014 1533 1179 1560 becilliorem
1205 1532 1283 1560 fidem
1311 1533 1439 1565 habeant,
1456 1539 1570 1566 eamque
1596 1532 1628 1559 de
1655 1531 1802 1559 Divinitate

1014 1578 1163 1605 disserendi
1178 1579 1320 1610 rationem,
1331 1586 1410 1612 quam
1429 1578 1452 1605 ei
1468 1583 1571 1612 tempus
1586 1578 1661 1611 illud,
1676 1585 1730 1605 non
1744 1577 1802 1605 sine

1014 1623 1131 1659 Spiritus
1149 1625 1271 1655 numine,
1290 1624 1429 1658 afferebat,
1444 1625 1469 1650 in
1486 1624 1627 1659 pravitatis
1654 1633 1710 1652 sua:
1734 1633 1800 1653 con-

1014 1671 1195 1698 ﬁrmationem
1224 1672 1352 1703 trahant;
1384 1679 1475 1698 verum
1504 1679 1609 1704 eorum,
1631 1679 1689 1705 qua:
1709 1671 1745 1698 ab
1769 1679 1802 1698 eo

1014 1717 1114 1752 scripta
1137 1721 1208 1748 sunt,
1226 1724 1335 1744 sensum
1358 1724 1390 1744 ac
1416 1724 1540 1752 scopum,
1559 1726 1638 1752 quem
1656 1718 1720 1751 sibi,
1737 1718 1801 1745 dum

1014 1762 1072 1789 haec
1095 1763 1238 1795 scriberet,
1267 1763 1443 1797 proponebat,
1471 1764 1662 1797 expendentes,
1686 1768 1741 1790 tum
1769 1765 1802 1790 ad

1013 1809 1156 1836 veritatem
1169 1810 1255 1844 magis
1273 1811 1412 1842 accedant,
1427 1815 1481 1836 tum
1500 1810 1542 1841 iis,
1559 1811 1604 1845 qui
1621 1811 1645 1837 iii
1664 1811 1803 1845 impietate

1013 1860 1169 1887 versantur,
1187 1863 1217 1881 os
1232 1855 1381 1882 obstruunt.
1397 1855 1461 1882 Mihi
1479 1856 1598 1889 quidem.
1613 1857 1802 1891 omnibusque,

1013 1901 1111 1936 quibus
1134 1901 1232 1928 charus
1254 1908 1325 1932 sum,
1341 1901 1443 1928 utinam
1467 1902 1535 1928 adsit
1561 1902 1634 1929 illius
1657 1902 1801 1937 theologia.

1013 1948 1102 1981 Atque
1128 1947 1206 1978 adeo,
1232 1946 1341 1981 hujusce
1368 1947 1429 1979 viri,
1454 1951 1585 1981 quantum
1611 1948 1643 1975 ad
1658 1948 1727 1976 hanc
1746 1956 1802 1974 rem

1016 1992 1123 2024 attinet,
1140 1991 1253 2024 puritati
1277 1991 1431 2025 usqucadco
1446 1991 1561 2025 conﬁdo,
1578 1997 1617 2024 ut,
1634 1996 1730 2027 pra-ter
1750 1992 1803 2019 alia

1016 2039 1116 2069 omnia,
1140 2038 1190 2064 hoc
1212 2044 1319 2072 quoque
1348 2045 1407 2063 cum
1431 2045 1462 2064 eo
1481 2044 1623 2064 commune
1637 2039 1736 2065 habere
1749 2047 1802 2065 non

169 2100 309 2126 recusem;
327 2093 363 2120 ita
386 2097 416 2119 ut
439 2092 483 2120 ille
510 2098 581 2124 mea,
597 2090 663 2118 niilii
678 2089 799 2117 vicissim
814 2088 888 2115 illitis
905 2087 1008 2119 omnia,
1026 2089 1053 2112 et
1071 2085 1141 2119 apud
1161 2084 1256 2116 Deum,
1288 2088 1315 2110 et
1330 2084 1399 2118 apud
1433 2084 1644 2112 candidissimos
1675 2093 1799 2120 quosque

169 2137 305 2171 homines,
321 2138 501 2165 ascribantur.
537 2136 603 2162 Nam
633 2142 720 2169 neque
754 2133 933 2169 evangelistas
961 2131 1061 2158 idcirco
1092 2131 1162 2157 inter
1196 2137 1224 2157 se
1247 2137 1366 2164 pugnare
1387 2129 1545 2162 dixerimus,
1563 2131 1689 2164 quoniam
1711 2131 1756 2158 alii
1774 2133 1800 2158 in

170 2184 331 2218 exponenda
362 2182 463 2210 Christi
496 2181 666 2209 humanitate
695 2180 754 2214 plus
771 2187 859 2214 opera:
891 2181 1051 2212 posuerunt,
1082 2176 1128 2203 alii
1164 2176 1197 2202 ad
1222 2176 1409 2210 explicandam
1429 2176 1583 2203 Divinitatis
1610 2177 1750 2204 materiam
1774 2186 1805 2204 se.

169 2230 364 2259 contulerunt;
382 2232 464 2262 atque
480 2227 526 2253 alii
544 2226 577 2252 ab
598 2226 640 2253 liis
656 2226 746 2257 rebus,
782 2232 841 2259 qua:
876 2224 909 2251 ad
924 2222 1128 2257 intelligentiam
1153 2227 1271 2249 nostrain
1296 2229 1355 2249 sese
1397 2223 1612 2254 accommodant,
1638 2224 1682 2250 alii
1704 2225 1737 2251 ab
1758 2225 1802 2257 iis,

169 2283 229 2311 quze
241 2281 350 2309 captum
368 2261 492 2300 nostrum
518 2276 658 2307 superant,
681 2270 810 2305 auspicati
827 2274 907 2302 sunt;
943 2268 982 2295 sic
1000 2267 1126 2295 videlicet
1161 2268 1378 2303 prmilicationem
1395 2268 1465 2294 inter
1485 2261 1515 2295 se
1539 2269 1681 2303 partiti,ut
1694 2278 1805 2314 eorum,

168 2323 214 2358 qui
229 2330 290 2350 eam
307 2320 487 2354 excipiebant,
505 2319 607 2346 utilitas
628 2318 743 2351 ferebat,
761 2321 842 2352 atque
866 2316 904 2342 ita
935 2315 1072 2342 informati
1105 2319 1132 2342 et
1149 2315 1236 2341 edocti
1270 2323 1284 2342 a
1304 2315 1418 2349 Spiritu,
1437 2315 1481 2350 qui
1502 2315 1527 2342 in
1564 2317 1681 2350 ipsorum
1700 2317 1800 2345 animis

167 2373 238 2397 erat.

204 2426 242 2452 οι.
261 2425 329 2457 Φέρε
347 2423 389 2458 δὴ,
405 2422 508 2449 πολλῶν
530 2423 558 2449 ὲν
576 2423 634 2453 τοῖς
647 2422 731 2448 πάλαι
746 2421 793 2449 καὶ
809 2421 857 2448 νῦν
881 2429 961 2455 γεγο-

1049 2418 1130 2446 LXX.
1150 2418 1205 2452 Age
1222 2417 1312 2450 igitur,
1328 2423 1389 2443 cum
1407 2416 1482 2443 multi
1502 2416 1563 2449 viri,
1584 2421 1638 2443 tum
1655 2417 1681 2444 in
1701 2418 1802 2449 Veteri,

168 2473 253 2499 νότων
272 2469 379 2505 ἀνδρῶν
402 2469 445 2495 ἐπ’
469 2468 594 2503 εὐσεϐείᾳ
616 2468 779 2503 γνωρίμων,
795 2467 959 2502 νομοθετῶν,

170 2515 332 2553 στρατηγῶν
344 2536 350 2548 ,
375 2514 532 2550 προφητῶν,
549 2513 726 2545 διδασκάλων,
751 2513 806 2540 τῶν
825 2512 960 2549 ἀνδρικῶν

170 2626 263 2689 1"(@7)
288 2626 344 2653 Καὶ
371 2625 450 2652 Υὶοῦ.
476 2625 543 2652 Tres
569 2625 653 2660 chg.
682 2629 709 2652 et
731 2624 778 2652 Or.
801 2624 829 2657 2,
853 2624 900 2651 καὶ
916 2623 963 2650 τοῦ

197 2671 246 2688 ιου.

197 2671 246 2688 ιου.

207 2696 263 2732 (68)
284 2697 369 2728 Τέως.
387 2696 508 2732 Οοεςινῐῐι
524 2695 591 2732 Reg.
606 2703 631 2721 a.

207 2730 263 2767 (69)
275 2732 334 2765 Τὴν
343 2731 515 2767 οἰκονομίαν
532 2730 705 2767 ἐπέτρεψεν.
721 2739 730 2755 ι
746 2730 802 2758 Sibi
820 2731 962 2767 dispensa-

170 2765 272 2802 tionem
286 2767 437 2802 perniisitn
450 2765 683 2802 Billiusaddendn,
696 2774 704 2802 ι
718 2767 817 2798 νει-1)ἰ,ι
830 2765 899 2802 quod
910 2765 961 2802 de:

170 2799 297 2831 levimns,
319 2801 383 2827 huic
403 2800 462 2826 loco
483 2801 607 2827 tenebras
621 2799 727 2832 offudit,
743 2802 840 2827 nedum
856 2799 958 2833 aliquid

171 2836 240 2864 lucis
256 2836 377 2863 aﬂ'erret.
403 2835 461 2862 Non
473 2835 544 2862 enim
563 2835 652 2870 agitur
673 2835 706 2862 de
724 2845 733 2860 ι
746 2836 818 2862 verbi
835 2834 959 2870 ministe-

171 2873 242 2907 rio,»
266 2879 316 2900 seu
344 2880 354 2897 ι
367 2870 565 2905 praedicatione,
578 2868 592 2895 ἱ
607 2871 654 2898 sed
674 2871 706 2898 de
720 2871 835 2905 quodam
856 2868 955 2905 praedi-

1017 2469 1073 2492 tum
1089 2465 1114 2491 in
1129 2463 1203 2490 Novo
1223 2462 1394 2489 Testamento
1417 2462 1516 2495 pietate
1541 2463 1607 2489 clari
1633 2467 1660 2489 et
1685 2463 1804 2490 illustri-5

1017 2510 1125 2542 fuerint,
1158 2508 1333 2543 legislatores,
1363 2507 1493 2534 militares
1527 2507 1619 2540 duces,
1652 2508 1802 2543 prophetae,

1020 2623 1113 2651 caudae
1135 2622 1260 2649 Veritatis
1284 2622 1373 2651 modo.
1400 2626 1430 2648 ut
1457 2625 1529 2648 recte
1554 2623 1666 2656 exponit
1682 2621 1801 2654 Niretas,

1018 2657 1227 2693 οἱκονομηθῆναι
1248 2657 1296 2692 τὴν
1320 2657 1458 2693 ἀλήθειαν,
1476 2658 1555 2690 quod,
1575 2657 1705 2691 probante
1718 2659 1802 2685 Atlizi-

1018 2692 1176 2726 nasiopsibi
1203 2693 1323 2726 permisit
1349 2692 1471 2722 Basilius,
1497 2700 1539 2724 ne,
1560 2700 1656 2725 magno
1675 2693 1802 2721 Ecclesia:

1015 2729 1124 2760 damno,
1141 2736 1156 2755 e
1170 2736 1216 2753 sua
1233 2727 1296 2753 sede
1311 2728 1344 2753 :ib
1360 2728 1496 2753 hrcreticis
1511 2727 1663 2760 pelleretur.

1050 2763 1106 2799 (70)
1121 2762 1304 2799 Νομίζοιςτες.
1326 2762 1446 2794 Quatuor
1463 2761 1556 2796 Ilegg.,
1576 2762 1657 2789 Coisi.
1677 2764 1704 2795 ’I,
1721 2761 1768 2790 0r.
1785 2762 1803 2789 2

1014 2804 1041 2827 et
1054 2796 1150 2830 ‘Pa'ssu
1162 2796 1377 2831 γιγνώσκοντες,
1396 2807 1405 2822 ι
1417 2803 1622 2832 agnoscentes.i

1048 2834 1105 2870 (71)
1127 2833 1172 2861 To'.
1192 2833 1237 2860 Sic
1254 2840 1349 2860 omnes
1367 2832 1426 2860 fere
1440 2831 1521 2860 codd.
1537 2831 1565 2859 In
1577 2833 1633 2865 ed.,
1650 2832 1698 2868 τῷ.
