2027 3135
242 149 292 178 619

858 145 887 172 S.
908 145 1072 173 GllEGORlI
1092 145 1264 176 TIIEOLOGI

1811 141 1862 169 620

243 209 300 240 ctit,
319 206 478 240 dulcemque
499 205 602 232 sulcum
629 203 784 238 proscindit,
801 211 832 231 ac
859 203 941 239 842
967 211 1028 239 spes

1090 213 1156 244 ιόλος
1177 212 1341 249 ἁρμόζονται
1361 210 1491 244 σύριγγας
1503 228 1510 240 ,
1536 208 1582 234 καὶ
1601 207 1692 242 νόμιον
1717 206 1866 242 ὲμπνέουσι

244 256 319 282 laetas
331 255 412 282 fovet.
430 252 505 279 Nunc
517 255 612 286 pastor
623 255 650 277 et
665 251 797 277 bubulcus
810 250 913 278 fistulas
927 254 1029 285 aptant,

245 310 277 329 ac
291 300 428 336 pastorale
447 306 556 326 carmen
575 297 718 332 inspirant,
743 302 824 331 atque
838 299 908 323 inter
927 297 1032 331 plantas

245 353 273 376 et
287 352 380 382 petras
399 353 509 372 vernum
528 350 632 378 tempus
648 344 811 378 transigunt.
825 342 902 371 Nunc
929 343 1033 378 planta-

247 403 306 422 rum
321 393 408 421 cultor
428 392 546 426 plantam
564 396 652 423 curat,
669 395 695 418 ct
715 397 812 424 auceps
826 389 944 417 calamos
967 396 1033 416 con-

247 439 339 473 struit,
347 447 379 466 ac
388 445 479 465 ramos
490 441 670 471 suspeetat,et
684 444 798 470 pennam
812 437 900 464 avium
914 437 1034 463 studiose

248 486 380 520 explorat.
395 483 471 511 Nutic
489 484 606 517 piscator
621 481 782 517 profundum
799 489 874 516 aqua:
895 481 1033 516 perspicit,

249 540 280 559 ac
297 536 354 558 rete
381 538 460 557 suum
478 533 616 564 repurgat,
631 533 657 555 et
674 528 757 562 petris
777 526 883 554 insidet.

283 576 329 604 XI.
343 575 419 602 Nunc
433 574 531 602 sedula:
550 581 625 608 apes,
649 572 744 600 solutis
759 571 864 606 pennis,
881 577 907 599 et
935 571 1036 598 relictis

250 622 410 652 alvearibus.
435 620 572 655 sapientiae
602 626 656 646 sua:
685 619 875 645 documentum
903 617 1034 652 praebent,

251 675 332 704 atque
347 669 379 694 ad
396 672 471 701 prata
498 665 649 696 convolaut,
677 664 810 699 ﬂoresque
829 665 958 699 diripiunt
975 674 982 692 :
1007 671 1036 693 et

250 717 309 743 alia:
326 713 434 749 quidem
450 711 560 739 cellulas
579 710 731 743 elaborant,
746 710 908 745 sexangulas
923 716 950 737 et
967 711 1037 738 inter

251 770 280 789 se
293 760 430 795 oppositas
461 758 564 785 ﬁstulas
585 761 747 789 attexentes,
776 762 917 791 rectusque
950 756 1036 783 lineas

251 805 424 840 angularibus
445 803 619 833 alternantes,
637 809 689 828 non
715 801 804 828 minus
820 801 852 827 ad
879 800 968 836 operis
984 801 1038 827 ele-

251 849 382 883 gantiam,
401 855 480 881 quam
502 846 535 873 ad
550 847 721 872 securitatem
744 853 751 872 :
775 846 834 872 alia:
854 853 917 872 vero
940 846 992 872 mel
1010 845 1035 871 in

254 896 348 920 horrea
362 892 522 922 recondunt,
535 897 616 925 atque
630 891 727 924 hospiti
742 898 790 918 suo
803 891 906 918 dulcem
919 890 1036 917 fructum
1055 885 1074 912 Β

252 945 279 966 ct
305 939 439 966 iuaratum
464 937 615 971 proferunt.
647 935 755 963 Utinam
781 943 831 963 nos
856 943 974 970 quoque,
992 935 1036 969 qui

252 983 353 1012 Christi
369 983 501 1017 apiarium
514 989 618 1012 sumus,
636 989 667 1007 ae
681 980 733 1007 tale
750 986 806 1007 tum
820 980 968 1014 sapientiae,
981 985 1036 1006 tum

254 1030 392 1057 industria:
408 1032 434 1055 et
446 1028 545 1055 laboris
562 1027 715 1062 exemplum
732 1026 896 1060 accepimus,
915 1033 961 1053 eas
975 1026 1038 1053 imi--

254 1076 361 1103 temur!
376 1075 436 1102 Jam
457 1074 514 1101 avis
539 1074 631 1101 nidum
646 1072 788 1106 construit,
819 1077 900 1106 atque
917 1072 967 1098 alia
985 1073 1040 1106 qui-

253 1124 314 1150 dem
336 1122 415 1153 redit,
433 1121 484 1147 alia
507 1121 654 1154 immigrat,
673 1119 724 1145 alia
741 1119 929 1150 circumvolat,
946 1127 978 1145 ac
995 1127 1040 1146 tte-

254 1176 315 1196 mus
332 1172 412 1195 cantu
434 1174 483 1193 suo
496 1165 599 1200 implet,
616 1166 808 1198 hominemque
824 1165 926 1198 garritu
939 1164 1040 1191 demul-

253 1219 306 1242 cet.
323 1213 419 1241 Omnia
440 1213 521 1239 Deum
541 1211 660 1242 laudant,
679 1216 706 1237 et
722 1210 831 1237 vocibus
847 1210 928 1237 mutis
943 1217 1040 1237 conce-

255 1261 371 1287 lebrant.
390 1258 502 1292 Propter
515 1257 606 1283 omnia
627 1256 699 1283 enim
724 1256 817 1290 gratia:
843 1256 898 1282 Deo
925 1263 973 1290 per
998 1264 1040 1282 me

255 1306 406 1336 habentur;
428 1309 509 1338 atque
524 1303 560 1329 ita
575 1302 680 1329 illorum
699 1301 826 1333 laudatio,
841 1308 899 1328 mea
916 1301 1038 1331 edicitur,

255 1351 382 1378 nimirum
413 1357 427 1376 a
452 1349 549 1383 quibus
564 1355 613 1382 ego
629 1347 716 1374 laudis
742 1351 928 1381 argumentum
953 1347 1038 1380 capio.

255 1397 330 1424 Nunc
346 1395 452 1430 quidem
465 1402 545 1422 omne
563 1393 740 1420 animantiutn
758 1400 842 1426 genus
857 1392 935 1423 ridet,
959 1397 1040 1426 atque

254 1442 379 1468 omnibus
393 1440 517 1468 sensibus
534 1438 679 1473 pascimur.
710 1436 785 1464 Nunc
802 1437 883 1464 etiam
909 1437 1040 1471 superbus

255 1495 351 1523 equus,
367 1491 394 1514 et
409 1485 502 1520 jubam
527 1484 660 1519 arrigens,
684 1482 818 1510 stabulum
855 1482 966 1513 fastidit,
997 1490 1039 1514 ac,

255 1531 400 1568 perfractis
426 1529 552 1561 vinculis,
581 1536 629 1563 per
655 1536 766 1563 campos
791 1527 916 1555 lascivius
943 1527 1037 1559 fertur,

255 1584 336 1613 atque
350 1578 376 1605 in
395 1575 550 1604 ﬂuminibus
567 1575 655 1609 gestit,
668 1581 781 1609 seseque
792 1578 919 1601 ostentat.

292 1623 348 1651 XII.
363 1623 432 1656 Quid
449 1627 545 1649 cietera
562 1621 788 1648 commemorem?
811 1619 887 1647 Nune
910 1625 1042 1655 martyres

256 1673 306 1699 sub
336 1670 380 1697 dio
408 1669 534 1704 populum
568 1669 699 1699 retinent,
729 1675 760 1695 ac
782 1675 907 1702 pompam
941 1674 1040 1702 agunt,

256 1716 457 1752 splendidisque
474 1714 584 1741 sedibus
592 1714 661 1748 pium
673 1713 776 1748 plebem
791 1718 817 1740 et
834 1712 932 1740 Christi
949 1721 1042 1739 aman-

258 1770 311 1790 tem
325 1764 484 1792 convocant,
503 1767 535 1786 ac
550 1759 698 1787 certamina
723 1767 771 1785 sua
788 1759 813 1785 in
827 1759 962 1792 publicum
979 1765 1042 1792 pro-

257 1813 369 1844 ponunt.
385 1807 444 1841 Quo
457 1813 472 1833 e
485 1813 597 1832 numero
614 1813 682 1832 unus
707 1812 814 1839 quoque
833 1810 873 1831 est
894 1813 969 1832 meus
999 1805 1043 1832 ille

257 1856 392 1881 laureatas
409 1852 496 1889 (meus
513 1852 596 1883 enim,
617 1851 667 1878 etsi
689 1858 741 1877 non
755 1850 825 1885 apud
845 1858 898 1880 me,
928 1850 1043 1877 facessat

258 1898 367 1930 invidia,
381 1897 529 1924 scientibus
541 1897 658 1931 loquor),
685 1895 787 1923 Marnas
802 1895 846 1922 ille
870 1895 991 1930 insignis,
1017 1900 1044 1922 et

257 1949 358 1981 pastor,
373 1948 400 1970 et
412 1948 528 1979 martyr;
551 1943 596 1977 qui
617 1942 690 1977 prius
708 1934 814 1976 quidem
832 1949 925 1969 cervas
941 1941 1043 1975 mulge-

257 1991 312 2022 hat,
329 1990 362 2016 ad
378 1981 499 2016 sane—limi
513 1989 599 2015 virum
617 1995 686 2015 novo
699 1993 726 2015 et
742 1988 869 2015 inusitato
884 1987 953 2014 lacte
969 1987 1044 2014 alen~

258 2037 320 2063 tlum
336 2036 461 2063 certatim
480 2041 672 2070 properantes;
690 2041 761 2061 nunc
786 2038 873 2060 autem
890 2033 1044 2068 metropolis

257 2084 360 2118 plehem
380 2083 475 2118 pascit,
499 2081 631 2116 hodieque
656 2080 746 2107 multis
765 2081 901 2107 hominum
925 2080 1043 2107 millibus

258 2129 434 2161 undecunque
449 2127 652 2154 aceurrentihus
664 2133 708 2152 ver
726 2126 846 2156 innavat,
865 2130 920 2152 tum
936 2126 1044 2152 virtutis

257 2173 456 2207 pulchritudine
487 2172 568 2208 843
595 2173 708 2204 varium,
735 2177 790 2198 tum
818 2172 972 2205 pastoribus
999 2172 1042 2198 di-

1084 257 1172 293 μέλος,
1189 257 1236 284 καὶ
1249 257 1340 291 φυτοῖς
1355 255 1402 280 καὶ
1416 253 1529 288 πέτραις
1541 251 1736 287 ἐνεαρίςουσιν.
1745 251 1778 276 Ἀ
1784 258 1825 285 ρτι
1838 249 1868 277 δὲ

1083 303 1165 338 φυτὸν
1181 302 1331 338 φυτουργὸς
1350 299 1505 335 θεραπεύει,
1533 299 1580 324 καὶ
1606 297 1711 332 ἰξευτὴς
1727 296 1868 331 καλάμους

1083 349 1227 384 οἰκοδομεῖ,
1244 349 1290 374 καὶ
1308 346 1455 373 ὑποϐλέπει
1479 343 1624 379 πτόρθους,
1649 343 1697 369 καὶ
1719 341 1871 377 περιεργά-

1084 393 1160 425 ζεται
1173 392 1271 427 πτερὸν
1284 391 1398 427 ὄρνιθος.
1415 390 1469 416 Καὶ
1493 388 1586 420 ἁλιεὺς
1608 387 1704 422 βυθοὺς
1717 386 1804 422 διορᾷ,
1821 385 1869 412 καὶ

1083 439 1189 465 δίκτυον
1201 437 1389 473 ἀνακαθαίρει,
1403 437 1449 463 καὶ
1463 435 1565 470 πέτρας
1586 433 1814 468 ὑπερκαθέζεται.

1120 576 1172 602 lA’.
1189 576 1268 610 ’Ἀρτι
1288 575 1336 609 μὲν
1361 575 1377 609 ἡ
1403 572 1529 608 φιλεργὸς
1556 571 1684 606 μέλισσα,
1710 569 1741 596 τὸ
1769 568 1872 604 πτερὸν

1086 621 1222 648 ἐκλύσασα
1237 620 1304 655 (27),
1320 620 1366 646 καὶ
1381 619 1434 646 τῶν
1460 617 1580 653 σίμϐλων
1600 616 1782 643 ἀπαναστᾶσα
1795 634 1803 646 ,
1820 614 1872 650 τὴν

1089 666 1188 700 ἑαυτῆς
1211 665 1306 699 σοφίαν
1329 663 1521 694 ἐπιδείκνυται,
1538 662 1585 688 καὶ
1599 660 1735 696 λειμῶνας
1756 659 1872 694 ἐφίπτα-

1087 721 1142 743 ται,
1160 711 1207 737 καὶ
1222 710 1290 745 συλᾷ
1303 709 1336 736 τὰ
1351 709 1417 744 ἄνθη
1431 717 1438 724 ·
1463 707 1509 735 καὶ
1525 709 1541 742 ἡ
1558 707 1607 742 μὲν
1631 707 1707 733 πονεί
1719 706 1753 733 τὰ
1775 705 1873 741 κηρία,

1086 757 1137 788 τὰς
1152 756 1303 790 ἐξαγώνους
1317 756 1363 782 καὶ
1384 754 1538 785 ἀντιθέτους
1566 753 1697 788 σύριγγας
1712 751 1872 785 ὲξυφαίνου-

1089 812 1134 835 σα,
1153 803 1201 830 καὶ
1225 802 1274 832 τὰς
1296 801 1404 832 εὐθείας
1429 801 1490 832 ταῖς
1519 800 1632 834 γωνίαις
1655 798 1872 828 ἐπαλλάττουσα.

1089 850 1167 886 ἔργον
1179 849 1245 884 ὁμοῦ
1261 848 1375 879 κάλλους
1390 847 1436 874 καὶ
1450 846 1614 881 ἁσφαλείας”
1629 847 1646 879 ὴ
1658 845 1686 871 δὲ
1698 845 1728 871 τὸ
1745 844 1806 879 μέλι
1817 844 1874 879 (‘28)

1088 897 1147 927 ταῖς
1160 894 1312 930 ἁποθήκαις
1328 892 1525 924 ἐναποτίθεται,
1543 891 1590 918 καὶ
1611 891 1730 926 γεωργεῖ
1745 889 1784 924 τῷ
1801 888 1873 921 ξενί-

1090 940 1162 972 ζοντι
1176 939 1280 975 καρπὸν
1294 938 1398 973 γλυκὺν
1418 936 1472 971 (29)
1494 936 1541 963 καὶ
1555 936 1696 971 ἀνήροτον.
1719 935 1762 966 Ὧς
1777 933 1877 968 ὄφελόν

1090 995 1122 1021 γε
1137 986 1183 1012 καὶ
1195 986 1275 1021 ἡμεῖς
1292 984 1359 1019 (50).
1380 984 1394 1010 ὁ
1412 982 1528 1018 Χριστοῦ
1547 980 1691 1017 μελισσὼν,
1705 981 1754 1007 καὶ
1770 980 1877 1007 τοιοῦτο

1089 1032 1216 1062 λαϐόντες
1234 1031 1327 1064 σοφίας
1337 1029 1385 1056 καὶ
1396 1028 1552 1063 φιλοπονίας
1569 1026 1737 1061 ὑπόδειγμα)
1754 1026 1836 1061 ’Ἄρτι
1847 1025 1877 1052 δὲ

1090 1076 1186 1104 καλιὰν
1198 1076 1273 1112 ὅρνις
1289 1076 1435 1110 πήγνυται,
1449 1074 1497 1101 καὶ
1509 1074 1523 1099 ὸ
1540 1073 1588 1108 μὲν
1612 1072 1804 1107 ἐπανέρχεται,
1818 1071 1833 1096 ὁ
1848 1071 1876 1097 δὲ

1090 1122 1274 1154 εἰσοικίζεται,
1301 1122 1315 1147 ὁ
1337 1119 1366 1146 δὲ
1394 1118 1579 1154 περιίπταται,
1596 1117 1641 1144 καὶ
1666 1117 1824 1151 καταφωνεί
1845 1115 1877 1141 τὸ

1089 1169 1180 1200 ἄλσος,
1198 1168 1246 1194 καὶ
1274 1165 1413 1202 περιλαλεί
1439 1165 1485 1190 τὸν
1509 1163 1661 1199 ἄνθρωπον.
1689 1161 1784 1188 Πάντα
1808 1160 1877 1187 Θεὸν

1090 1216 1169 1252 ὑμνεί
1192 1214 1238 1241 καὶ
1252 1212 1356 1246 δοξάζει
1370 1211 1472 1246 φωναῖς
1491 1209 1635 1244 ἀλαλήτοις
1645 1208 1712 1243 (51)·
1734 1207 1783 1233 ἐπὶ
1809 1207 1877 1232 πᾶσι

1089 1261 1144 1296 γὰρ
1155 1259 1354 1294 εὐχαριστεῐται
1370 1257 1402 1283 δι’
1418 1255 1485 1290 ἐμοῦ
1497 1255 1562 1285 Θεός
1575 1263 1582 1269 ·
1595 1254 1642 1280 καὶ
1658 1252 1745 1284 οὕτως
1767 1253 1781 1279 ὁ
1807 1252 1878 1279 ὲκεί-

1090 1295 1143 1333 νων
1161 1305 1255 1340 ὕμνος,
1279 1303 1412 1339 ἡμέτερος
1426 1302 1540 1336 γίνεται,
1560 1301 1625 1335 παρ’
1647 1295 1684 1326 ὧν
1708 1298 1766 1333 εγὼ
1780 1298 1811 1325 τὸ
1827 1298 1880 1333 ὐμ-

1091 1354 1144 1380 νεῖν
1159 1350 1300 1386 λαμϐάνω.
1318 1349 1375 1376 Νῦν
1403 1349 1451 1384 μὲν
1473 1347 1540 1382 γελᾷ
1558 1347 1611 1373 πᾶν
1624 1345 1700 1378 ζώων
1715 1345 1807 1380 γένος,
1831 1343 1878 1371 καὶ

1091 1399 1180 1425 πᾶσαν
1196 1396 1321 1432 αἴσθησιν
1335 1393 1498 1430 ἑστιώμεθα.
1513 1392 1570 1420 Νῦν
1598 1392 1627 1419 δὲ
1640 1391 1765 1427 seatsqu
1792 1391 1878 1422 ἵππος

1091 1445 1138 1471 καὶ
1154 1443 1303 1478 ἀγέρωχος,
1319 1442 1375 1473 τοῖς
1382 1441 1466 1471 οῐκοις
1478 1437 1673 1474 δυσχεραίνων,
1686 1438 1733 1464 καὶ
1743 1437 1778 1464 τὰ
1790 1436 1878 1471 δεσμὰ

1091 1490 1272 1526 τυραννήσας,
1290 1487 1409 1523 κροαίνει
1435 1485 1505 1513 κατὰ
1520 1485 1610 1512 πεδίον
1627 1484 1693 1519 (52),
1720 1483 1770 1510 καὶ
1791 1490 1878 1510 ποτα-

1093 1538 1153 1572 μοῖς
1165 1534 1321 1571 ὡραΐζεται.

1129 1626 1178 1653 ῐΒ’.
1195 1626 1227 1652 Τί
1249 1625 1346 1657 τᾶλλα;
1374 1623 1430 1650 Νῦν
1460 1623 1596 1659 μάρτυρες
1620 1620 1794 1657 αἰθριάζουσι
1807 1639 1815 1652 ,
1834 1620 1879 1646 καὶ

1093 1671 1273 1708 πομπεύουσι,
1288 1671 1335 1698 κα)⁵
1352 1670 1488 1706 λαμπροῖς
1505 1670 1562 1700 τοῖς
1580 1668 1683 1703 βήμασι
1701 1667 1759 1703 (55)
1774 1675 1878 1701 συγκα-

1093 1717 1167 1744 λοῦσι
1179 1717 1242 1743 λαὺν
1254 1716 1434 1751 φιλόχριστον,
1450 1715 1498 1741 καὶ
1515 1714 1578 1745 τοὺς
1590 1713 1688 1744 ἄθλους
1702 1712 1879 1748 δημοσιεύω-

1095 1772 1131 1789 σι.
1149 1762 1259 1789 Τούτων
1275 1759 1316 1793 εἷς
1339 1762 1396 1788 ἐστι
1417 1761 1463 1788 καὶ
1490 1761 1504 1787 ὁ
1524 1759 1589 1795 ἐμὸς
1614 1758 1780 1794 στεφανίτης
1796 1758 1880 1793 (ἐμὸς

1093 1808 1147 1844 γὰρ
1163 1807 1232 1844 [54],
1247 1807 1272 1833 εἰ
1283 1807 1329 1834 καὶ
1345 1807 1381 1842 μὴ
1393 1807 1458 1842 παρ’
1474 1805 1547 1841 ἐμοὶ,
1564 1804 1686 1831 πιπτέτω
1701 1803 1799 1838 φθόνος
1810 1803 1878 1839 (55),

1093 1854 1175 1881 εἰδόσι
1184 1852 1285 1888 λέγω),
1304 1852 1404 1888 Μάμας
1419 1852 1434 1878 ὁ
1450 1850 1623 1886 περιϐόητος,
1640 1850 1687 1877 καὶ
1705 1849 1820 1884 ποιμὴν,
1834 1850 1879 1874 καὶ

1096 1900 1215 1935 μάρτυς·
1232 1899 1245 1925 ὁ
1263 1898 1394 1933 πρότερον
1411 1897 1459 1932 μὲν
1475 1898 1526 1928 τἰς
1539 1896 1655 1930 ἐλάφους
1675 1895 1802 1930 ἀμέλγων
1816 1902 1879 1921 κατ-

1094 1944 1273 1980 επειγομένας
1292 1943 1424 1978 ἀλλήλων,
1442 1943 1484 1970 ἵνα
1499 1942 1567 1978 ξένῳ
1583 1942 1636 1977 (56)
1658 1942 1775 1976 γάλακτι
1789 1942 1878 1977 τραφῇ

1095 1992 1214 2022 δίκαιος“
1230 1991 1277 2017 νῦν
1293 1990 1321 2016 δὲ
1345 1989 1497 2025 ποιμαίνων
1513 1989 1577 2015 λαὸν
1600 1987 1795 2024 μητροπόλεως
1813 1988 1879 2022 (57),

1095 2038 1141 2064 καὶ
1157 2037 1187 2063 τὸ
1203 2036 1252 2072 ἔαρ
1266 2035 1426 2070 ὲγκαινίζων
1443 2036 1562 2071 σήμερον
1575 2036 1636 2066 ταῖς
1652 2034 1763 2066 πολλαῖς
1778 2034 1880 2069 χιλιάσι

1094 2084 1148 2110 τῶν
1165 2084 1333 2119 πανταχόθεν
1347 2083 1540 2118 ἐπειγομένων,
1552 2082 1679 2118 διάφορόν
1696 2082 1752 2117 (58)
1768 2090 1798 2108 τε
1822 2083 1881 2118 ἀρε-

1095 2131 1143 2166 τῆς
1159 2130 1279 2161 κάλλεσι,
1305 2129 1352 2156 καὶ
1375 2129 1502 2164 ποιμέσιν
1530 2127 1614 2161 ἄξιον,
1635 2128 1682 2155 καὶ
1708 2127 1799 2161 λόγοις
1824 2127 1879 2163 (59)

1095 2175 1247 2207 ἐπινικίοις.
1265 2175 1327 2202 Ἔτι
1360 2175 1388 2202 δὲ
1409 2173 1614 2210 συντομώτερον
1640 2174 1738 2207 εἰπεῖν,
1760 2173 1808 2200 νῦν
1832 2173 1882 2209 ξαρ

292 2273 348 2309 (27)
373 2273 552 2309 Ἐκλύσιιιγα.
580 2271 706 2309 _tSol_utis
722 2273 826 2309 pennis.
841 2282 856 2309 I_
881 2272 925 2300 Sic
953 2273 1043 2308 plures
1059 2276 1081 2304 D
1097 2275 1198 2307 refert;
1227 2282 1258 2302 ac
1289 2275 1328 2302 sic
1353 2275 1463 2309 expauit
1484 2283 1491 2301 :
1515 2274 1605 2308 «Qui:
1630 2279 1763 2309 prtesente
1781 2274 1879 2301 Basilio

258 2307 339 2342 Regg.
353 2313 380 2334 et
392 2307 467 2334 Colh.
489 2308 535 2333 Sic
551 2307 632 2333 etiam
649 2307 712 2342 legit
726 2307 828 2334 Billius.
848 2307 875 2334 In
892 2307 1043 2340 εύηελκύ-

258 2351 339 2374 σασα,
361 2351 370 2368 ι
385 2343 511 2368 detractis
528 2342 631 2375 penitis.
644 2351 653 2367 ι

293 2377 348 2412 ('28)
364 2377 398 2404 Τὸ
414 2376 494 2411 μέλι.
510 2377 688 2413 Sic-quinque
704 2376 786 2413 Regg.
817 2377 896 2405 Deest
911 2378 941 2404 τό
956 2378 982 2405 in
998 2380 1041 2406 ed.

292 2410 346 2446 (ΞΟ)
362 2412 494 2438 Γλυκὺν.
509 2411 603 2442 Savil.,
621 2410 695 2446 ἡδύν,

293 2413 347 2482 (ΞΟ)
362 2413 494 2438 Γλυκύν.
509 2413 603 2442 Savil.,
621 2413 695 2446 ἡδύν,

293 2448 337 2483 (5o
371 2447 479 2483 Ἡμεῖς.
506 2446 551 2472 Sic
578 2450 633 2473 tres
651 2446 746 2482 Begg.,
777 2446 858 2474 Coisl.
880 2448 906 2481 l,
934 2448 1040 2481 Comb.,

257 2489 309 2510 etc.
330 2482 356 2509 lu
369 2484 423 2513 ed.,
442 2482 529 2514 ὑμεῖς.

272 2518 349 2580 _b(3t)
371 2516 556 2550 Ἀλαλήτοις.
571 2525 579 2541 ι
592 2515 781 2550 lueffahihhus,
797 2518 929 2546 sermonis
946 2525 1041 2553 exper-

272 2562 277 2579 Ι
300 2562 339 2579 US.
357 2562 366 2578 D

259 2559 339 2579 Illius.
357 2562 366 2578 ι

293 2588 349 2623 (52)
365 2586 522 2623 IIem/main
535 2586 679 2623 nonnullis,
691 2586 798 2623 πεδίωνῘ

294 2621 349 2657 (55)
363 2621 514 2656 Λαμπροῑς
531 2621 592 2653 τοῖς
609 2621 736 2655 βήμασι.
761 2631 769 2646 ι
781 2621 934 2656 Splendidis
948 2622 1040 2649 altari-

258 2657 319 2689 lms,
333 2667 342 2682 ›
359 2665 418 2689 seu,
436 2657 581 2690 ttetlibus,»
596 2664 654 2691 quae
666 2657 692 2683 in
711 2662 856 2690 martyrum
872 2658 1041 2690 tnctnoriam,

259 2693 314 2719 Det)
346 2699 439 2719 eorum
455 2692 563 2718 nomine
578 2697 734 2718 consecrata
762 2692 877 2723 fuerant,
905 2692 950 2719 ubi
964 2700 1041 2719 sacra

257 2735 351 2754 eorum
370 2728 481 2761 pignora
497 2732 575 2753 erant
589 2726 705 2753 condita.

294 2762 350 2796 (54)
369 2761 453 2796 Ἐμὸς
468 2760 533 2795 γάρ.
561 2769 570 2786 t
583 2761 656 2788 Meus
671 2762 752 2788 enim.
766 2771 775 2786 ι
810 2761 837 2788 S.
856 2761 957 2789 Marnas
981 2767 1040 2788 erat

258 2796 412 2828 Cappadox,
426 2797 527 2823 ideirco
541 2796 685 2831 Gregorius
701 2806 708 2821 ι
724 2804 801 2822 suum
815 2806 824 2821 ι
842 2797 966 2831 appellat.

294 2832 348 2865 (55)
362 2831 494 2858 Πιπτέτω
505 2832 624 2865 φθόνος.
643 2839 651 2855 ι
666 2830 792 2858 Facessat
813 2832 920 2858 invidia.
935 2842 944 2858 ι
963 2831 1041 2858 Nice-

261 2869 301 2893 tas
329 2868 398 2894 hunc
423 2866 510 2894 locum
530 2867 562 2894 ad
593 2866 721 2894 Basilium
737 2865 861 2902 Magnum
880 2872 1038 2903 prteseutem

1096 2309 1191 2345 Magno
1211 2310 1281 2337 hanc
1297 2310 1446 2337 orationem
1460 2310 1575 2337 habebat
1589 2309 1744 2342 Gregorius,
1760 2315 1880 2344 propter-

1094 2352 1126 2372 ea
1142 2344 1228 2385 ’scite‘
1239 2345 1362 2385 adjunxit
1378 2353 1385 2371 :
1406 2353 1415 2371 t
1429 2344 1568 2385 Facessat.
1580 2344 1679 2385 invidia
1692 2353 1730 2385 :"i
1748 2346 1824 2385 quasi
1841 2345 1880 2385 di-_

1094 2386 1168 2407 reret
1185 2389 1191 2407 :
1209 2379 1247 2406 Ne
1259 2378 1322 2406 milii
1346 2387 1518 2412 succenseas,
1543 2379 1633 2406 divine
1648 2378 1741 2411 Basili,
1759 2378 1795 2406 'si
1809 2380 1879 2414 quod

1095 2420 1168 2441 tuum
1180 2419 1232 2447 est,
1244 2415 1436 2441 benevolentia:
1453 2414 1548 2441 alfectu
1561 2414 1626 2441 mihi
1639 2414 1757 2444 vindico.
1773 2422 1875 2441 meum-

1092 2457 1144 2483 que
1159 2450 1292 2476 nomino.)
1313 2449 1377 2476 Vide
1392 2448 1477 2482 Mam,
1493 2458 1519 2476 ιι.
1532 2448 1560 2476 2.

1127 2484 1184 2518 (56)
1199 2484 1290 2516 Ξένῳ.
1309 2484 1385 2515 Sav.,
1401 2485 1430 2510 ἐν
1450 2483 1528 2518 ξένῳ.

1126 2519 1181 2554 (57)
1198 2519 1425 2553 Μητροπόλεως.
1444 2519 1507 2554 il’er
1535 2519 1703 2553 melropolim
1726 2519 1878 2546 Caesaream

1091 2554 1228 2616 ibtyellhgit,
1244 2555 1287 2581 ubi
1300 2555 1424 2588 pretiosa:
1440 2553 1470 2581 S.
1482 2553 1626 2581 Matnantis
1649 2555 1771 2588 reliquiae
1788 2562 1879 2580 serva-

1128 2597 1142 2614 n
1158 2597 1198 2616 ur.

1111 2594 1198 2616 antur.

1127 2623 1182 2658 (58)
1202 2623 1356 2658 Διάφορον.
1378 2623 1460 2651 Coisl.
1480 2624 1505 2655 1,
1536 2623 1624 2654 Pass.,
1646 2629 1711 2655 etc.,
1730 2623 1878 2658 διαφόροις.

1092 2657 1145 2685 Ver
1159 2657 1300 2693 praestans,
1327 2663 1382 2685 tum
1399 2659 1526 2685 virtutum
1553 2660 1733 2690 ornamentis,
1754 2657 1818 2685 tum
1834 2666 1878 2692 pa-

1091 2696 1212 2755 :toribus
1229 2695 1349 2728 dignum,
1365 2694 1411 2729 qui
1434 2695 1467 2720 ad
1486 2694 1611 2728 martyris
1626 2694 1723 2721 festum
1737 2700 1880 2721 conicitur

1109 2734 1164 2755 alni.

1109 2734 1164 2755 tlt‘ll.

1125 2764 1181 2798 (59)
1196 2765 1311 2798 Λόγοις.
1327 2763 1372 2791 Sic
1391 2769 1446 2791 tres
1457 2763 1552 2797 Regg.,
1576 2771 1672 2790 novem
1687 2763 1775 2793 Colb..
1793 2761 1874 2798 Coisl.

1089 2798 1114 2828 1,
1129 2797 1183 2825 etc.
1213 2809 1221 2825 ι
1237 2797 1303 2826 Tum
1317 2800 1488 2826 sermonibus
1503 2800 1561 2831 ejus
1577 2799 1713 2832 triumpho
1726 2798 1835 2831 dicatis,
1848 2797 1875 2826 in

1089 2832 1148 2870 ejus
1161 2835 1288 2870 triumphi
1303 2834 1470 2862 memoriam.
1483 2843 1492 2859 ι
1508 2833 1537 2860 in
1550 2835 1605 2866 ed.,
1618 2833 1706 2867 λόγος.
