2027 3135
205 171 255 200 Gil
667 169 793 197 OﬂATiO
815 168 894 196 XLV.
914 184 948 189 —-
970 169 1003 196 ΙΝ
1024 168 1187 196 SANCTUM
1206 168 1350 196 PASCHA.
1775 167 1828 195 62!

203 227 346 264 κοσμικὴν,
363 227 412 263 ἔαρ
426 227 621 262 πνευματικὸν,
637 226 686 262 ἔαρ
700 227 809 261 ψυχαῖς,
832 227 880 264 ἔαρ
899 227 991 263 σώμα-

1025 235 1135 261 _gnum,
1153 232 1208 253 tum
1227 225 1395 253 sermonibus
1410 225 1435 251 in
1462 225 1544 258 ipsius
1574 225 1700 260 triumphi
1722 226 1825 254 laudem

205 283 258 306 σιν,
276 274 327 308 ἔαρ
340 271 488 308 ὁρώμενον,
506 263 561 307 ἔαρ.
570 272 684 308 ἀόρατον
694 281 700 287 ·
714 269 744 299 οὗ
760 273 886 299 κάκεῖθεν
909 282 990 308 μετα-

1043 273 1219 300 consecratis.
1237 273 1335 307 Atque,
1347 277 1374 298 ut
1388 271 1558 305 paucioribus
1569 272 1655 299 adhuc
1667 273 1756 300 verbis
1771 281 1827 301 rem

202 319 334 354 λάϐοιμεν
356 317 473 344 ἐνταῦθα
496 317 586 349 καλῶς
613 318 804 353 ἁμειφθέντες,
833 319 879 345 καὶ
906 320 994 345 καινοὶ

1042 318 1216 353 complectar,
1243 326 1313 344 nunc
1333 325 1379 344 ver
1400 317 1573 350 mundanum,
1601 325 1648 345 ver
1677 319 1825 353 spirituale.

204 365 274 400 πρὸς
288 365 333 391 τὸν
349 363 441 391 καινὸν
454 363 510 399 βίον
524 363 792 399 παραπεμφθείημεν
810 364 875 399 (40),
890 364 918 390 ὲν
929 365 995 399 Χρι-

1043 373 1090 392 ver
1102 365 1210 399 alﬂillis,
1225 372 1272 391 ver
1289 356 1523 397 corpoributszer
1536 363 1650 400 visibile,
1666 372 1711 392 rer
1724 359 1827 392 iinvisi-

205 410 262 444 στῴ
287 409 375 444 Ἰησοὖ
400 408 440 444 τῷ
462 409 557 443 Κυρίῳ
582 408 679 443 ἡμῶν,
752 408 824 434 πᾶσα
848 408 910 441 δόξα
927 408 993 443 (lii),

1043 410 1096 437 bile
1114 419 1120 436 :
1142 417 1194 443 quo
1212 409 1313 436 utinam
1340 409 1364 435 in
1383 409 1540 449 alteruva
1565 409 1708 443 participes
1730 409 1827 437 eﬂicia-

203 456 282 491 τιμὴ,
299 455 346 481 καὶ
362 454 460 490 κράτος
475 454 522 480 σὺν
537 453 605 489 ἁγίῳ
623 453 771 487 Πνεύματι,
788 454 828 485 εις
839 453 915 485 δόξαν
927 453 993 479 Θεοῦ

1045 464 1114 487 mur,
1131 455 1295 489 pra-clarein
1313 455 1430 492 liag‘vjta
1456 455 1561 487 mutati,
1582 462 1612 481 ac
1639 455 1698 490 novi
1723 455 1755 480 ad
1781 462 1827 481 no-

203 503 319 538 Πατρός.
345 503 441 538 Ἀμήν.

1044 509 1102 539 ram
1122 502 1204 539 vitam
1221 502 1435 528 trausmittamur
1460 501 1486 527 in
1505 500 1691 539 Christgjesu
1715 501 1829 528 Domino

203 556 308 580 nostro,
322 549 364 576 cui
380 548 476 583 gloria,
495 548 580 575 honor
602 551 628 575 et
653 547 793 582 imperium
819 555 880 574 cum
897 551 991 574 sancto
1006 538 1118 582 Spiritu,
1134 547 1165 574 ad
1181 538 1292 582 gloriam
1308 548 1354 575 Dei
1371 547 1468 574 Patris.
1485 547 1579 575 Amen.

238 630 295 665 (40)
307 632 423 665 [lupam
440 629 466 656 In
483 630 652 665 quibusdam,
667 629 936 665 parapeucesi-qusv.
978 663 983 665 ν

1043 639 1141 665 κράτος
1157 631 1196 661 εἰς
1209 630 1270 661 τοὺς
1294 629 1394 660 αἰῶνας
1413 629 1466 655 τῶν
1482 630 1596 661 otii-now,
1625 637 1634 653 ι
1646 629 1687 655 cui
1703 628 1785 662 gloria
1801 631 1826 654 et

238 661 293 701 (41)
306 663 342 700 τῼ
352 661 438 692 acida
453 665 537 697 δόξα.
553 670 605 692 etc.
626 661 672 692 0r:
687 666 712 696 l,
804 661 882 697 565:,
894 664 940 690 καὶ
961 663 991 689 τὸ

764 661 780 699 ἡ
804 661 882 697 δόξαξ
894 664 940 690 καὶ
961 663 991 689 τὸ
1043 661 1184 700 imperium
1200 666 1225 692 in
1242 666 1338 692 Siecula
1357 665 1528 692 saeculorum.
1545 674 1553 688 ι

850 772 1826 787 m

575 849 658 886 3“
675 855 919 894 MONITUM
942 855 997 894 IN
1017 854 1314 893 OBATIONEM
1335 854 1449 894 XLV.

243 1022 267 1051 Ι.
293 1021 360 1051 Hac
378 1020 473 1051 altera
495 1021 552 1051 «in
570 1024 714 1051 sanctum
733 1021 876 1052 Pascna»
896 1021 1046 1059 inscripta
1065 1022 1221 1057 oratione,
1241 1021 1296 1051 toti
1314 1021 1443 1052 demum
1460 1028 1496 1050 ac
1515 1020 1663 1059 genuina)
1678 1019 1823 1057 Gregorii

201 1061 382 1091 Orationum
405 1060 584 1100 collectioni
608 1060 678 1090 ﬁnis
697 1059 888 1100 imponitur.
915 1060 993 1100 Nam
1012 1070 1083 1100 quae
1109 1064 1288 1099 sequuntur
1312 1061 1472 1100 orationes
1489 1082 1498 1095 ,
1520 1067 1592 1090 mox
1612 1060 1645 1090 in
1663 1059 1824 1100 praeviaet

202 1100 381 1138 unicuique
403 1108 524 1130 annexa
549 1097 779 1135 admonitione,
800 1099 881 1130 inter
907 1097 1196 1139 spuria‘Theologi
1221 1108 1328 1138 opera.
1355 1099 1501 1138 plurimis
1519 1097 1729 1137 argumentis,
1750 1097 1825 1136 reji-

200 1139 332 1169 ciendas
349 1138 566 1176 probabimus.
585 1139 618 1168 Id
636 1142 741 1168 autem
768 1139 862 1169 modo
881 1139 1026 1169 mirabile
1045 1138 1178 1176 prorsus
1193 1139 1290 1169 videri
1308 1139 1414 1173 debet,
1434 1138 1519 1176 quod
1537 1146 1576 1168 ex
1594 1142 1677 1168 tanta
1695 1142 1824 1175 tamque

201 1178 335 1208 miriﬁca
354 1177 497 1214 Gregorii
517 1178 697 1208 orationum
715 1178 810 1214 serie,
841 1178 939 1215 prima
965 1182 995 1208 et
1020 1178 1130 1209 ultima
1157 1179 1212 1208 «in
1238 1183 1381 1209 sanctum
1401 1178 1517 1208 Pascha
1553 1189 1568 1206 ιι
1595 1177 1822 1211 iuscribanlur.

200 1217 315 1256 sicque
347 1220 474 1257 ci'eteras
499 1225 610 1257 omnes
629 1217 999 1257 veluticomplectantur
1026 1222 1057 1248 et
1087 1217 1367 1257 comprehendant.
1396 1218 1524 1248 Sacrum
1551 1217 1668 1247 etenim
1695 1217 1824 1251 Pascha.

199 1257 288 1295 quod
308 1260 355 1286 ter
370 1256 401 1286 in
420 1256 636 1296 istaoratione
654 1257 696 1295 (n-
711 1256 742 1296 2)
764 1266 778 1287 a
795 1257 957 1294 Theologo
974 1261 1098 1292 nostro,
1125 1268 1139 1285 ε
1154 1256 1185 1288 in
1210 1257 1419 1287 sanctissima!
1443 1257 1607 1286 Trinitatis
1632 1256 1821 1296 honorem,»

201 1295 552 1335 eleganterirepetitur,
571 1306 586 1323 α
601 1298 685 1330 est,»
704 1301 736 1326 ut
757 1296 825 1334 ipse
841 1295 996 1335 loquitur,
1012 1306 1026 1323 «
1045 1296 1252 1327 festivitatum
1269 1296 1437 1332 festivitas,
1453 1305 1488 1326 ac
1503 1296 1721 1326 celebritatum
1742 1295 1824 1325 cele-

200 1335 313 1365 britas.
327 1346 341 1361 ι›
364 1334 620 1365 Consentaneum
638 1335 734 1373 igitur
749 1339 826 1370 erat,
846 1334 1006 1365 ut’tantus
1032 1335 1130 1365 divini
1148 1336 1243 1366 Verbi
1261 1343 1361 1374 praeco
1378 1343 1414 1366 os
1433 1344 1527 1365 suum
1546 1336 1576 1365 in
1597 1335 1676 1364 sacri
1693 1335 1824 1364 Pascha-

203 1373 243 1404 tis
262 1374 387 1404 laudem
404 1374 541 1412 aperiret
558 1383 593 1404 ac
610 1374 783 1404 clauderet.
800 1374 864 1405 Nec
883 1374 1011 1410 mirum,
1031 1375 1071 1409 si,
1089 1376 1180 1413 cycni
1207 1375 1319 1411 instar,
1344 1376 1511 1404 suaviores
1538 1375 1569 1404 in
1591 1374 1647 1404 ista
1665 1374 1822 1409 oratione,

202 1422 297 1452 quam
316 1413 346 1443 in
365 1413 476 1450 prima,
497 1421 594 1444 sonos
609 1414 679 1443 edat
694 1421 729 1444 ac
746 1413 940 1443 moduletur.
957 1413 992 1443 in
1015 1413 1114 1452 priori
1133 1423 1284 1453 namque.
1308 1415 1419 1453 paucis
1441 1414 1582 1452 quidem,
1606 1417 1640 1443 ut
1661 1413 1822 1453 vidimus;

202 1453 235 1492 in
252 1453 312 1483 ista
331 1461 416 1488 vero,
433 1456 511 1483 totas
530 1453 628 1483 animi
646 1461 681 1483 ac
706 1452 829 1491 pietatis
858 1454 943 1484 vires
968 1453 1133 1491 colligens,
1155 1452 1317 1484 Paschalis
1339 1453 1523 1492 dignitatem
1549 1458 1579 1482 et
1601 1452 1822 1483 excellentiam

201 1491 317 1522 fusiori
346 1499 494 1522 sermone
521 1492 732 1523 commendat.
777 1492 916 1522 Primum
945 1492 1047 1530 ipsius
1073 1501 1189 1523 nomen
1231 1493 1269 1523 ab
1312 1493 1446 1524 Hebrmo
1475 1493 1605 1522 nomine
1643 1491 1822 1522 derivatum

202 1531 344 1571 ostendit
373 1530 498 1571 (n.710),
517 1536 628 1571 utpote
646 1542 660 1558 ‹‹
677 1531 844 1562 transitum
858 1543 872 1558 ι)
888 1531 1082 1571 signiﬁcans.
1098 1540 1168 1562 cum
1186 1532 1308 1563 scilicet
1326 1544 1340 1560 α
1356 1542 1393 1563 ex
1409 1533 1545 1571 Egypto
1561 1532 1594 1561 in
1611 1530 1822 1562 Chananaeam

202 1570 366 1608 regionem
389 1570 739 1608 migraruntlsraelitaa.
758 1581 772 1598 »
795 1570 916 1610 Deinde
942 1579 958 1600 e
986 1571 1053 1610 lege
1072 1571 1200 1609 scripta,
1224 1581 1259 1602 ac
1284 1571 1440 1610 legalibus
1465 1570 1627 1602 Sacriﬁciis
1642 1571 1679 1601 ad
1698 1574 1823 1610 tempus

201 1609 380 1646 concessis,
404 1610 587 1649 auditorum
608 1611 733 1640 animos
750 1610 788 1640 ad
813 1609 925 1640 altiora
945 1610 1063 1646 evehit,
1086 1619 1206 1649 eosque
1223 1612 1259 1642 ad
1278 1609 1485 1649 Evangelium
1508 1614 1539 1641 et
1564 1611 1600 1640 ad
1628 1618 1718 1640 novae
1743 1609 1824 1648 legis

202 1649 355 1678 sacriﬁcia
372 1648 480 1678 allicit.
510 1649 592 1679 Hinc
609 1649 723 1679 mirum
742 1648 772 1688 in
792 1649 919 1679 modum
940 1650 1103 1688 sapientiae
1129 1648 1185 1679 Dei
1210 1648 1470 1688 profunditatem,
1494 1659 1529 1680 ac
1547 1649 1821 1687 investigabilium

203 1688 516 1726 ipsiusjudiciorum
540 1688 666 1719 divitias
682 1687 819 1728 extollit.
835 1687 946 1724 Qualis
962 1687 1067 1718 autem
1088 1688 1183 1719 fuerit
1206 1689 1316 1728 legalis
1339 1699 1452 1728 agnus,
1477 1689 1547 1728 ipse
1561 1711 1569 1724 ,
1599 1688 1822 1726 ullegoriarum

203 1728 463 1768 opepingeniose
478 1728 591 1768 aperit,
607 1732 636 1758 et
651 1728 694 1768 ad
707 1727 880 1768 Christum,
897 1736 1007 1768 verum
1033 1727 1145 1767 utique
1161 1727 1290 1766 agnum,
1317 1727 1477 1768 eleganter
1489 1727 1718 1768 accommodat.
1737 1729 1822 1768 Mox,

203 1766 292 1796 brevi
319 1766 397 1797 facta
428 1767 652 1805 mysteriorum
679 1767 734 1797 Dei
753 1767 1019 1807 enumeratione,
1055 1766 1254 1807 peramamer
1283 1766 1437 1798 exclamat
1466 1768 1631 1807 (n.30):a
1650 1767 1821 1801 OPascha,

203 1814 353 1843 magnum
371 1810 402 1835 et
416 1814 540 1836 sacrum
556 1807 686 1842 Pascha,
704 1806 866 1844 totiusque
893 1807 1003 1836 mundi
1029 1806 1187 1844 piaculum
1202 1807 1249 1838 ι...
1263 1807 1290 1837 Ο
1307 1807 1447 1837 Verbum
1473 1807 1588 1837 Deil...
1620 1806 1699 1836 hanc
1727 1807 1821 1836 velim

203 1845 395 1880 orationem,
413 1853 475 1875 non
493 1850 525 1875 ut
540 1846 708 1884 primitias,
725 1845 779 1875 sed
801 1850 834 1875 ut
850 1851 1021 1875 extremam
1034 1846 1169 1876 fortasse
1186 1847 1381 1877 oblationem
1402 1850 1540 1876 nostram
1558 1846 1690 1876 habeas!
1708 1856 1722 1874 »

243 1885 283 1914 ll.
309 1884 402 1914 Heu!
434 1884 569 1915 nimium
590 1894 661 1916 vere
679 1884 727 1914 his
746 1884 864 1920 verbis,
887 1885 938 1914 sui
964 1885 1105 1922 corporis
1132 1885 1377 1916 dissolutionem
1403 1885 1573 1915 imminere
1599 1884 1823 1923 praenuntiavit

203 1922 234 1952 S.
254 1924 380 1954 Doctor.
398 1923 467 1954 Non
488 1925 573 1954 enim
586 1925 642 1955 diu
667 1923 742 1955 huic
757 1924 892 1954 orationi
910 1924 1069 1963 superfuit
1096 1923 1144 1954 vir
1166 1926 1334 1955 sanctitate
1352 1927 1382 1955 et
1401 1924 1584 1963 eloquentia
1599 1922 1823 1962 praestantissi-

204 1971 288 1998 mus,
317 1963 408 2001 cujus
425 1963 565 2001 profecto
582 1965 651 1994 dies
673 1964 711 1995 ad
740 1962 858 1993 multos
874 1971 975 1994 annos
998 1963 1139 2002 protrahi
1163 1964 1448 1995 desiderassemus.
1464 1962 1517 1994 ’Et
1547 1967 1645 1998 certe,
1675 1963 1822 2002 quamvis

205 2003 301 2042 modo
323 2010 472 2041 magnam
489 2004 628 2042 suswpti
646 2003 763 2042 oneris
776 2006 892 2040 partem
917 2011 956 2032 ex
973 2002 1114 2033 humeris
1126 2003 1338 2042 dcponamus,
1354 2012 1436 2041 aigre
1452 2006 1556 2033 tamen
1575 2006 1678 2034 tantos
1696 2007 1822 2042 tamque

203 2041 350 2071 salubres
375 2041 501 2080 pietatis
516 2051 553 2073 ac
568 2040 721 2073 doctrinm
740 2041 824 2072 rivos
845 2042 1035 2073 elaudimus.
1061 2040 1215 2073 Caeterum
1243 2052 1281 2073 ex
1302 2040 1397 2074 dictis
1421 2042 1627 2072 manifestum
1653 2046 1712 2078 est,
1742 2040 1823 2070 lianc

204 2080 383 2120 orationem
401 2085 541 2112 extrema
558 2081 705 2119 Gregorii
721 2081 793 2111 vitae
814 2085 953 2120 tempora
975 2085 1131 2119 spectare.
1152 2081 1223 2117 Quo
1238 2086 1344 2112 autem
1364 2082 1492 2120 praecise
1516 2089 1599 2111 anno
1616 2081 1822 2119 pronuntiata

203 2119 311 2155 fuerit,
334 2120 364 2150 id
382 2125 468 2150 certo
485 2121 578 2151 nobis
593 2121 746 2152 afﬁrmare
763 2127 825 2150 non
844 2119 929 2151 licet.
945 2120 1140 2158 Coniicimus
1156 2126 1259 2152 tamen
1279 2121 1317 2152 ad
1333 2129 1452 2152 annum
1468 2121 1527 2152 385
1548 2121 1695 2151 collocari
1715 2128 1822 2159 posse,

203 2159 345 2189 triennio
364 2159 490 2190 circiter
505 2164 675 2199 antequam
692 2169 708 2191 e
728 2159 809 2190 vivis
835 2160 1012 2191 excederet.
1029 2159 1120 2195 Quod
1146 2169 1221 2191 vero
1239 2160 1277 2191 ad
1298 2162 1401 2191 locum
1426 2163 1558 2197 spectat,
1575 2160 1692 2190 Nicette
1709 2167 1822 2190 assen-

202 2199 312 2239 timur.
329 2199 383 2229 Ait
399 2199 483 2228 enim
495 2199 700 2239 Gregorium,
729 2203 822 2235 «post
839 2208 933 2230 suum
953 2207 996 2239 ex,
1011 2199 1087 2229 urbe
1100 2199 1375 2239 Constantinopoli
1397 2200 1543 2237 reditum,
1555 2199 1635 2230 hanc
1646 2199 1821 2229 orationem

202 2237 364 2268 elaborate
374 2238 601 2278 conscriptam,
612 2239 739 2269 Arianzi
754 2241 836 2278 845
850 2238 1082 2278 pronuntiasse.
1098 2250 1112 2267 n
1126 2239 1176 2269 Sic
1193 2239 1287 2269 etiam
1307 2237 1415 2270 censet
1431 2239 1543 2269 Billius
1561 2239 1633 2278 (152),
1651 2243 1680 2268 et
1696 2239 1731 2268 ad
1739 2241 1823 2278 notat

203 2277 358 2307 mendose
373 2277 435 2314 legi
451 2278 485 2307 in
501 2278 609 2308 codice
626 2278 766 2316 Regina),
781 2277 977 2312 ὲῖίΝαζιανζῷ.
1002 2287 1017 2305 α
1031 2277 1140 2316 Neque
1164 2278 1262 2314 enim,
1287 2279 1405 2317 inquit,
1424 2279 1504 2309 hanc
1518 2277 1629 2308 urbem
1646 2277 1821 2317 Gregorius

204 2316 359 2354 praedium
392 2320 558 2356 paternum
588 2322 769 2348 vocasset.»
802 2318 837 2346 In
853 2316 976 2356 codici:
1002 2325 1076 2346 vero
1099 2326 1163 2356 quo
1179 2316 1492 2355 utebatur’scriptum
1524 2321 1589 2348 erat
1614 2316 1757 2352 Ἀζιανξῷι
1774 2318 1823 2356 νΛι

203 2355 422 2396 ignoratquis
438 2355 572 2386 litteram
596 2368 611 2387 ν
634 2355 887 2394 super-posuerit,
900 2363 972 2396 cum
990 2355 1121 2396 minime
1140 2357 1204 2388 haec
1221 2357 1322 2387 littera
1340 2357 1515 2396 supplenda
1532 2360 1628 2392 esset,
1644 2356 1706 2396 sed
1716 2355 1822 2396 potius

204 2394 309 2425 littera
332 2394 348 2427 ζ
368 2397 397 2425 in
430 2403 447 2430 ρ
471 2396 703 2425 commutanda.
722 2397 894 2426 Arianzum
914 2395 1002 2425 enim
1020 2394 1108 2426 locus
1124 2399 1187 2426 erat
1213 2404 1276 2426 non
1304 2394 1439 2427 multum
1465 2405 1482 2427 a
1498 2396 1657 2426 Nazianzo
1676 2394 1822 2428 dissitas,
1862 2415 1865 2418 .

203 2432 235 2474 i_n
255 2434 446 2474 quoivillam
465 2435 600 2465 habebat
618 2435 812 2474 Theologus,
830 2433 1099 2474 quemadmodum
1115 2438 1250 2466 testatur
1269 2435 1442 2473 Gregorius
1469 2436 1633 2474 presbyter
1662 2435 1692 2464 in
1719 2433 1822 2474 ipsius

207 2472 287 2503 Vita.
304 2473 392 2504 Unde
410 2483 472 2504 non
493 2474 650 2504 immerito
670 2472 868 2512 colligimus,
887 2473 1015 2503 Arianzi
1033 2473 1170 2504 habitam
1186 2474 1286 2505 fuisse
1301 2472 1382 2506 hanc
1399 2472 1574 2505 orationem
1592 2481 1676 2503 anno
1697 2473 1823 2503 circiter

204 2512 275 2543 385.
293 2512 473 2552 Notandum
490 2517 650 2551 superest,
666 2515 729 2543 duo
746 2512 921 2552 insigniora
938 2513 1032 2550 hujus
1048 2514 1202 2544 orationis
1222 2514 1289 2544 loca
1308 2523 1346 2545 ex
1360 2514 1504 2544 oratione
1524 2513 1681 2544 tricesima
1701 2517 1822 2547 octava,

206 2562 220 2578 α
236 2553 267 2581 iu
286 2551 402 2582 Christi
419 2552 634 2589 Nativitatem,
651 2564 665 2580 »
696 2553 793 2582 verbo
818 2551 856 2582 ad
883 2552 1013 2581 verbum
1036 2552 1202 2590 desumpta
1227 2552 1342 2584 fuisse.
1373 2554 1481 2584 Utrum
1512 2556 1616 2583 autem
1647 2552 1676 2581 id
1705 2552 1821 2581 factum

204 2590 300 2620 fuerit
316 2592 356 2621 ab
373 2592 440 2630 ipso
463 2592 628 2630 Gregorio,
648 2600 686 2623 an
702 2591 947 2624 amauuensium
964 2590 1086 2623 incuria
1111 2592 1292 2630 contigerit,
1320 2601 1451 2632 prorsus
1468 2592 1663 2630 ignoramus.
1686 2591 1720 2621 ln
1739 2590 1822 2621 notis

205 2629 270 2659 haec
287 2631 352 2659 loca
366 2631 617 2659 observabimus.

226 2638 270 2661 uec
287 2631 352 2660 loca
366 2631 617 2661 observabimus.

237 2725 295 2761 (42)
308 2727 371 2763 Arg.
390 2728 418 2755 in
431 2728 497 2754 hanc
515 2727 677 2756 Orationem.
