2027 3135
220 190 274 217 625'

685 189 812 217 ORATIO
832 189 913 217 XLV.
933 206 966 210 ——
987 189 1018 216 IN
1039 189 1201 217 SANCTUM
1221 189 1366 217 PASCllA.

1794 194 1846 222 626

220 248 315 281 ζεσθαι
331 247 404 282 (55),
429 248 474 275 καὶ
497 248 559 274 ὅσον
584 248 613 273 ὲν
636 249 668 283 τῇ
691 249 801 283 Τριάὸι,
823 250 887 284 παρ’
909 247 942 284 ἦς
958 248 1014 283 φῶς

1068 248 1178 275 εωιεειε
1189 252 1240 278 est,
1268 252 1323 273 lllm
1347 247 1372 273 in
1391 247 1504 281 angelis,
1526 255 1584 282 qua:
1602 248 1686 282 prima
1709 255 1770 284 post
1791 254 1847 286 pri-

221 294 292 321 ἅπαν
309 293 486 328 συνέστηκεν,
509 292 538 325 ἐξ
558 292 705 328 ἀμερίστου
727 294 815 327 φωτὸς
835 293 1010 329 μεριζόμενον

221 341 268 366 καὶ
282 339 438 374 τιμώμενον
451 339 518 374 (56).
531 338 653 366 Καλλίων
675 339 702 365 δὲ
719 341 736 374 ἡ
753 341 882 376 σήμερον,
903 340 949 367 καὶ
962 348 1010 366 πε-

223 384 413 420 ριφανεστέρα.
428 384 504 419 Ὅσῳ
524 384 587 419 χθὲς
611 384 660 418 μὲν
678 384 830 420 πρόδρομον
848 382 882 419 ἦν
899 383 945 410 τοῦ
964 392 1010 418 με-

221 431 303 465 γάλου
318 431 406 465 φωτὸς
418 430 597 464 ἀνισταμένου
607 429 637 455 τὸ
652 429 720 463 φῶς,
733 430 778 456 καὶ
790 427 845 456 οἷον
858 428 1009 465 εὐφροσύνη

221 485 262 508 τις
287 476 455 512 προε6ρτιος.
479 476 602 511 Σήμερον
628 475 657 502 δὲ
683 475 732 510 τὴν
755 475 902 502 ἀνάστασιν
927 474 1010 510 αὐτὴν

222 522 386 558 ἑορτάζομεν
398 542 405 554 ,
418 522 468 548 οὐκ
485 521 523 547 ἔτι
545 521 738 557 ἐλπιζομένην,
758 521 814 548 ἀλλ’
831 521 883 556 ἤδη
896 529 1010 556 γεγενη-

223 568 306 602 μένην
319 567 387 602 (57),
401 568 449 594 καὶ
465 567 566 602 κόσμον
585 566 644 593 ὅλον
657 568 739 603 ἑαυτῇ
754 567 932 601 συνάγουσαν.
946 566 1011 592 Ἀλ-

221 613 266 645 λος
280 613 329 648 μὲν
339 612 386 640 οὖν
399 613 463 640 ἄλλο
474 622 501 639 τι
515 613 554 648 τῷ
566 613 654 649 καιρῷ
667 613 883 649 καρποφορεὴω,
899 613 945 639 καὶ
960 613 1010 639 δω-

222 659 371 694 ροφορείτω
388 659 443 695 (58)
463 659 548 695 δῶρον
572 659 685 695 ὲόρτιον,
707 660 723 695 ἢ
741 659 852 695 μικρὸν,
872 660 888 695 ἢ
907 659 1008 694 μεῖζον,

220 704 274 731 τῶν
288 705 481 739 πνευματικῶν
498 714 527 731 τε
548 705 594 731 καὶ
611 705 670 740 Θεῷ
684 705 784 740 φίλων,
797 706 871 737 ὅπως
891 705 924 732 ἂν
945 705 1009 732 ἕκα-

222 759 283 782 στος
307 750 356 786 ἔχῃ
377 750 528 786 δυνάμεως.
550 751 605 786 Τῆς
627 751 682 786 γὰρ
704 751 798 784 ἀξίας,
824 751 899 787 μόλις
917 751 950 778 ἂν
964 752 1009 778 καὶ

222 796 331 830 ἄγγελοι
348 796 465 831 τύχοιεν,
481 797 505 822 οἱ
521 797 634 832 πρῶτοι,
649 798 695 824 καὶ
710 798 806 833 νοεροὶ,
825 797 872 824 καὶ
884 797 1008 833 καθαροὶ,

221 843 268 869 καὶ
283 842 339 877 (59)
353 842 402 876 τῆς
414 843 470 870 ἂνω
486 842 564 878 δόξης
581 843 695 870 ἐπόπται
711 844 758 870 καὶ
773 844 920 879 μάρτυρες·
932 844 1009 880 εἴπερ

221 887 267 913 καὶ
292 887 397 918 τούτοις
421 888 451 914 τὸ
480 888 533 914 πᾶν
559 888 670 922 ἐφικτὸν
700 888 754 924 (60)
782 889 830 924 τῆς
857 890 1008 926 ὑμνήσεως.

227 932 321 969 Ἡμεῖς
336 934 363 960 δὲ
381 934 459 968 λόγον
476 935 638 970 εἰσοίσομεν,
657 932 694 961 ὧν
710 934 808 971 ἔχομεν
822 936 852 962 τὺ
870 936 1010 963 κάλλιστόν

220 989 249 1006 τε
268 980 316 1006 καὶ
337 980 519 1015 τιμιώτατον,
534 980 621 1012 ἄλλως
638 989 667 1007 τε
685 981 732 1007 καὶ
750 981 835 1015 Λόγον
853 981 1009 1016 ὑμνοῦντες,

220 1025 263 1051 ἐπ’
279 1025 425 1060 εὐεργεσίᾳ
439 1026 487 1060 τῆς
505 1025 616 1060 λογικῆς
635 1024 754 1060 φύσεως.
773 1025 906 1062 ’Δρξομαι
926 1026 954 1052 δὲ
970 1027 1012 1052 ὲν-

220 1069 326 1098 τεῦθεν.
347 1071 413 1099 Οὐδὲ
437 1072 490 1106 γὰρ
513 1072 662 1106 ἀνέχομαι,
677 1072 740 1103 τοὺς
754 1071 876 1107 περὶτοῦ
894 1072 1011 1107 μεγάλου

221 1115 342 1152 θύματος
359 1117 406 1143 καὶ
425 1118 476 1152 τῆς
493 1117 624 1152 μεγίστης
638 1117 749 1152 ἡμερῶν
769 1117 839 1144 θύων
852 1117 957 1152 λόγους,
976 1118 1012 1154 μὴ

222 1163 292 1199 πρὸς
320 1162 386 1190 Θεὸν
409 1163 596 1199 ἀναδραμεῖν,
619 1153 746 1190 κάκεῖθεν
774 1163 937 1199 ποιήσασθαι
964 1165 1013 1199 τὴν

220 1210 320 1246 ἀρχήν.
335 1209 388 1236 Καί
408 1219 453 1245 μοι
470 1209 626 1246 καθήρασοε
640 1210 687 1237 καὶ
707 1209 780 1244 νοῦν,
795 1210 843 1236 καὶ
859 1210 953 1246 ἀκοὴν,
968 1211 1014 1237 καὶ

221 1257 352 1289 διάνοιαν,
366 1257 422 1283 ὅσοι
439 1257 560 1292 τρυφᾶτε
575 1256 609 1284 τὰ
621 1255 732 1283 τοιαῦτα
747 1257 853 1292 (ἐπειδὴ
870 1258 934 1293 περὶ
946 1257 1012 1283 Θεοῦ

223 1302 271 1327 καὶ
286 1301 358 1333 θεῖος
373 1302 386 1328 ὁ
400 1301 501 1336 λόγος),
524 1301 556 1327 ἵν’
573 1301 710 1336 ἀπέλθητε
729 1302 915 1337 τρυφήσαντες
931 1302 1014 1333 ὄντως

222 1345 257 1372 τὰ
276 1346 313 1381 μὴ
329 1345 489 1381 κενούμενα.
507 1346 603 1372 Ἔσται
616 1345 644 1372 δὲ
662 1348 676 1373 ὁ
688 1346 767 1377 αὐτὸς
782 1345 966 1381 πληρέστατὸς
984 1355 1013 1372 τε

223 1390 282 1426 ἅμα
295 1392 343 1418 καὶ
367 1391 581 1426 συντομώτατος,
597 1391 635 1422 ὡς
653 1391 720 1426 μήτε
743 1390 782 1426 τῷ
801 1390 886 1418 ἐνδεεῖ
903 1390 1012 1424 λυπεῖν,

225 1437 294 1471 μήτε
308 1437 395 1472 ἀηδὴς
406 1434 475 1463 εἶναι
489 1436 533 1463 διὰ
547 1436 593 1463 τὸν
607 1437 688 1472 κόρον
701 1435 768 1471 (61).

1061 300 1134 319 mam
1159 292 1246 319 lucida
1261 297 1356 318 natura
1372 297 1413 319 εει
1430 292 1503 327 (nam
1520 292 1593 320 illinc
1609 295 1777 328 splendorem
1792 301 1846 324 tra-

1064 339 1161 371 hunt);
1188 343 1243 364 tum
1265 338 1291 364 in
1311 338 1367 371 ipsa
1386 338 1528 372 Trinitate,
1545 346 1559 366 a
1575 347 1627 373 qua
1654 340 1743 368 lumen
1767 349 1847 370 omne

1065 384 1225 417 productum
1238 387 1289 414 est,
1303 382 1336 409 ab
1349 382 1507 410 indivisibili
1522 383 1623 411 lumine
1638 385 1752 412 divisum
1766 393 1847 421 atque

1061 429 1235 456 honoratum.
1250 428 1285 455 At
1302 429 1435 456 hodierna
1451 429 1608 464 prmclarior
1618 435 1647 458 et
1662 433 1846 463 excellentior.

1061 474 1128 502 Nam
1153 475 1309 502 hesternum
1335 475 1426 502 lumen
1443 476 1530 510 magni
1546 476 1617 503 illius
1633 477 1740 505 luminis
1752 486 1847 506 exsur-

1060 521 1148 556 gentis
1162 521 1340 556 prmnuntium
1352 526 1421 553 erat,
1437 528 1468 549 ac
1485 521 1565 549 veluti
1584 523 1704 556 profesta
1725 526 1846 559 quautam

1061 567 1214 594 animorum
1236 566 1367 601 voluptas.
1392 567 1477 594 llodie
1502 573 1591 595 autem
1612 569 1697 603 ipsam
1726 577 1847 598 resurre-

1061 613 1180 640 ctionem
1200 612 1380 645 celebramus,
1407 621 1460 641 non
1483 615 1536 649 iam
1553 615 1578 642 in
1595 623 1642 649 spe
1655 616 1780 650 positam,
1801 617 1846 644 sed

1060 659 1113 693 iam
1134 664 1233 692 ortam,
1256 661 1439 694 mundumque
1466 664 1552 688 totum
1575 661 1627 688 sibi
1650 661 1845 689 conciliantem.

1062 703 1207 732 Enimvero
1227 705 1297 733 alius
1312 705 1384 731 aliud
1398 705 1526 739 quiddam
1549 706 1610 733 huic
1631 707 1743 741 tempori
1756 707 1846 739 donet,

1061 757 1093 777 ac
1106 757 1201 777 munus
1216 749 1341 778 festivum
1353 750 1458 781 oderat.
1470 751 1511 778 vel
1520 758 1642 786 parvum,
1656 752 1697 778 vel
1712 759 1847 785 magnum,

1061 795 1140 822 modo
1163 795 1314 830 spirituale,
1339 796 1448 830 Deoque
1472 801 1588 830 gratum,
1602 797 1783 831 unusquisque
1799 804 1848 832 pro

1061 841 1159 867 virium
1173 849 1283 868 suarum
1299 842 1413 869 ratione.
1431 841 1498 869 Nam
1514 843 1621 877 dignum
1639 851 1735 871 munus
1748 843 1847 871 oﬂ'erre

1064 886 1109 914 vix
1128 887 1179 921 ipsi
1193 894 1301 922 quoque
1313 888 1400 923 angeli
1420 889 1534 923 possint,
1552 888 1600 921 illi,
1615 889 1738 922 inquam,
1756 890 1845 924 primi,

1027 928 1046 955 Β
1062 938 1089 960 ει
1108 933 1300 969 intelligentes,
1317 941 1344 961 et
1357 934 1428 968 puri,
1440 942 1618 969 superumque
1630 935 1721 969 gloria:
1737 940 1845 969 specta-

1061 983 1143 1011 tores,
1180 986 1212 1005 ac
1237 983 1337 1012 testes;
1363 980 1385 1006 si
1411 984 1499 1006 tamen
1526 981 1567 1008 his
1591 982 1848 1015 quoqueontnibus

1062 1024 1182 1051 numeris
1206 1024 1328 1051 absoluta
1356 1024 1402 1052 Dei
1423 1025 1540 1053 laudatio
1563 1034 1691 1056 culicessa
1717 1032 1768 1054 est.
1793 1027 1847 1055 Nos

1065 1075 1154 1097 autent
1185 1078 1349 1103 sermonem,
1378 1079 1431 1106 quo
1459 1080 1508 1099 nec
1536 1073 1673 1107 pulchrius
1701 1075 1847 1110 quidquam

1063 1115 1208 1149 habemus,
1229 1124 1278 1144 nec
1294 1119 1478 1151 prmstantius,
1494 1118 1664 1146 conferemus
1677 1128 1683 1151 ;
1698 1121 1847 1155 praesertim

1064 1160 1184 1189 Verbum
1209 1163 1361 1195 laudantes,
1377 1164 1412 1191 ob
1427 1164 1598 1198 henelicium,
1619 1166 1691 1199 quod
1706 1166 1740 1193 ab
1759 1173 1790 1193 eo
1814 1166 1848 1192 ad

1066 1211 1191 1235 naturam
1217 1209 1324 1237 ratione
1349 1214 1467 1236 utentem
1488 1210 1637 1244 profectum
1652 1215 1702 1238 est.
1723 1210 1790 1238 llinc
1802 1218 1850 1237 au—

1068 1259 1122 1281 tem
1138 1254 1279 1281 exordiar.
1296 1254 1398 1282 Facere
1410 1255 1482 1282 enim
1496 1263 1610 1289 nequeo,
1625 1256 1688 1290 quin
1704 1255 1737 1282 de
1754 1263 1849 1290 magna

1067 1299 1185 1332 victima,
1203 1303 1229 1326 et
1243 1299 1286 1327 die
1301 1299 1420 1326 omnium
1431 1300 1534 1327 dierutn
1553 1301 1682 1333 maximo,
1693 1308 1842 1333 sermones,

1063 1345 1178 1372 victima:
1199 1345 1340 1380 cujusdam
1362 1345 1456 1378 instar,
1483 1345 1609 1378 oll'erens,
1641 1346 1673 1372 ad
1699 1347 1781 1374 Deum
1803 1354 1850 1373 ex-

1063 1397 1184 1422 curratu,
1200 1395 1284 1424 atque
1298 1390 1371 1417 illinc
1389 1391 1531 1418 exordium
1550 1392 1656 1418 ducam.
1681 1391 1719 1419 Ae
1737 1399 1796 1424 vos,
1821 1397 1851 1418 et

1062 1441 1190 1469 mentem,
1207 1442 1233 1464 et
1245 1445 1333 1469 aures,
1353 1441 1380 1464 et
1395 1437 1561 1464 intellectum
1577 1442 1748 1473 perpurgate,
1768 1437 1850 1473 847

224 1483 315 1516 quiin
343 1483 494 1517 hujusmodi
523 1483 603 1509 rebus
628 1482 740 1521 delicias
771 1482 874 1517 positas
900 1481 1004 1509 habetis
1024 1482 1251 1517 (quandoquidem
1283 1483 1316 1510 de
1352 1483 1418 1516 Deo,
1432 1491 1464 1510 ac
1485 1483 1574 1510 divina
1590 1489 1632 1511 est
1659 1485 1717 1512 haec
1735 1485 1849 1520 oratio),

224 1532 254 1554 ut
269 1528 341 1555 veris
354 1528 469 1561 deliciis,
487 1535 539 1555 non
554 1532 643 1556 autem
659 1528 892 1560 evanescentibus,
903 1528 1001 1561 expleti
1021 1528 1179 1556 discedatis.
1213 1529 1271 1556 Erit
1307 1533 1397 1556 autem
1418 1530 1506 1556 oratio
1526 1535 1618 1556 nostra
1642 1530 1723 1557 simul
1741 1535 1768 1558 et
1788 1530 1846 1565 ple-

224 1574 348 1607 nissima,
372 1580 400 1602 ct
416 1575 632 1602 contractissima
646 1581 654 1605 ;
684 1577 714 1600 ut
740 1580 788 1601 nec
814 1573 850 1600 ob
871 1573 1006 1600 delectum
1022 1574 1135 1602 molesta
1168 1575 1214 1606 sit,
1231 1582 1280 1603 nec
1290 1575 1325 1602 ob
1340 1575 1508 1603 saturitatem
1523 1576 1629 1603 taedium
1646 1576 1751 1604 all'erat.

260 1621 297 1648 F’.
315 1621 381 1653 Θεὸς
392 1619 426 1656 ἦν
441 1621 490 1656 μὲν
502 1621 545 1647 ἀεὶ
557 1620 624 1656 (62),
637 1620 684 1646 καὶ
698 1619 765 1652 ἐστι,
780 1619 828 1647 καὶ
843 1618 928 1646 ἔσται·
945 1620 1013 1655 μᾶλ-
1028 1623 1049 1652 C

225 1669 269 1695 λον
292 1668 338 1701 δὲ,
356 1667 442 1694 ἐστιν
469 1667 512 1694 ἀεί
535 1667 601 1702 (65).
623 1667 660 1693 Τὸ
687 1667 741 1702 γὰρ
767 1664 818 1701 ἦν,
844 1666 890 1693 καὶ
915 1666 1015 1698 ἔσται,

226 1714 273 1742 ’τοῦ
297 1713 358 1741 καθ’
378 1714 453 1749 ἡμᾶς
468 1713 564 1748 χρόνου
587 1713 736 1748 τμήματα,
761 1712 808 1738 καὶ
828 1711 877 1747 τῆς
903 1712 1016 1746 ῥευστῆς

227 1760 349 1795 φύσεως·
372 1760 387 1785 ὁ
405 1759 434 1786 δὲ
450 1759 493 1785 ὢν
514 1758 572 1791 ἀεὶ,
593 1758 640 1785 καὶ
661 1758 740 1785 τοῦτο
756 1757 838 1789 αὐτὸς
854 1757 948 1784 ἑαυτὸν
960 1757 1018 1783 ὀνο-

229 1805 321 1841 μάζει,
337 1805 376 1840 τῷ
392 1805 504 1831 Μωῡσεῖ
518 1803 693 1840 χρηματίζων
707 1804 753 1830 ἐπὶ
769 1803 816 1830 τοῦ
833 1803 922 1839 ὅρους.
940 1803 1018 1829 Ὅλον

228 1854 282 1889 γὰρ
305 1854 334 1879 ἐν
355 1852 445 1887 ἐαυτῷ
463 1852 601 1879 συλλαϐὼν
623 1852 680 1887 ἔχει
695 1852 726 1878 τὸ
747 1850 827 1884 εἶναι,
850 1852 917 1887 μήτε
935 1851 1019 1886 ἀρξά-

230 1908 328 1935 μενον,
354 1899 422 1934 μήτε
443 1898 631 1933 παυσόμενον,
657 1895 712 1925 οἷόν
736 1907 762 1925 τι
789 1898 904 1932 πέλαγος
926 1897 1019 1928 οὐσίας

229 1947 341 1981 ἄπειρον
363 1945 410 1972 καὶ
426 1946 549 1981 ἀόριστον
559 1966 566 1978 ,
581 1946 671 1972 πᾶσαν
685 1945 889 1981 ὑπερεκπῖπτον
905 1944 1018 1975 ἔννοιαν,

229 1991 276 2018 καὶ
300 1991 409 2026 χρόνου,
431 1991 477 2017 καὶ
499 1991 621 2025 φύσεως·
644 1990 682 2026 νῷ
707 1990 779 2026 μόνῳ
799 1989 1020 2025 σκιαγραφοὺμε-

230 2047 273 2070 νος
288 2038 355 2073 (64),
375 2039 422 2064 καὶ
433 2038 519 2073 τούτῳ
540 2037 599 2064 λίαν
613 2036 740 2072 ἀμυδρῶς
761 2037 809 2064 καὶ
830 2036 957 2071 μετρίως,
971 2035 1020 2061 οὐκ

229 2085 263 2111 ἐκ
284 2084 339 2111 τῶν
360 2085 419 2111 κατ’
443 2085 522 2111 αὐτὸν
537 2085 606 2119 (65),
624 2083 681 2110 ἀλλ⁸
704 2084 736 2109 ἐκ
761 2082 815 2109 τῶν
840 2082 904 2118 περὶ
929 2081 1018 2113 αὑτὸν,

229 2129 313 2165 ἄλλης
335 2130 367 2162 ἐξ
386 2129 465 2157 ἄλλου
491 2129 640 2165 φαντασίας
663 2127 879 2163 συλλεγομένης,
897 2127 936 2158 εἰς
953 2126 982 2153 ἓν
995 2135 1021 2152 τι

229 2176 279 2212 τῆς
295 2176 426 2212 ἀληθείας
442 2176 566 2211 ῐνδαλμα,
581 2175 646 2211 πρὶν
663 2174 830 2210 κρατηθῆναι
847 2173 958 2208 φεῦγον,
975 2173 1022 2199 καὶ

231 2222 296 2258 πρὶν
323 2221 452 2257 νοηθῆναι
474 2221 679 2257 διαδιδράσκον-
706 2220 825 2247 τοσαῦτα
851 2219 1022 2255 περιλάμπον

266 2281 277 2298 ⁸
291 2281 377 2309 Exod.
391 2289 420 2309 tu
450 2281 484 2309 15
496 2290 538 2309 so.

1103 1621 1146 1649 ll].
1169 1621 1239 1649 Deus
1259 1626 1286 1648 et
1307 1629 1414 1657 semper
1425 1629 1494 1655 erat.
1517 1628 1544 1651 et
1558 1628 1609 1656 est,
1626 1628 1653 1650 et
1668 1624 1735 1658 erit;
1753 1625 1804 1658 vel,
1824 1631 1853 1652 ut

1066 1667 1164 1694 rectius
1177 1666 1289 1701 loquar,
1316 1674 1423 1702 semper
1446 1673 1494 1695 est.
1518 1667 1584 1696 Nam
1604 1674 1659 1696 crat
1676 1674 1702 1697 et
1720 1671 1778 1704 erit,
1803 1671 1853 1698 hu-

1038 1744 1040 1746 _
1064 1713 1109 1748 jus
1133 1713 1218 1741 nostri
1241 1714 1381 1749 temporis,
1405 1714 1538 1749 ﬂuxaaqne
1563 1720 1591 1742 et
1615 1716 1723 1744 caduca:
1749 1721 1853 1744 natura:

1066 1763 1207 1795 segmenta
1228 1763 1301 1786 sunt.
1325 1759 1372 1786 llle
1400 1765 1491 1787 autem
1511 1768 1619 1796 semper
1635 1767 1683 1792 est,
1700 1767 1780 1796 atque
1803 1763 1854 1790 hoc

1067 1805 1146 1832 modo
1174 1805 1292 1840 seipsum
1318 1806 1478 1838 nominat',
1510 1814 1571 1833 eum
1595 1807 1621 1834 in
1652 1813 1742 1834 monte
1768 1807 1852 1842 Moysi

1067 1851 1208 1879 oraculum
1238 1852 1302 1878 edit.
1336 1851 1498 1879 Universqu
1527 1853 1598 1880 enim
1627 1860 1687 1880 esse
1710 1853 1736 1879 in
1761 1855 1851 1887 selpso

1069 1897 1280 1931 complectitur,
1301 1896 1372 1931 quod
1399 1904 1448 1924 nec
1476 1897 1638 1932 principium
1666 1898 1771 1930 habuit,
1803 1905 1854 1925 nec

1070 1942 1149 1969 linem
1162 1942 1315 1969 habiturum
1327 1947 1380 1974 est,
1396 1943 1473 1977 quasi
1489 1942 1598 1978 pelagus
1613 1943 1746 1978 quoddam
1764 1951 1854 1971 essetr-

1069 1987 1113 2013 tiae
1138 1987 1298 2013 immensum
1320 1991 1347 2013 et
1366 1987 1581 2019 interminatam,
1595 1995 1700 2015 omnem
1716 1993 1771 2015 tum
1787 1993 1855 2014 tern-

1070 2031 1153 2066 poris,
1166 2037 1222 2058 tum
1243 2035 1346 2058 naturae
1365 2031 1558 2066 cogitationem
1584 2040 1732 2068 superans;
1765 2037 1855 2059 tuente

1069 2077 1125 2104 sola
1139 2077 1162 2103 is
1178 2077 1367 2108 adumbratus,
1391 2081 1417 2104 ct
1444 2077 1552 2111 quidem
1580 2078 1725 2113 perexiguo
1747 2085 1780 2105 ac
1795 2085 1857 2113 per-

1070 2126 1194 2156 obscure,
1221 2131 1274 2151 non
1287 2131 1320 2151 ex
1347 2124 1397 2155 his,
1423 2131 1482 2158 quae
1495 2125 1521 2151 in
1546 2125 1604 2159 ipso
1628 2130 1700 2158 sunt,
1725 2126 1772 2152 sed
1797 2132 1857 2159 qua:

1071 2171 1142 2198 circa
1163 2170 1261 2205 ipsum,
1278 2170 1329 2196 alia
1343 2169 1469 2197 nimirum
1481 2178 1513 2197 ex
1529 2171 1582 2198 alia
1598 2171 1716 2205 imagine
1731 2171 1853 2200 collecta.

1071 2218 1105 2244 ad
1119 2224 1201 2244 unum
1224 2216 1332 2251 aliquod
1355 2216 1476 2243 veritatis
1499 2217 1675 2244 simulacrum
1696 2217 1852 2245 exorimeu-

267 2352 325 2387 (55)
344 2350 538 2392 Πηγᾴζεσθαι.
551 2351 632 2379 Coisl.
651 2351 677 2392 l_,
695 2350 741 2377 0r.
757 2349 873 2392 l,mJes.,
893 2348 1019 2392 llert'ag.,
1036 2350 1058 2377 Ι)
1073 2355 1125 2381 que
1136 2345 1265 2392 adfinem
1281 2343 1573 2392 numheht-Iint'tpnfi‘zier‘bo‘
1588 2341 1858 2392 adnvepbtlm'papfg-

232 2383 512 2420 ειε.,ἀὐγάζεσθαι,
544 2396 553 2412 ‹
572 2387 740 2421 splendorem
769 2384 905 2419 efﬁciunt,
932 2383 1019 2410 clare-

232 2427 320 2450 scunt.
338 2431 347 2447 ι

270 2457 327 2492 (56)
352 2456 527 2493 Τιμώμενον.
544 2456 570 2483 In
587 2455 730 2493 nonnullis,
747 2454 922 2493 τεμνόμενον,
937 2462 945 2478 ι
957 2460 1022 2488 prae-

270 2466 327 2492 (δυ)
352 2466 380 2483 ιι
401 2466 527 2492 ωμενον.
544 2466 570 2483 ιιι
587 2466 730 2488 nonnutns,
747 2466 922 2490 τεμνομενυν,
937 2466 945 2478 ι
957 2466 1021 2488 νισσ-

235 2493 354 2519 εἰδιιιιι.»
373 2466 457 2526 ὤιειη
487 2493 628 2519 lectionem
654 2491 749 2526 probat
764 2490 952 2521 (lombelisius,
978 2494 1021 2514 ut-

234 2532 296 2562 pote
311 2535 370 2561 quae
389 2528 473 2562 magis
488 2527 646 2561 Gregorium
662 2527 758 2559 sapiat.

270 2559 328 2598 (57)
343 2559 563 2598 Γεγενῆμένητῖ.
585 2562 630 2589 Sic
659 2561 756 2596 plures‘
773 2559 849 2587 codd.
867 2559 895 2586 ln
907 2559 962 2590 ed.,
977 2566 1022 2592 γε-

235 2606 314 2632 γεννη
319 2597 413 2632 μένην.

273 2606 297 2623 N
340 2606 413 2632 ενην.

352 2633 409 2659 Kal
434 2632 644 2667 δωροφορειτω.
684 2630 746 2658 llaec
778 2629 875 2657 desunt
903 2630 928 2655 in
958 2636 1025 2655 non-

347 2702 412 2745 IKat.
440 2702 519 2729 Deest
532 2703 558 2729 in
574 2707 690 2737 quatuor
711 2702 808 2735 ﬂegg.,
820 2699 937 2734 quinque
949 2698 1024 2726 Colh.

237 2742 264 2764 et
279 2738 373 2764 Cmnb.

274 2773 330 2807 (60)
348 2772 494 2807 Ἐφικτόν.
511 2771 585 2809 linus
595 2771 789 2809 codexradditL
801 2769 893 2809 ἐστίν..
919 2808 922 2809 ν
960 2803 965 2808 .

274 2805 329 2844 (Gl)
347 2805 450 2844 Ἔσται
518 2807 566 2833 διὰ
588 2807 760 2844 τρνλνόρονῇ
771 2805 832 2832 llaec
845 2810 872 2831 et
888 2805 1026 2843 interjccta

239 2842 335 2883 desunt
352 2844 378 2870 in
410 2843 547 2877 plerisque
563 2842 710 2869 codicibus.
741 2842 778 2868 Ea
799 2846 887 2867 tamen
906 2842 1027 2874 agnoscit

241 2877 420 2948 ῂιῖὲῧςὸεός
434 2910 474 2947 ἦν
488 2911 545 2947 μὲν
556 2912 611 2945 ἀεί,
629 2917 682 2940 etc.
708 2910 769 2938 llzcc.
786 2915 812 2937 et
829 2909 966 2945 sequentia
984 2917 1027 2936 ns-

1074 2375 1117 2409 t'ur
1136 2383 1161 2408 in
1176 2381 1311 2407 tricesima
1337 2384 1431 2407 octava
1452 2377 1574 2405 oratione
1603 2376 1639 2402 De
1667 2375 1766 2403 Christi
1791 2377 1859 2403 ηαιί-

1069 2419 1158 2444 vitate.
1189 2415 1285 2443 Utrum
1303 2422 1407 2452 autem_
1422 2414 1448 2440 id
1469 2412 1568 2452 factum
1585 2411 1665 2452 fuerit
1675 2411 1780 2452 abhipso
1792 2411 1860 2438 Gre-

1069 2453 1165 2486 gorio,
1195 2458 1229 2477 an
1253 2450 1456 2477 atnanuensiunt
1486 2447 1561 2481 lapsu
1583 2447 1742 2479 contigerit,
1770 2447 1860 2472 incer-

1071 2493 1136 2514 ιυιη.

1107 2521 1164 2557 (65)
1180 2522 1287 2548 Ἔστιν·
1303 2519 1359 2557 ἀείἔ
1386 2528 1395 2544 r
1408 2517 1520 2557 semper
1532 2521 1591 2557 _est.
1605 2525 1615 2542 ι
1643 2516 1807 2557 ᾼμβιιειίιιυε
1822 2515 1859 2557 De

1072 2550 1133 2583 vero
1156 2550 1251 2592 'religq
1271 2554 1382 2592 cudi),
1409 2553 1449 2580 sic
1468 2551 1586 2586 loquitur
1605 2560 1637 2592 ι’(
1648 2550 1720 2578 Nihil
1741 2555 1860 2592 prement

1076 2593 1102 2618 in
1118 2586 1228 2623 aeterm):
1243 2586 1270 2617 et
1285 2589 1349 2616 nihil
1367 2588 1561 2623 futurumiest;
1587 2587 1648 2620 quia
1661 2592 1688 2612 et
1704 2586 1774 2620 qttod
1790 2592 1858 2623 pra!-

1076 2628 1147 2657 terit.
1164 2620 1226 2653 esse.
1244 2625 1359 2655 desinit;
1390 2629 1418 2650 et
1431 2622 1502 2657 quod
1528 2621 1646 2648 futurum
1665 2626 1716 2653 est,
1742 2620 1859 2657 nondum

1076 2655 1168 2696 coepit.
1182 2660 1330 2688 [Eternitas
1348 2655 1444 2696 autem
1456 2658 1640 2696 tantummodo
1653 2660 1695 2682 est
1712 2662 1782 2696 :'nec
1799 2655 1858 2686 fuit,

1076 2691 1154 2730 quasi
1170 2704 1221 2723 non
1238 2697 1291 2727 sit;
1306 2701 1356 2720 nec
1369 2694 1432 2724 erit,
1446 2691 1523 2730 quasi
1540 2691 1626 2730 adhuc
1642 2698 1693 2730 non
1710 2691 1776 2717 sit.)

1112 2731 1166 2767 (64)
1184 2725 1469 2764 Σκιαγραφούμενοξ.
1483 2725 1527 2767 Sic
1541 2725 1629 2760 plures
1644 2726 1759 2760 liegg.et
1772 2725 1860 2757 Colb.,

1076 2761 1222 2807 Parimletc:
1234 2761 1336 2807 hired.1
1349 2761 1622 2807 σκιαγραξούμενονῶ
1756 2796 1761 2800 Ι

1111 2794 1167 2836 (66)
1187 2802 1248 2827 οὐκ
1257 2800 1291 2826 ἐκ
1301 2798 1360 2825 τῶν
1374 2794 1442 2825 καίν’
1456 2794 1558 2836 adtrita
1577 2805 1586 2821 ‹
1602 2795 1658 2822 Νοιι
1672 2796 1788 2836 exnsois.
1802 2805 1811 2821 ν
1835 2794 1861 2821 ΙιΙ

1075 2831 1126 2868 est,
1148 2831 1199 2863 non
1217 2837 1274 2870 ipsa
1291 2835 1420 2871 essentia,
1440 2833 1682 2871 secundumnqoatn
1699 2831 1770 2857 Deus
1783 2839 1796 2856 a
1811 2837 1860 2857 no-

1077 2866 1323 2905 bis-comprehendi
1341 2869 1434 2902 nequit
1447 2875 1453 2899 ;
1468 2867 1514 2894 sed
1527 2875 1557 2894 ex
1572 2866 1724 2899 cll‘ectibus,
1740 2873 1786 2893 seu
1802 2873 1853 2900 opu

1076 2907 1152 2934 rihus
1172 2915 1185 2932 a
1195 2904 1276 2933 nobis
1288 2904 1412 2931 laudatur
1440 2932 1443 2936 ,
