2027 3135
197 185 248 212 09.7

811 186 837 213 S.
860 185 1023 215 GREGOHH
1043 186 1212 215 THEOLOGI

1762 185 1814 213 638

199 245 275 275 dum,
296 243 380 277 quod,
402 243 557 278 priusquam
585 248 719 277 teneatur,
737 243 840 279 effugit,
856 250 882 273 et
894 246 980 281 prius-

1034 246 1110 281 ἡμῶν
1129 245 1159 271 τὸ
1172 244 1346 280 ἡγεμονικὸν,
1362 243 1409 270 καὶ
1425 243 1511 270 ταῦτα
1529 242 1731 279 κεκαθαρμένον
1747 242 1814 278 (66),

198 299 279 325 quam
301 291 437 318 intellectu
459 289 634 324 percipiatur,
646 290 762 323 seipsutn
774 290 834 325 fuga
847 291 978 326 proripit;

199 341 301 363 tantum
330 337 474 371 principem
507 335 588 362 nostri
625 341 744 370 partem,
776 344 890 371 eamque
917 345 980 372 pur-

199 388 299 415 gatam,
321 382 493 413 collustrans,
515 386 645 416 quantum
662 382 801 408 oculorum
817 383 902 410 aciem
920 391 981 418 per-

200 428 310 462 stringit
324 428 437 462 fulguris
450 429 578 456 celeritas
593 429 800 464 haudquaquam
819 437 980 464 permanen-

200 474 254 506 tis;
282 478 322 506 ut,
347 482 407 501 meo
422 474 528 508 quidem
555 475 668 509 judicio,
697 480 830 510 quatenus
858 484 982 511 compre-

200 519 279 546 hendi
302 525 404 553 potest,
427 528 476 547 nos
493 520 525 546 ad
544 528 573 547 se
593 521 682 548 trahat
707 520 790 556 (quod
814 521 885 548 enim
909 522 982 548 nullo

200 565 280 591 modo
297 565 397 599 percipi
417 569 514 600 potest,
540 565 565 592 id
588 574 637 592 nec
659 571 751 600 sperat
765 567 917 600 quisquam,
933 574 982 593 nec

201 611 233 635 ad
250 610 273 636 id
289 610 427 646 adnititur)
441 619 447 643 ;
463 615 594 645 qttalenus
608 616 696 638 autent
710 612 767 646 capi
783 612 884 646 nequit,
898 612 983 638 admi-

201 655 334 682 rationem
355 657 397 683 sni
423 657 535 688 excitet,
563 661 643 691 atque
665 664 698 683 ex
721 656 779 691 ipsa
806 657 983 684 admiratione

203 702 391 728 vehementius
412 701 592 735 desideretur,
612 703 779 729 desideratus
796 708 900 737 purget,
917 710 982 736 pur-

201 753 267 780 gans
283 752 371 774 autem
392 746 447 774 Deo
468 748 571 775 similes
592 748 698 782 efﬁciat,
717 756 829 783 cumque
848 749 873 775 id
889 755 984 776 conse-

204 793 263 818 cuti
277 792 418 825 fuerimus,
441 794 496 828 jam
519 794 591 821 velut
614 802 674 821 cum
703 794 879 822 fatuiliaribus
893 794 983 821 collo-

209 839 417 873 quatur(mctuo
431 848 464 867 ne
481 841 531 867 hoc
551 839 678 868 audacius
697 848 711 866 a
730 848 773 868 me
787 840 887 867 dictum
899 839 983 866 videri

202 885 308 919 possit),
324 885 394 912 Deus
409 886 460 913 diis
477 886 568 913 unitus
589 891 615 912 et
638 887 819 918 innotescens,
832 894 864 912 ac
881 890 982 912 tantum

202 931 328 962 fortasse,
343 936 471 966 quantum
487 932 543 966 jam
559 940 615 965 eos,
634 932 679 966 qui
695 937 872 967 cognoscunt.
888 932 980 966 cogni-

203 982 244 1004 tos
266 978 356 1005 habet.
382 978 530 1006 Immensus
552 979 633 1013 igitur
652 983 693 1006 est
718 978 799 1011 Deus,
813 984 840 1006 et
864 978 898 1005 ad
915 986 982 1005 con-

1030 293 1080 318 ὅσα
1094 293 1141 318 καὶ
1161 291 1221 326 ὄψιν
1233 312 1240 324 ,
1254 290 1398 326 ἀστραπῆς
1420 290 1500 325 τάχος
1514 290 1563 325 οὺχ
1577 289 1721 325 ἱσταμένης
1731 297 1738 304 .
1755 290 1816 324 ἐμοὶ

1031 338 1128 369 δοκεῖν,
1142 338 1185 364 ἵνα
1205 337 1243 372 τῷ
1265 336 1359 371 ληπτῷ
1384 336 1431 371 μὲν
1450 335 1514 370 ἕλκῃ
1533 335 1601 371 πρὸς
1613 335 1692 362 ἑαυτὸ
1707 335 1762 369 (67)
1775 334 1817 369 (τὸ

1031 383 1085 420 γὰρ
1099 383 1197 414 τελέως
1209 382 1337 418 ἄληπτον,
1352 381 1509 407 ἀνέλπιστον
1526 381 1573 407 καὶ
1591 381 1814 416 ἀνεπιχείρητον)·

1032 428 1070 464 τῷ
1089 429 1118 455 δὲ
1140 429 1261 464 ἀλήπτῳ,
1284 427 1465 462 θαυμάζηται·
1486 427 1690 462 θαυμαζόμενον
1703 427 1748 458 δὲ,
1770 435 1817 453 πο-

1033 474 1113 509 θῆται
1135 474 1225 501 πλέον·
1244 473 1407 509 ποθούμενον
1428 473 1473 505 δὲ,
1487 473 1615 510 καθαίρῃ’
1629 474 1757 509 καθαῖρον
1777 474 1815 506 δὲ,

1033 520 1157 551 θεοειδεῖς
1176 520 1326 555 ἐργάζηται
1339 519 1405 555 (68)”
1421 519 1550 550 τοιούτοις
1562 519 1591 546 δὲ
1604 519 1768 554 γενομένοις,
1779 519 1817 551 ὡς

1033 566 1142 598 οἰκείοις
1163 566 1212 602 ἢδη
1231 566 1382 602 προσομιλῇ
1402 565 1499 600 (τολμᾷ
1515 574 1541 592 τι
1559 566 1680 592 νεανικὸν
1692 567 1705 592 ὁ
1717 566 1815 600 λόγος)-

1033 613 1099 644 Θεὺς
1110 613 1179 644 θεοῖς
1192 611 1334 647 ἑνούμενός
1346 620 1374 638 τε
1388 611 1436 638 καὶ
1449 610 1656 647 γνωριζόμενοςο
1669 612 1716 638 καὶ
1729 612 1818 638 τοσοῦ-

1033 668 1078 685 τον
1090 658 1164 690 ἴσως,
1177 658 1238 684 ὅσον
1250 657 1301 692 ήδη
1312 656 1441 691 γινώσκει
1452 657 1514 688 τοὺς
1525 656 1741 692 γινωσκομένους
1751 657 1816 691 (69).

1036 705 1164 739 ’Ἄπειρον
1184 701 1229 729 οὖν
1251 703 1281 729 τὸ
1300 702 1369 729 θεῖον
1388 703 1434 728 καὶ
1455 702 1655 737 δυσθεώρητον·
1675 702 1723 728 καὶ
1741 702 1818 729 τοῦτο

1034 749 1122 784 πάντη
1142 748 1314 783 καταληπτὸν
1333 747 1414 774 αὑτοῦ
1431 748 1521 782 μόνον,
1534 749 1551 782 ἡ
1569 747 1691 782 ἀπειρία*
1705 748 1756 775 κᾶν
1777 756 1818 779 τις

1034 795 1124 829 οἴηται
1139 794 1178 829 τῷ
1191 794 1245 829 (70)
1259 794 1346 828 ἁπλῆς
1365 791 1434 820 εἶναι
1454 793 1569 828 φύσεως,
1582 793 1598 828 ἢ
1612 793 1672 820 ὅλον
1684 794 1740 828 (71)
1753 793 1818 828 ἄλη-

1036 849 1100 867 πτον
1115 836 1194 873 εἶναι,
1216 840 1232 876 ἢ
1254 840 1352 871 τελέως
1371 840 1483 875 ληπτόν.
1498 840 1530 865 Τί
1549 839 1603 875 γὰρ
1617 839 1645 866 ὂν
1661 840 1748 875 ἁπλῆς
1763 840 1819 866 ἐστι

1037 886 1153 921 φύσεως,
1167 886 1376 922 ἐπιζητήσωμεν
1389 886 1455 921 (72).
1471 886 1507 912 Οὐ
1522 886 1575 922 γὰρ
1589 886 1621 922 δὴ
1640 886 1720 913 τοῦτο
1740 886 1820 921 φύσις

1035 931 1118 967 αὐτῷ,
1133 933 1149 966 ἡ
1164 931 1293 967 ἁπλότης·
1307 931 1385 967 εἴπερ
1399 931 1465 966 μηδὲ
1477 933 1533 962 τοῖς
1553 932 1698 964 συνθέτοις,
1710 933 1740 959 τὸ
1750 930 1819 960 εἶναι

1037 978 1116 1013 μόνον
1129 977 1183 1013 (75)
1197 976 1332 1009 συνθέτοις

202 1024 384 1058 templandum
408 1024 540 1060 difﬁcilis,
566 1026 645 1060 idque
672 1026 756 1053 solum
785 1026 811 1053 in
835 1033 868 1053 eo
895 1026 974 1060 plane
1004 1025 1195 1060 comprehendi
1228 1029 1326 1060 potest,
1362 1024 1433 1058 quod
1456 1024 1603 1051 immensus
1619 1024 1670 1057 sit;
1704 1024 1820 1060 quamli-

202 1071 248 1097 bet
273 1071 370 1105 aliquis
391 1072 538 1105 existimet,
554 1081 626 1106 eum,
647 1074 709 1107 quia
729 1074 858 1108 simplicis
875 1079 976 1100 natura!
995 1074 1041 1105 sit,
1070 1074 1201 1101 rationem
1237 1073 1307 1100 hanc
1345 1073 1453 1105 habere,
1481 1076 1510 1099 ut
1544 1072 1585 1099 vel
1611 1071 1684 1099 nullo
1708 1073 1819 1100 omnino

203 1117 282 1144 modo
305 1117 495 1150 comprehendi
519 1119 612 1152 possit,
640 1119 682 1146 vel
705 1118 781 1153 plene
802 1119 972 1154 perfectoque
990 1118 1074 1153 848
1111 1117 1301 1152 comprehendi
1325 1122 1415 1151 queat.
1449 1117 1518 1150 Quid
1546 1118 1616 1145 enim
1648 1117 1683 1145 sit
1698 1117 1751 1151 ille,
1769 1127 1820 1145 na-

203 1169 263 1191 tura
285 1164 408 1199 simplex,
426 1165 608 1200 exquiramus.
624 1165 716 1202 Neque
729 1167 801 1194 enim
816 1167 974 1202 simplicitas
994 1167 1031 1193 illi
1053 1171 1147 1194 natura
1172 1171 1222 1194 est.
1256 1164 1472 1200 quandoquidem
1498 1172 1549 1192 nec
1571 1165 1728 1200 compositis
1764 1165 1821 1194 sola

201 1211 363 1244 compositio

240 1255 283 1282 IV.
303 1256 362 1283 Jam
382 1263 458 1288 vero,
484 1265 544 1284 cum
572 1258 739 1286 immensitas
752 1258 876 1286 bifariam
894 1258 983 1286 consi-

1072 1257 1107 1282 A'.
1132 1254 1198 1289 Διχῆ
1218 1253 1246 1280 δὲ
1268 1252 1314 1279 τοῦ
1337 1253 1451 1287 ἀπείρου
1472 1254 1674 1291 θεωρουμένου,
1699 1257 1770 1284 κατά
1791 1264 1823 1284 τε

202 1300 322 1333 deretur,
348 1308 445 1336 nempe
465 1306 491 1329 et
512 1303 648 1338 principii,
667 1308 693 1330 et
708 1303 769 1330 finis
786 1304 891 1331 ratione
909 1304 983 1338 (nam

1038 1300 1124 1336 ἀρχὴν
1142 1300 1189 1326 καὶ
1203 1299 1276 1330 τέλος
1289 1298 1329 1334 (τὸ
1340 1299 1394 1335 γὰρ
1411 1300 1479 1336 ὑπὲρ
1492 1300 1587 1333 ταῦτα,
1600 1303 1645 1328 καὶ
1660 1302 1696 1338 μὴ
1714 1303 1743 1329 ἐν
1761 1302 1823 1330 τού-

202 1345 274 1379 quod
296 1353 376 1380 supra
400 1346 458 1374 bzec
481 1353 532 1380 est,
563 1356 612 1376 nec
627 1349 670 1376 bis
683 1349 845 1381 continetur,
871 1349 986 1376 immen-

205 1399 265 1417 sum
280 1392 348 1425 est);
360 1400 419 1419 cum
433 1393 459 1420 in
471 1394 593 1428 superius
606 1394 766 1428 profundqu
781 1403 856 1422 mens
869 1395 983 1429 aspexit,

205 1437 232 1463 in
250 1436 342 1465 formis
352 1438 415 1470 illis,
430 1446 496 1473 quas
511 1440 561 1467 sibi
575 1440 608 1467 de
623 1441 677 1468 Deo
688 1440 799 1476 efﬁngit,
812 1449 864 1468 non
882 1442 985 1469 habens

208 1483 252 1509 ubi
273 1483 401 1510 consistat
413 1488 440 1510 et
454 1485 593 1516 innitatur,
608 1485 766 1512 immensum
781 1486 832 1513 hoc
842 1486 984 1520 exitusque

203 1535 311 1561 expers,
323 1530 480 1562 anarchum,
489 1530 539 1557 hoc
549 1534 600 1564 est,
610 1531 740 1565 principio
753 1538 857 1564 carens,
867 1532 984 1567 appella-

1039 1355 1107 1378 τοις,
1133 1346 1266 1381 ἄπειρον),
1283 1345 1346 1371 ὃταν
1366 1345 1416 1380 μὲν
1435 1346 1475 1377 είς
1491 1346 1536 1373 τὸν
1557 1347 1613 1374 ἄνω
1632 1347 1710 1382 βυθὸν
1726 1349 1740 1375 ὁ
1762 1349 1823 1381 νοῦς

1033 1391 1173 1427 ἀποσλέψῃ
1185 1412 1192 1424 ,
1207 1391 1257 1418 οὐκ
1278 1390 1347 1426 ἔχων
1361 1391 1421 1418 ὅποι
1440 1393 1488 1427 στῇ
1504 1393 1551 1419 καὶ
1568 1393 1746 1429 ἀπερείσηται
1760 1395 1822 1427 ταῖς

1032 1438 1095 1474 περὶ
1108 1438 1176 1464 Θεοῦ
1196 1438 1366 1472 φαντασίαις,
1379 1438 1409 1465 τὺ
1426 1438 1542 1466 ἐνταῦθα
1556 1439 1668 1475 ἄπειρον
1681 1441 1728 1467 καὶ
1742 1441 1822 1468 ἀνέκ-

1031 1484 1122 1517 6ατον,
1142 1484 1259 1519 ἄναρχον
1276 1484 1514 1520 προσηγόρευσεν·
1531 1486 1594 1512 ὅταν
1608 1485 1636 1512 δὲ
1657 1487 1696 1518 είς
1709 1487 1756 1513 τὸν
1773 1487 1822 1514 κά-

1032 1539 1070 1556 τω
1085 1530 1151 1565 (τι),
1164 1530 1210 1556 καὶ
1223 1530 1257 1556 τὰ
1271 1529 1344 1565 ὲξῆς,
1368 1530 1501 1558 ἀθάνατον
1518 1531 1565 1558 καὶ
1582 1532 1745 1568 ἀνώλεθρον·
1759 1533 1822 1560 ὅταν

203 1581 214 1597 \
222 1573 250 1599 it:
259 1581 318 1600 cuin
326 1580 413 1601 autem
423 1575 454 1602 ad
463 1576 590 1602 inferiora
600 1577 666 1608 hzec,
675 1583 702 1604 et
709 1577 867 1612 posteriora,
877 1578 983 1604 immor-

1034 1576 1061 1602 δὲ
1085 1575 1181 1612 συνέλῃ
1194 1575 1224 1602 τὸ
1241 1577 1308 1609 πᾶν,
1323 1575 1439 1603 αἰώνιον.
1455 1576 1527 1603 Alth
1547 1577 1616 1613 γὰρ,
1634 1565 1695 1604 οὔτε
1716 1580 1820 1614 χρόνος,

205 1618 258 1646 tale
273 1623 352 1653 atque
377 1620 501 1648 interitus
522 1629 619 1655 expers
634 1629 712 1649 :cum
735 1628 823 1650 autent
839 1628 984 1658 utrumque

203 1666 390 1696 contraxerit.
423 1671 449 1693 et
477 1666 633 1701 collegerit,
665 1672 804 1695 aeternum.
835 1669 983 1696 Eternitas

204 1711 287 1743 enim,
305 1719 354 1738 nec
367 1715 482 1746 tempus,
501 1720 549 1739 nec
567 1713 694 1747 temporis
713 1721 775 1748 pars
795 1714 848 1741 ulla
865 1719 917 1746 est;
935 1723 983 1742 nec

208 1757 279 1783 enim
294 1756 320 1783 in
338 1765 490 1784 mensuram
519 1759 609 1791 cadit;
634 1760 680 1787 sed
699 1761 769 1794 quod
789 1761 866 1788 nobis
880 1767 984 1796 tempus

204 1805 257 1834 est,
286 1801 350 1828 solis
375 1807 447 1828 motu
475 1802 629 1834 definitum,
645 1803 695 1830 hoc
708 1804 817 1831 mternis
834 1811 919 1831 :evum
931 1809 983 1835 est,

206 1848 333 1874 nimirum
350 1848 394 1876 ille
409 1849 484 1883 quasi
511 1850 669 1884 temporalis
697 1849 806 1883 quidam
830 1854 928 1883 motus,
957 1855 985 1877 et

204 1895 383 1928 intervallum,
406 1897 475 1930 quod
498 1896 577 1922 simul
598 1903 658 1923 cum
685 1896 793 1923 aeternis
818 1897 983 1923 extenditur.

203 1943 294 1975 Atque
320 1941 376 1968 hmc
396 1941 474 1968 nobis
492 1943 517 1968 iu
534 1942 676 1976 prtesentia
701 1941 734 1968 de
747 1941 810 1968 εἰ)εο
831 1941 902 1968 dicta
919 1942 982 1969 sint.

203 1986 295 2020 Neque
318 1987 387 2013 enim
414 1986 490 2021 plura
514 1987 648 2014 disserere
673 1987 752 2021 hujus
773 1991 815 2014 est
837 1987 983 2021 temporis,

204 2032 419 2066 quandoquidem
441 2032 517 2059 nobis
537 2033 587 2060 hoc
609 2033 678 2065 loco,
703 2041 755 2060 non
770 2034 802 2060 de
817 2033 863 2060 Dei
877 2037 983 2064 natura.

204 2075 249 2102 sed
268 2075 300 2102 dc
315 2076 464 2103 oeconomia
488 2075 610 2103 instituta
624 2081 665 2103 est
681 2078 779 2104 oratio.
798 2077 880 2104 Deum
904 2085 984 2111 porro

204 2129 267 2149 eum
286 2121 356 2155 dico,
371 2121 491 2154 Patrem,
505 2125 532 2148 et
546 2121 653 2154 Filium,
671 2127 698 2149 et
716 2123 845 2157 Spiritum
861 2127 983 2152 sanetum

203 2157 280 2199 dico,
306 2175 354 2195 nec
379 2167 448 2194 ultra
469 2167 524 2194 haec
544 2175 604 2195 sese
632 2167 795 2196 diffundente
817 2169 925 2200 deitate,
952 2175 985 2194 ne

205 2214 316 2241 deorum
340 2214 445 2241 turbam
467 2214 640 2247 inducamus,
667 2222 715 2241 nec
738 2222 831 2241 rursus
846 2214 915 2241 intra
929 2214 985 2241 haec

1034 1622 1094 1648 οὔτε
1110 1622 1206 1657 χρόνου
1221 1630 1248 1647 τι
1268 1622 1359 1657 μέροςο
1375 1623 1434 1649 οὐδὲ
1448 1623 1502 1659 γὰρ
1520 1623 1663 1659 μετρητόν·
1677 1624 1734 1651 ἀλλ’
1753 1626 1821 1662 ὅπερ

1034 1669 1098 1704 ἡμῖν
1114 1669 1127 1694 ό
1144 1668 1257 1704 χρόνος,
1272 1667 1348 1704 ἡλίου
1372 1669 1443 1704 φορᾷ
1459 1669 1642 1705 μετρούμενος
1652 1689 1660 1700 ,
1673 1671 1753 1697 τοῦτο
1767 1673 1824 1703 τοῖς

1034 1714 1129 1745 ἀϊδίοις
1146 1714 1229 1745 αἰὼν,
1250 1713 1282 1740 τὸ
1307 1715 1605 1750 συμπαρεκτεινόμενον
1624 1716 1679 1751 (75)
1701 1718 1757 1748 τοῖς
1778 1715 1823 1743 οὗ·

1035 1767 1077 1785 σιν
1099 1759 1170 1794 (76),
1194 1756 1249 1785 οἷον
1275 1768 1301 1785 τι
1327 1760 1452 1795 χρονικὺν
1471 1761 1575 1796 κίνημα
1602 1761 1650 1788 καὶ
1676 1761 1820 1797 διάστημα.

1035 1805 1127 1832 Ταῦτά
1153 1813 1197 1840 μοι
1222 1805 1288 1840 περὶ
1310 1805 1378 1831 Θεοῦ
1403 1806 1627 1842 πεφιλοσοφήσθω
1647 1807 1730 1834 τανῦν
1754 1808 1820 1842 (77).

1035 1850 1100 1877 Οὐδὲ
1126 1849 1180 1886 γὰρ
1202 1850 1273 1885 ὑπὲρ
1297 1849 1382 1877 ταῦτα
1405 1851 1514 1886 καιρὸς,
1529 1852 1569 1878 ὅτι
1593 1852 1630 1887 μὴ
1653 1851 1777 1887 θεολογία
1791 1853 1822 1879 τὺ

1035 1895 1213 1931 προκείμενον
1227 1897 1292 1931 ἡμῖν
1302 1916 1309 1929 ,
1325 1896 1382 1922 ἀλλ’
1396 1898 1533 1933 οἰκονομία
1548 1898 1614 1933 (78).
1629 1898 1697 1925 Θεοῦ
1714 1899 1743 1926 δὲ
1758 1899 1822 1926 ὅταν

1035 1943 1113 1974 εἴπω,
1130 1942 1202 1976 λέγω
1217 1942 1334 1977 Πατρὸς,
1351 1944 1398 1969 καὶ
1414 1944 1489 1976 Υἱοῦ,
1504 1945 1549 1970 καὶ
1561 1945 1639 1979 ἁγίου
1653 1945 1819 1980 Πνεύματος·

1034 1988 1096 2015 οὔτε
1119 1989 1188 2024 ὑπὲρ
1210 1989 1296 2015 ταῦτα
1322 1989 1371 2024 τῆς
1396 1989 1521 2025 θεότητος
1544 1991 1692 2026 χεομένης,
1716 1992 1758 2018 ἵνα
1783 1991 1820 2026 μὴ

1035 2034 1119 2069 δῆμον
1137 2034 1206 2061 θεῶν
1228 2035 1431 2070 εἰσαγάγωμεν·
1453 2035 1514 2063 οὔτε
1528 2036 1603 2068 ἐντὸς
1621 2036 1723 2063 τούτων
1734 2037 1821 2072 ὁριζο-

1036 2081 1130 2115 μένης,
1145 2081 1187 2107 ἵνα
1204 2080 1241 2115 μὴ
1261 2082 1355 2107 πενίαν
1371 2081 1497 2116 θεότητος
1509 2081 1728 2117 κατακριθῶμεν,
1744 2081 1760 2116 ἦ
1778 2081 1821 2107 διὰ

1033 2129 1082 2165 τὴν
1106 2129 1254 2164 μοναρχίαν
1283 2129 1471 2161 Ἰουδαῗζοντες
1482 2129 1549 2163 (79),
1571 2129 1587 2163 ἢ
1611 2129 1654 2155 διὰ
1670 2129 1718 2164 τὴν
1739 2127 1821 2163 ἀφθο-

1034 2174 1093 2201 νίαν
1123 2174 1327 2208 Ἐλληνίζοντες.
1353 2174 1393 2199 Τὸ
1414 2173 1466 2209 γὰρ
1492 2174 1576 2200 κακὸν
1604 2175 1633 2200 ὲν
1657 2173 1822 2208 ἀμφοτέροις

1035 2219 1136 2253 ὅμοιον,
1151 2218 1202 2244 κᾶν
1218 2218 1245 2244 ὲν
1262 2218 1318 2253 (80)
1339 2219 1396 2249 τοῖς
1411 2218 1542 2250 ἐναντίοις
1558 2218 1729 2253 εὑρίσκηται.
1744 2218 1820 2244 Οὕτω

205 2261 278 2287 finita
305 2265 386 2294 atque
409 2260 540 2291 restricta.
560 2268 593 2287 ne
616 2261 763 2288 divinitatis
788 2261 877 2295 inopia
900 2260 982 2294 premi

1039 2246 1087 2298 μὲν
1108 2246 1154 2289 οἶιν
1175 2262 1209 2288 τὰ
1229 2246 1315 2296 ’Ἅγιοι
1332 2246 1393 2288 τῶν.
1401 2263 1500 2296 ἁγίων,
1517 2246 1541 2289 ἂν
1559 2246 1605 2289 καί).
1623 2246 1678 2295 τοῖς
1700 2263 1820 2298 σεραφὶμ

203 2306 361 2340 iudicemur,
380 2306 419 2333 vel
438 2310 547 2340 propter
560 2307 639 2334 unius
653 2307 832 2342 principatum
846 2306 984 2334 .ludaismo

239 2409 294 2444 (6(3)
319 2410 552 2444 Κεκαθιιρμένον.
573 2409 638 2443 Reg.
668 2409 714 2442 ph,
730 2407 813 2435 Savii.
836 2412 863 2435 et
875 2407 980 2439 Comb.,

203 2445 427 2480 κεκαθαρμέιιων.
448 2454 457 2470 ι
469 2452 528 2471 cum
544 2445 647 2477 purgati
665 2444 802 2480 fuerimus,
816 2452 825 2468 ι

239 2479 294 2511 (H7)
313 2478 433 2506 "Earini.
450 2480 516 2512 Reg.
534 2480 566 2512 ph
578 2484 605 2505 et
621 2480 666 2505 0r.
685 2479 709 2508 1,
721 2478 825 2504 ἑαυτόν.

240 2515 294 2547 ίῦδ)
316 2513 489 2548 Ἐργάζήτίιι.
502 2515 608 2544 Comb.,
629 2513 826 2548 ἀπεργάζηται.

251 2549 295 2583 09)
319 2549 389 2580 Τοὺς
414 2548 661 2583 τινωσκομέτόυς.
696 2549 765 2580 (Qui
789 2553 981 2583 cognoscunt,»

206 2591 268 2614 non,
286 2593 295 2608 ‹
308 2588 516 2617 cognoscuntur,
530 2582 548 2608 »⁷
558 2590 585 2609 ιιι
605 2584 704 2609 Dillius.
718 2583 818 2609 Alludit
833 2583 903 2609 enim
917 2582 984 2609 Gre-

205 2619 297 2652 gorius
309 2619 341 2645 ad
357 2620 412 2645 lucc
426 2619 542 2652 Aposmli
556 2619 646 2650 verba,
663 2619 671 2644 Ι
687 2618 749 2645 Cor.
769 2625 827 2648 xttt.
844 2618 888 2650 12,
903 2626 912 2642 t
924 2622 984 2644 tunc

205 2658 294 2680 autem
312 2661 468 2687 cognoscant
486 2655 555 2679 sicut
567 2659 592 2679 et
605 2655 727 2687 cognitus
739 2660 808 2679 sum.
825 2661 834 2677 ι

241 2687 298 2722 (70)
313 2689 414 2721 Οϊητιιι
429 2687 479 2720 τῷ.
495 2687 562 2719 Jes.,
581 2688 640 2714 Par.
658 2694 685 2715 et
698 2687 793 2719 Savil.,
805 2687 890 2713 οἴεται
904 2687 943 2714 τό.

205 2730 208 2733 ’
241 2723 295 2758 (71)
315 2723 412 2758 Ὅλογ.
431 2722 503 2758 Pan,
521 2723 596 2754 ὅλως.

242 2757 297 2792 (72)
320 2757 565 2792 Ἐπιζητήσωμεν.
582 2758 627 2784 Sic
641 2757 722 2792 Regg.
741 2757 797 2789 bm,
814 2757 860 2792 ph,
875 2761 927 2784 etc.
943 2757 988 2783 Sic

205 2793 287 2828 etiam
302 2792 403 2828 B.|lius_.
416 2792 442 2818 In
453 2797 507 2823 ed.,
521 2793 729 2828 ἐπιζητήσομεν.

223 2827 298 2889 ᾖ(75)
318 2826 352 2853 Τὸ
373 2825 448 2854 εἶναι
460 2828 564 2861 μόνον.
587 2825 634 2854 Siti
648 2825 730 2855 Cbisl.
745 2827 771 2854 Ξ.
792 2826 819 2853 1η
832 2827 886 2859 cd.,
909 2827 988 2862 μόνον

246 2870 322 2888 ειναι.

207 2870 237 2888 το
246 2870 259 2887 ε
264 2870 322 2888 ιναι.

243 2897 299 2932 (74)
316 2898 367 2930 Εἰς
383 2896 436 2923 τὸν
446 2897 532 2924 κάτω.
567 2897 649 2932 Regg.
667 2898 722 2930 but,
741 2898 788 2932 pb,
803 2902 867 2930 etc.,
895 2897 934 2928 εἰς
954 2896 988 2923 τὰ

1038 2308 1264 2339 συγκαλύπτεται,
1283 2308 1329 2334 καὶ
1346 2307 1485 2340 δοξάζεται
1504 2308 1592 2345 τρισὶν
1609 2308 1764 2343 ἀγιασμοῖς,
1780 2309 1820 2340 εἰς

1035 2408 1120 2434 κάτω.
1137 2406 1237 2440 Gloss.,
1252 2407 1290 2437 εἰς
1305 2406 1338 2432 τὰ
1353 2405 1496 2441 μέλλοντα,
1512 2414 1522 2431 ‹
1534 2405 1566 2432 ad
1582 2405 1720 2438 ulteriora,
1732 2406 1766 2432 ad
1780 2404 1820 2432 fu-

1035 2447 1103 2469 tura.
1119 2451 1128 2467 ι

1069 2477 1124 2511 (75)
1140 2476 1175 2502 Τὸ
1187 2476 1528 2511 συμπαρεκτεινόμενον.
1545 2484 1554 2499 t
1566 2474 1630 2511 Illud
1646 2482 1732 2502 awum
1746 2474 1817 2509 quod

1034 2509 1113 2538 sintul
1126 2519 1185 2537 cum
1206 2509 1395 2537 exsistentibus
1411 2510 1489 2537 rebus
1506 2509 1668 2536 extenditur.
1682 2519 1691 2535 ι

1082 2545 1125 2579 76)
1140 2545 1203 2578 Τοῖς
1213 2543 1312 2572 οὖσιν.
1332 2546 1425 2572 (Zomb.
1439 2554 1446 2571 ε
1467 2554 1476 2569 t
1493 2543 1692 2579 Spirilualibus.
1706 2554 1716 2569 ι

1081 2578 1124 2614 77)
1144 2579 1400 2614 Περιλοσοφήσθω
1418 2579 1519 2606 τανῦν.
1544 2578 1572 2605 lu
1591 2579 1736 2610 nonnullis,
1768 2587 1817 2605 πε-

1034 2615 1230 2650 φιλοσοφείσθω
1240 2615 1270 2641 τὸ
1285 2615 1341 2641 νῦν.

1070 2651 1124 2685 (78)
1140 2650 1305 2684 οἰκονομία.
1321 2659 1330 2675 ‹
1342 2649 1380 2676 De
1394 2649 1542 2676 oeconomia
1554 2657 1596 2685 ς)
1615 2648 1640 2675 id
1655 2653 1707 2680 est,
1731 2648 1814 2685 inquit

1036 2683 1155 2717 Nicetes,
1186 2694 1194 2710 ι
1209 2683 1247 2711 (18⁷
1268 2684 1462 2711 lncarnationis
1489 2683 1601 2710 consilio
1623 2688 1647 2709 et
1661 2684 1811 2710 ceconomia

1036 2721 1167 2747 disserere
1178 2719 1375 2754 proposuimus.
1388 2728 1396 2744 ι
1421 2719 1460 2745 Ex
1474 2719 1575 2754 quibus
1585 2717 1674 2744 forsan
1686 2718 1814 2754 colligen:

1036 2756 1098 2782 dum
1113 2752 1193 2785 esset.
1202 2752 1258 2781 haec
1268 2761 1300 2781 ex
1307 2754 1429 2781 oratione
1445 2754 1477 2780 dc
1491 2753 1633 2780 Nativitate
1640 2758 1777 2787 excerpta,
1784 2752 1816 2779 ab

1038 2790 1245 2817 amanuensibus
1260 2790 1311 2816 huc
1324 2788 1406 2816 fuisse
1419 2788 1557 2815 translata.

1072 2825 1127 2860 (79)
1147 2823 1360 2857 Ἰουδαΐζοντες.
1383 2822 1467 2850 ,ιυόωί
1494 2830 1573 2850 unam
1593 2827 1697 2850 tantum
1716 2822 1744 2850 in
1759 2820 1819 2850 Deo

1036 2867 1176 2895 personant
1195 2860 1382 2895 agnoscebant.

1074 2894 1127 2930 (80)
1144 2891 1302 2922 ‘EufDeest
1315 2894 1340 2921 in
1352 2893 1442 2928 lRegg.
1458 2901 1486 2926 c,
1500 2892 1515 2919 d
1526 2897 1551 2919 et
1567 2891 1622 2919 Jes.
