2027 3135
175 204 228 233 629

637 206 765 233 ORATIO
786 205 866 233 XLV.
887 220 921 225 —
941 205 973 232 IN
996 206 1158 235 SANCTU.“
1178 208 1320 237 PASCHA.

1740 211 1792 239 630

175 263 239 298 μίαν
256 261 376 288 συνιοῦσι
394 262 541 298 κυριότητα
561 263 608 290 καὶ
629 264 751 300 θεότητα·
767 265 835 300 ὅπερ
849 264 895 290 καὶ
908 264 961 298 (81]

1017 264 1147 298 faventes,
1165 267 1206 294 vcl
1224 272 1333 302 propter
1343 267 1453 294 ell‘usam
1468 267 1578 294 deorum
1596 267 1792 297 multitudinem

122 326 125 330 η
169 308 244 344 ἄλλῳ
262 308 317 335 τινὶ
332 308 386 335 τῶν
404 308 459 344 (82)
473 309 525 345 πρὸ
542 308 618 344 ἡμῶν
633 310 846 345 πεφιλοσόφηται
867 309 959 336 κάλλι-

171 353 221 379 στά
235 361 265 379 τε
280 353 327 379 καὶ
341 353 504 388 ὑψηλότατα.

1013 310 1175 344 gentilismo.
1201 311 1267 339 Nam
1293 312 1435 346 utrobique
1452 312 1549 339 malum
1563 313 1665 346 aequale
1678 318 1729 344 est,
1750 319 1791 340 ta—

1014 355 1092 382 metsi
1110 355 1135 383 in
1149 357 1292 385 contrariis
1314 358 1474 391 reperiatur.
1487 358 1533 385 Sic
1549 358 1674 384 nimirum
1692 358 1791 386 Sancta

170 400 339 429 sanctorum,
358 405 416 431 qua:
438 398 518 424 etiam
533 405 548 424 a
577 399 727 433 seraphinis
759 399 930 432 obtegunlur,
950 404 981 424 ac
1002 397 1086 425 tribus
1118 401 1375 429 sanctiﬁcationibus
1397 403 1424 430 in
1443 411 1523 430 unam
1540 403 1749 430 dominationem
1764 409 1792 431 et

171 444 299 471 deitatem
317 445 486 476 coeuntibus,
515 445 684 473 celebrantur
705 447 733 480 ",
753 445 979 481 quemadmodum
998 449 1024 471 et
1039 445 1108 473 alius
1126 448 1234 482 quidam
1272 454 1334 476 aute
1353 457 1400 476 nos
1419 450 1599 485 pulcherrime
1611 455 1638 477 et
1653 449 1792 477 sublimis-

172 493 241 519 sime
254 492 459 527 philosophatus
473 497 523 520 est.

206 541 246 567 E’.
274 541 350 567 Ἐπεὶ
373 540 401 567 δὲ
425 541 475 567 οὐκ
495 541 573 576 ἤρκει
594 541 627 575 τῇ
650 540 794 574 ἀγαθότητι
818 538 912 570 τοῦτο,
928 537 959 564 τὸ

170 584 304 612 κινεῖσθαι
319 585 398 620 μόνον
419 586 450 620 τῇ
465 585 565 619 ἑαυτῆς
581 585 697 620 θεωρίᾳ,
712 584 767 610 ἀλλ’
783 583 834 610 ἔδει
848 583 958 618 χεῡῆναι

171 631 201 657 τὸ
215 630 316 664 ἀγαθὸν
333 631 379 657 καὶ
394 630 518 663 ὁδεῦσαι,
537 631 574 662 ὡς
594 629 702 656 πλείονα
715 627 783 656 εἶναι
799 630 832 656 τὰ
848 629 958 664 εὐεργε-

170 676 291 711 τούμενα
306 676 394 710 (τοῦτο
406 676 460 711 γὰρ
473 677 521 711 τῆς
539 676 625 711 ἄκρας
635 673 669 711 ἦν
685 675 870 710 ἀγαθότητος)·
885 674 960 710 πρῶ-

170 729 216 746 τον
238 721 287 755 μὲν
311 721 397 747 ἐννοΞῖ
419 721 467 752 τὰς
494 721 640 755 ἀγγελικὰς
661 720 788 756 δυνάμεις
812 720 858 746 καὶ
878 720 957 755 οὖρα-

171 767 255 797 νίους·
275 767 321 794 καὶ
336 767 366 793 τὺ
387 767 504 802 ἐννόημα
527 767 606 802 ἔργον
622 765 671 802 ἦν.
689 767 767 802 Λόγῳ
783 766 957 802 συμπληρού-

174 822 255 848 μενον
265 833 272 845 ,
297 814 343 839 καὶ
360 813 499 848 Πνεύματι
513 812 712 847 τελειούμενοψ
731 812 776 838 καὶ
792 811 893 843 οὕτως.
908 812 958 837 ὑπ-

171 859 184 885 έ
189 868 236 895 στη
242 868 291 885 σαν
299 859 332 885 λα
337 859 488 894 μπρότητες
508 859 640 891 δεύτεραι,
657 858 742 884 λειτου
747 858 805 893 ργοὶ
820 857 870 893 τῆς
885 856 959 892 πρώ-

171 914 222 939 της
243 906 452 941 λαμπρότητος,
470 905 524 932 εἴτε
549 904 629 940 νοερὰ
646 904 800 939 πνεύματα,
822 903 875 929 εἴτε
893 902 957 937 πῦρ,

172 948 227 978 οῖον
240 951 320 978 ἆῡλον
336 952 382 977 καὶ
398 950 551 986 ἀσώματον,
569 950 624 976 εἴτε
643 950 703 976 τινὰ
723 949 802 983 φύσιν
817 948 899 984 ἄλλην
920 949 960 974 ὅτι

172 998 313 1032 ὲγγυτάτυ.
340 997 395 1033 (85)
418 997 472 1024 τῶν
495 997 658 1033 εἰρημένων,
672 996 772 1027 ταύτας
786 995 841 1031 (84)
864 995 962 1029 ὑπολη-

172 1044 264 1070 πτέον.
281 1044 416 1078 Βούλομαι
440 1043 488 1079 μὲν
510 1044 613 1074 εἰπεῖν,
634 1043 673 1069 ὅτι
688 1042 830 1077 ἀκινήτους
850 1042 918 1076 προς
931 1041 961 1067 τὸ

172 1090 269 1123 κακὸν,
294 1090 341 1117 καὶ
366 1090 449 1125 μόνην
470 1089 584 1124 ἐχούσας
605 1088 653 1124 τὴν
675 1088 722 1115 τοῦ
742 1087 824 1115 καλοῦ
844 1088 960 1122 κίνησιν,

173 1137 221 1163 ἆτε
237 1137 303 1172 περὶ
316 1136 381 1162 Θεὸν
393 1135 475 1167 οὔσας
485 1156 492 1167 ,
507 1136 552 1162 καὶ
568 1134 602 1161 τὰ
624 1135 718 1170 πρῶτα
733 1135 765 1161 ἐκ
777 1133 843 1160 Θεοῦ
858 1133 962 1168 λαμπο-

143 1177 145 1209 !
175 1181 259 1215 μένας
275 1180 318 1216 (τὰ
331 1180 385 1216 γὰρ
404 1179 520 1206 ἐνταῦθα
540 1179 668 1214 δευτέρας
681 1178 860 1214 ὲλλάμψεως)ο
874 1177 961 1204 πείθει

144 1237 145 1262 ἦ
172 1226 201 1252 δέ
220 1235 264 1261 με.
289 1226 327 1262 μὴ
349 1226 511 1261 ἀκινήτους,
532 1225 599 1252 ἀλλὰ
621 1225 795 1260 δυσκινήτους
819 1223 892 1259 (85),
915 1223 961 1250 καὶ

138 1276 145 1313 l
174 1271 377 1307 ὑπολαμϐάνειν
394 1272 494 1303 ταύτας
511 1271 557 1297 καὶ
573 1270 673 1305 λέγειν,
691 1271 704 1297 ὁ
719 1270 762 1297 διὰ
776 1271 826 1305 τὴν
839 1269 961 1304 λαμπρό-

173 1326 243 1353 τητα
261 1318 430 1354 Ἐωσφόρος,
452 1318 545 1349 σκότος
563 1318 607 1344 διὰ
625 1317 674 1352 τὴν
698 1317 810 1350 ἔπαρσιν
824 1316 871 1342 καὶ
883 1315 960 1350 γενό-

175 1372 256 1399 μενος
278 1365 326 1391 καὶ
341 1364 503 1398 λεγόμενος,
522 1363 551 1390 αἵ
569 1371 598 1390 τε
620 1363 664 1389 ὑπ’
682 1362 761 1389 αὑτὸν
783 1361 961 1388 ἀποστατικαὶ

173 1403 312 1442 δυνάμεις)
327 1407 488 1443 δημιουργοὶ
501 1408 550 1443 τῆς
562 1408 659 1439 κακίας
673 1409 705 1434 τῖε
718 1406 765 1433 τοῦ
779 1406 861 1434 κοιλοῦ
877 1408 960 1442 φυγῇ,

173 1454 223 1481 καὶ
239 1455 306 1489 ἡμῖν
322 1453 456 1489 πρόξενοι.

1046 536 1079 563 ν.
1101 538 1231 571 Quoniam
1252 544 1346 578 autem
1367 539 1480 567 bonitati
1510 539 1621 568 minime
1643 541 1709 568 satis
1733 545 1792 568 erat

1015 591 1061 610 sua
1084 584 1168 618 ipsius
1195 586 1280 613 solum
1306 586 1529 621 contemplatione
1553 589 1666 620 moveri,
1680 588 1727 615 sed
1743 587 1791 615 bo-

1012 636 1076 655 num
1107 629 1217 656 diffundi
1249 638 1280 658 ac
1307 633 1449 666 propagari
1473 634 1632 667 oportebat,
1658 637 1687 659 ut
1714 633 1791 667 plura

1010 680 1111 708 essent,
1132 684 1191 710 qua:
1214 677 1344 704 beneﬁcio
1358 676 1530 705 aﬂicereutur
1545 677 1583 714 (id
1594 679 1665 705 enim
1679 686 1792 706 summa:

1013 721 1140 750 bonitatis
1154 724 1233 757 erat),
1249 723 1363 758 primum
1384 724 1501 759 angelos,
1524 729 1552 752 et
1565 725 1689 753 caelestes
1711 725 1792 759 spiri-

1012 771 1054 794 tus
1068 767 1214 802 cogitavit;
1231 774 1311 804 atque
1334 769 1377 796 illa
1405 770 1533 804 cogitatio
1555 778 1622 805 opus
1636 775 1705 804 erat,
1720 771 1792 805 quod

1011 812 1099 840 Verbo
1113 814 1320 847 conﬁciebatur,
1334 822 1365 842 ac
1377 814 1479 849 Spiritu
1491 815 1695 850 perﬁciebatur;
1711 821 1792 852 atque

1012 859 1047 885 ita
1065 860 1174 887 secundi
1189 861 1347 895 splendores
1369 862 1505 896 procreati
1520 867 1594 895 sunt,
1611 863 1690 897 primi
1704 862 1793 898 splen-

1012 904 1084 932 doris
1099 905 1248 932 administri
1261 915 1268 939 ;
1282 906 1340 933 sive
1355 907 1466 941 spiritus
1479 912 1569 935 mente
1581 908 1718 942 praeditos,
1735 909 1793 936 sive

1012 950 1099 984 ignem
1129 954 1256 985 tauquam
1283 951 1402 978 materia:
1428 957 1453 979 et
1487 954 1609 987 corporis
1636 959 1790 988 expertem,

1012 995 1096 1031 849
1124 996 1181 1023 sive
1205 996 1283 1023 aliam
1310 997 1453 1031 quamdam
1472 1003 1595 1025 naturam
1617 999 1738 1034 proxime
1758 999 1792 1026 ad

1012 1047 1067 1073 eas,
1099 1048 1166 1074 quas
1193 1041 1320 1073 diximus,
1353 1042 1535 1076 accedentem,
1561 1051 1607 1071 eos
1635 1044 1792 1072 existimare

1012 1090 1129 1119 oportet.
1150 1085 1240 1114 Gestit
1265 1087 1371 1121 quidem
1395 1088 1501 1115 animus
1522 1088 1611 1116 dicere
1632 1089 1664 1116 ad
1694 1089 1791 1116 malttm

1012 1131 1174 1164 immobiles,
1205 1140 1237 1159 ac
1262 1132 1429 1160 solummodo
1456 1134 1489 1161 ad
1511 1133 1610 1161 bonum
1634 1142 1791 1169 propensos,

1011 1178 1105 1210 utphte
1118 1177 1201 1204 Deum
1213 1178 1429 1212 circumstantes,
1444 1186 1477 1206 ac
1489 1179 1618 1214 primario
1631 1180 1676 1206 Dei
1692 1180 1793 1215 fulgore

1012 1221 1177 1250 Colluceutes
1201 1223 1269 1259 (haec
1286 1223 1358 1251 enim
1377 1223 1505 1252 inferiora
1521 1225 1645 1252 secundae
1660 1225 1792 1252 illumina-

1013 1266 1093 1294 tionis
1105 1268 1176 1302 sunt)
1189 1275 1196 1300 ;
1214 1275 1318 1302 verum,
1334 1274 1363 1296 ut
1378 1277 1429 1297 non
1444 1270 1553 1298 omnino
1570 1270 1730 1303 immobiles,
1745 1272 1792 1298 sed

1011 1319 1082 1346 πετο
1100 1313 1212 1340 mobiles
1233 1314 1386 1342 existimem
1405 1322 1437 1341 ac
1455 1315 1553 1348 dicam,
1570 1315 1634 1342 mihi
1650 1316 1793 1349 persuadet

1013 1356 1067 1389 ille,
1094 1358 1128 1385 ob
1151 1358 1333 1393 splendorem,
1360 1359 1479 1394 Lucil‘er,
1508 1361 1552 1395 qui
1574 1366 1682 1396 propter
1700 1369 1793 1395 super—

1012 1402 1083 1430 biam
1109 1403 1196 1439 caligo
1213 1403 1325 1432 eﬂ'ectus
1337 1409 1389 1438 est,
1407 1413 1438 1433 ac
1455 1406 1619 1439 nominatur,
1634 1411 1661 1433 et
1679 1406 1792 1434 rebelles

1012 1449 1098 1484 angeli
1119 1449 1143 1476 ei
1168 1450 1291 1485 subjecti.
1314 1451 1370 1478 vitii
1390 1459 1437 1486 per
1451 1452 1514 1480 boni
1530 1451 1619 1487 fugam
1636 1453 1791 1485 architecti,

1012 1495 1185 1531 ejusdemque
1199 1497 1276 1524 nobis
1290 1502 1424 1525 auctores.

211 1546 240 1578 ς
247 1548 264 1572 ’.
301 1544 378 1571 Οὕτω
399 1543 448 1580 μὲν
460 1541 506 1570 οὖν
519 1543 533 1570 ὁ
547 1543 640 1579 νοητὸς
657 1542 730 1579 αὐτῷ
752 1544 799 1571 καὶ
813 1543 857 1571 διὰ
875 1543 960 1570 ταῦτα

1048 1541 1091 1569 Vl.
1110 1542 1155 1570 Sic
1182 1543 1263 1575 igitur
1290 1548 1369 1578 atque
1386 1544 1419 1571 ob
1443 1544 1491 1572 has
1508 1552 1614 1578 causas,
1636 1544 1751 1572 mundus
1771 1544 1793 1571 is

173 1591 279 1626 ὑπέστη
297 1590 399 1625 κόσμος
411 1609 419 1621 ,
448 1589 486 1621 ὠς
502 1589 551 1624 ἐμὲ
568 1589 633 1623 γοῦν
649 1589 713 1625 περὶ
734 1589 836 1616 τούτων
853 1589 960 1624 φιλοσο-

175 1636 272 1672 φῆσαι,
291 1635 381 1671 μικρῷ
395 1635 465 1670 λόγῳ
481 1634 515 1662 τὰ
531 1634 635 1670 μεγάλα
653 1633 855 1670 σταθμώμενον.
885 1635 962 1661 Ἐπεὶ

173 1683 203 1708 δὲ
219 1682 254 1709 τὰ
275 1681 371 1717 πρῶτα
396 1680 486 1712 καλῶς
513 1678 586 1715 εἶχεν
604 1680 696 1716 αὐτῷ,
729 1680 853 1716 δεύτερον
878 1681 963 1706 ὲννοεί

175 1728 288 1762 κόσμον,
304 1726 396 1753 ὑλικὸν
411 1726 457 1752 καὶ
474 1725 626 1761 ὁρώμενον·
640 1725 688 1752 καὶ
699 1722 775 1756 οὗτός
791 1726 848 1751 ἐστι
859 1744 866 1756 ,
886 1725 916 1751 τὺ
933 1724 962 1756 ἐξ

175 1772 301 1808 οὐρανοῦ,
315 1773 362 1798 καὶ
375 1772 426 1806 γῆς
435 1792 442 1804 ,
462 1772 508 1798 καὶ
528 1771 581 1797 τῶν
595 1772 623 1797 ἐν
640 1771 714 1806 μέσῳ
727 1770 782 1805 (86)
795 1769 920 1805 σύστημά
932 1778 961 1796 τε

176 1819 224 1846 καὶ
247 1818 402 1853 σύγκριμα·
420 1817 560 1844 ἐπαινετὸν
585 1817 633 1852 μὲν
648 1817 697 1851 τῆς
713 1816 772 1842 καθ’
787 1816 900 1842 ἕκαστον
916 1815 962 1841 εὑ-

177 1865 276 1899 φυῒας,
305 1863 563 1898 ἀξιεπαινετώτερον
578 1863 607 1889 δὲ
626 1862 675 1897 τῆς
690 1863 719 1895 ἐξ
736 1862 861 1888 ἁπάντων
882 1861 963 1897 εὐαρ-

178 1912 292 1946 μοστίας
312 1910 358 1937 καὶ
377 1910 551 1944 συμφωνίας,
568 1908 646 1935 ἄλλου
667 1908 734 1944 πρὸς
754 1908 816 1934 ἄλλο
831 1916 857 1934 τι
873 1907 962 1938 καλῶς

177 1956 301 1991 ἔχοντος,
320 1956 367 1982 καὶ
384 1954 493 1981 πάντων
508 1953 576 1989 πρὸς
592 1953 699 1980 ἅπαντα
709 1973 715 1985 ,
730 1953 768 1983 εἱς
789 1952 847 1983 ἐνὸς
860 1952 962 1986 κόσμου

179 2001 375 2036 συμπλήρωσιν
388 2009 394 2015 ι
413 2000 456 2026 ἵνα
471 1999 543 2034 δείξῃ
555 2019 562 2030 ,
590 1998 627 2034 μὴ
650 1998 727 2032 μόνον
752 1997 853 2024 οἰκείαν
874 1996 962 2032 ἐαυτῷ

178 2046 269 2081 φύσιν,
284 2046 353 2072 ἀλλὰ
367 2045 413 2072 καὶ
431 2045 517 2080 πάντη
535 2044 614 2078 ξένην
636 2043 839 2078 ὑποστήσασθαι
851 2043 962 2074 δυνατὸς

177 2092 225 2119 ὢν.
248 2093 355 2119 Οἰκεῖον
371 2092 420 2126 μὲν
432 2091 485 2126 γὰρ
500 2090 636 2124 θεότητος,
649 2090 676 2115 αἱ
689 2088 781 2124 νοεραὶ
797 2089 901 2122 φύσεις,
916 2089 963 2114 καὶ

177 2139 215 2174 νῷ
235 2139 309 2174 μόνῳ
334 2138 447 2173 ληπταί·
476 2137 548 2169 ξένον
565 2135 619 2170 (87)
640 2135 668 2161 δὲ
690 2134 861 2161 παντάπασιν
874 2154 881 2165 ,
904 2134 963 2160 ὅσαι

177 2185 230 2212 ὑπὸ
242 2186 291 2220 τὴν
305 2184 446 2219 αἴσθησιν·
474 2183 520 2210 καὶ
540 2181 642 2208 τούτων
661 2180 750 2208 αὐτῶν
767 2180 807 2206 ἔτι
825 2179 963 2215 πορρωτέ-

179 2240 228 2266 ρω,
243 2231 304 2257 ὅσαι
322 2228 461 2260 παντελῶς
478 2227 574 2263 ἄψυχοι
595 2227 642 2253 καὶ
655 2225 787 2261 ἀκίνητοι.

1012 1588 1210 1621 intellectualis,
1229 1589 1262 1616 ab
1284 1597 1317 1616 eo
1332 1595 1438 1617 creatus
1457 1595 1507 1623 est,
1524 1594 1656 1625 quantum
1684 1590 1792 1625 quidem

1012 1634 1068 1668 ipse
1090 1634 1122 1661 de
1145 1634 1186 1661 his
1203 1635 1283 1662 rebus
1304 1635 1488 1669 philosophari
1508 1643 1587 1670 queo,
1613 1636 1707 1670 exigua
1732 1643 1794 1663 ora-

1014 1679 1084 1706 tione
1107 1686 1150 1706 res
1173 1687 1283 1715 magnas
1311 1681 1475 1714 expendens.
1500 1681 1677 1716 Posteaquam
1704 1686 1793 1708 autem

1012 1724 1113 1759 primas
1134 1729 1224 1759 partes
1244 1725 1371 1758 prteclare
1388 1727 1546 1754 constitutas
1571 1727 1648 1760 vidit,
1679 1727 1792 1754 alterum

1012 1771 1152 1803 mundum,
1170 1772 1280 1798 materia
1301 1776 1467 1799 constantem
1487 1777 1513 1799 et
1531 1773 1720 1807 aspectabilem
1748 1781 1793 1800 co-

1013 1817 1115 1851 gitavit,
1132 1817 1201 1844 hanc
1213 1817 1340 1844 nimirum
1358 1825 1391 1845 ex
1408 1818 1486 1849 ccelo,
1505 1822 1532 1844 et
1543 1822 1626 1849 terra,
1644 1822 1671 1844 et
1685 1818 1727 1845 itis
1747 1826 1792 1845 re-

1012 1862 1062 1889 bus
1087 1869 1146 1896 quae
1159 1870 1250 1889 eorum
1264 1862 1402 1897 complexu
1424 1863 1606 1896 continentur,
1621 1869 1792 1898 coagmenta-

1014 1907 1113 1935 tionem
1127 1912 1154 1934 et
1170 1908 1368 1935 concretionem
1388 1917 1394 1934 :
1410 1908 1570 1935 laudabilem
1587 1907 1657 1934 illam
1674 1908 1792 1943 quidem,

1012 1953 1047 1979 ob
1068 1952 1232 1987 singularum
1250 1953 1365 1987 partium
1389 1952 1566 1987 elegantiam;
1584 1960 1675 1980 verum
1703 1953 1793 1981 lauda-

1013 1998 1189 2032 biliorem,oh
1200 2006 1269 2031 eam,
1286 2006 1344 2033 quae
1358 2007 1390 2026 ex
1405 1999 1537 2025 universis
1553 1999 1670 2032 exsistit,
1685 2000 1795 2027 concin-

1013 2044 1122 2070 nitatem
1137 2048 1216 2077 atque
1226 2043 1408 2076 concordiam,
1424 2043 1474 2070 alia
1490 2051 1519 2071 re
1529 2043 1652 2072 videlicet
1670 2045 1703 2072 ad
1718 2045 1790 2072 aliud

1013 2089 1138 2123 quiddam
1153 2088 1264 2124 pulchre
1278 2089 1438 2124 quadrante,
1453 2093 1533 2124 atque
1549 2090 1674 2117 omnibus
1687 2091 1719 2118 ad
1736 2098 1794 2118 om-

1014 2135 1057 2162 nia
1069 2134 1136 2161 scite
1151 2135 1381 2166 convenientibus,
1405 2135 1438 2162 ad
1455 2135 1534 2161 unius
1557 2136 1651 2162 mundi
1670 2140 1794 2162 ornatum

1013 2180 1138 2208 omnibus
1149 2180 1269 2207 numeris
1285 2179 1474 2207 absolvendum
1489 2188 1496 2212 ;
1524 2184 1553 2207 ut
1567 2180 1736 2215 perspicuum
1753 2181 1795 2207 fa-

977 2223 1149 2258 Dceret,se,
1168 2233 1221 2252 non
1245 2225 1322 2253 modo
1349 2225 1452 2259 sibiipsi
1476 2229 1615 2260 cognatam
1636 2229 1664 2253 et
1684 2226 1795 2261 propin-

177 2276 259 2311 quth
281 2280 414 2307 naturam,
435 2275 482 2302 sed
507 2274 588 2301 etiam
614 2273 723 2300 omnino
750 2272 864 2299 alienam
885 2280 962 2307 posse
982 2280 1134 2307 procreare.
1152 2273 1306 2300 Divinitatis
1338 2273 1408 2300 enirn
1445 2273 1600 2308 propinquat
1618 2277 1681 2300 sunt
1696 2273 1797 2300 intelli-

177 2328 272 2357 gentes
292 2327 404 2355 natura,
420 2329 533 2356 qumque
547 2325 636 2349 mente
650 2321 706 2348 sola
726 2321 824 2355 percipi
840 2325 960 2354 queunt;
981 2321 1077 2348 alienae
1099 2326 1188 2349 autem
1224 2322 1344 2355 omnino,
1375 2328 1543 2356 quzecunque
1567 2321 1619 2348 sub
1639 2328 1734 2349 sensus
1752 2329 1798 2349 ca-

177 2371 262 2401 dunt;
277 2373 357 2403 atque
373 2369 416 2395 bis
431 2368 518 2394 adhuc
535 2366 702 2398 remotiores,
712 2373 772 2400 qua:
785 2366 872 2392 anima
883 2365 955 2392 omni
975 2370 1002 2393 el.
1016 2371 1088 2394 motu
1101 2370 1205 2394 carent.

212 2415 253 2442 Z’.
272 2413 344 2445 Νοῦς
359 2413 407 2448 μὲν
420 2412 466 2440 οὖν
477 2413 528 2448 ήδη
542 2414 588 2440 καὶ
600 2413 724 2448 αἴσθησις
736 2412 803 2447 (88),
817 2411 903 2443 οὕτως
916 2412 963 2438 ἀπ’

177 2460 299 2495 ἀλλήλων
321 2459 493 2496 διακριθέντα
514 2459 569 2495 (89)
582 2480 589 2492 ,
617 2458 671 2485 τῶν
701 2457 772 2484 ἰδίων
797 2458 867 2493 ὅρων
887 2456 961 2489 ἐντὸς

212 2507 222 2521 ⁷
237 2506 289 2532 Isa.
304 2513 341 2538 νι,
356 2505 374 2532 2
387 2513 447 2540 sqq.

212 2553 270 2586 (8t)
284 2554 377 2587 Ὅπερ
388 2554 447 2580 καί.
465 2553 522 2580 Duo
536 2553 611 2580 Colb.
629 2557 655 2580 et
669 2553 715 2580 0r.
734 2553 760 2583 1,
771 2553 785 2579 ὃ
802 2553 856 2580 καί.

214 2588 270 2623 (82)
289 2589 348 2615 Τινὶ
365 2588 432 2615 τῶν.
461 2588 506 2615 Sic
528 2588 610 2623 [ιε-ες.
626 2588 655 2623 d,
676 2588 720 2622 ph,
742 2588 788 2615 0r.
807 2589 833 2620 l.
860 2593 912 2615 etc.
937 2589 965 2615 lu

177 2623 220 2650 ml.
242 2625 317 2650 deest
335 2623 399 2649 τῶν.
417 2623 529 2650 Βυίιωιιε
547 2622 695 2658 intelligit}
707 2623 871 2658 Dionysium.
885 2632 893 2648 ι
916 2623 966 2649 Ro-

178 2659 239 2692 gins
253 2657 406 2685 Mazarinus
430 2664 457 2685 et
472 2658 588 2690 Nicetas,
610 2667 619 2683 ι
634 2657 824 2690 Athanasium,
840 2667 849 2683 ι
868 2658 965 2692 quibus

177 2698 325 2719 κδεεηιιηιιι
331 2701 352 2719 Γ.

214 2728 271 2762 (85)
294 2727 467 2762 Ἰ-ῗγγυτάτω.
486 2728 513 2754 In
530 2727 674 2757 nonnullis.
691 2727 857 2761 ἐγγυτάτων.

214 2762 271 2797 (84)
289 2763 412 2795 Ταύτας.
427 2763 472 2789 Sic
486 2770 532 2789 sex
549 2762 642 2797 Regg.,
656 2762 716 2788 Par.
745 2762 812 2795 .Ies.,
824 2763 885 2790 Bas.
910 2767 963 2790 etc.

179 2797 264 2824 Prave
282 2799 307 2823 in
324 2798 380 2829 etl.,
401 2797 495 2824 ταῦτα.

215 2831 272 2869 (85)
294 2832 510 2869 Apazgtriizovg.
531 2833 576 2861 Sic
599 2833 682 2869 chg.
705 2839 730 2864 c,
756 2834 782 2865 (Ι,
803 2835 847 2868 ph,
869 2835 965 2867 Savil.,

180 2871 233 2894 etc.
249 2867 277 2894 In
292 2868 348 2898 et|.,
363 2867 554 2902 δυσκυνήτους.

215 2902 271 2936 (86)
285 2902 341 2929 Καὶ
356 2901 416 2929 τῶν
429 2902 463 2928 ἑν
474 2901 567 2936 μέσῳ.
588 2912 597 2929 ‹
614 2903 647 2931 Et
670 2904 751 2930 rebus
768 2905 873 2937 mediis,
894 2914 903 2930 ι
924 2905 965 2932 ni-

182 2937 281 2965 mirum
301 2944 365 2965 aere
388 2941 416 2965 et
432 2944 510 2971 aqua,
533 2946 592 2973 quae
613 2939 683 2967 inter
700 2938 798 2967 ccelum
823 2944 849 2968 et
866 2944 966 2967 terram

1054 2414 1107 2442 VII.
1125 2414 1269 2442 Enimvero
1287 2422 1362 2442 mens
1375 2415 1429 2450 jam
1446 2419 1472 2442 et
1499 2422 1605 2448 sensus,
1623 2416 1663 2443 sic
1678 2417 1748 2444 inter
1769 2425 1798 2444 se

1017 2461 1142 2495 discreta,
1171 2460 1269 2488 ﬁnibus
1292 2461 1348 2487 suis
1377 2468 1407 2488 se
1432 2461 1616 2495 continebant,
1640 2462 1798 2496 opiﬁcisque

1016 2554 1197 2580 continentur.
1223 2550 1288 2578 Nam
1309 2560 1318 2576 ι
1338 2552 1462 2583 mundus,
1483 2562 1492 2579 ι
1517 2557 1546 2578 ut
1562 2553 1600 2580 ait
1617 2553 1794 2585 Aristoteles,

1018 2598 1026 2614 ι
1050 2591 1092 2614 est
1108 2586 1305 2620 coagmentatio
1318 2594 1352 2613 ex
1366 2587 1435 2614 ctelo
1448 2591 1475 2614 et
1493 2593 1563 2615 terra
1581 2587 1739 2622 naturisque
1754 2588 1795 2615 in-

1016 2622 1164 2650 termediis.
1188 2631 1197 2646 ι

1050 2657 1106 2691 (87)
1132 2655 1235 2691 Ξένον.
1263 2656 1307 2683 Sic
1334 2656 1416 2691 Regg.
1442 2655 1497 2690 bm,
1525 2657 1571 2691 ph,
1591 2657 1671 2684 Coisl.
1693 2657 1718 2691 ι,
1742 2662 1796 2685 etc.

1014 2691 1135 2719 Praveiu
1153 2690 1214 2718 Par.
1227 2691 1282 2722 ed.,
1301 2690 1388 2723 ξένου.

1050 2726 1105 2761 (88)
1119 2726 1198 2759 Νοῦς
1209 2725 1268 2760 μὲν
1291 2726 1347 2754 οὖν
1367 2726 1425 2760 ἤδη
1449 2727 1497 2753 καὶ
1514 2727 1664 2761 αἴσθησις.
1688 2736 1697 2752 ι
1719 2727 1797 2754 Mens

1012 2761 1068 2796 jam
1086 2766 1114 2788 et
1138 2769 1244 2788 sensus.
1273 2770 1281 2785 ι
1313 2762 1437 2795 lntelligit
1465 2762 1610 2796 Gregorius
1639 2762 1747 2796 angelos
1770 2768 1797 2789 et

1016 2796 1147 2822 visibilem
1165 2797 1290 2822 mundum
1306 2805 1319 2823 ιι
1341 2796 1426 2823 Verbo
1446 2802 1561 2828 creatos,
1583 2797 1639 2830 qui,
1654 2798 1728 2824 vocis
1749 2804 1796 2824 or—

1033 2838 1085 2857 ano
1109 2831 1239 2861 destituti,
1265 2832 1369 2865 opiticis
1392 2832 1432 2858 sui
1457 2832 1570 2866 gloriam
1587 2833 1667 2859 tacite
1683 2839 1795 2859 enarra-

1015 2839 1090 2892 Etllll.
1112 2872 1171 2892 CUnI
1188 2866 1303 2892 nomium
1318 2868 1398 2892 homo
1413 2872 1519 2892 creatus
1536 2872 1607 2892 εεεει

1035 2870 1090 2895 ἰΙΙΙΙ.
1112 2872 1171 2892 CUnI
1188 2866 1303 2892 ηοιιιιυιιι
1318 2868 1398 2893 homo
1413 2872 1519 2893 creatus
1536 2872 1607 2894 esset

1052 2900 1107 2935 (89)
1134 2900 1332 2934 Διακριθέντα.
1361 2900 1405 2928 Sic
1432 2901 1552 2936 plerique
1581 2902 1698 2930 melioris
1725 2906 1795 2929 notae

1017 2937 1094 2963 codd.
1111 2937 1137 2963 Itt
1152 2936 1206 2969 θύη
1222 2936 1414 2972 διακριθέντες.
