  <div class='ocr_page' id='page_1' title='image "/cluster/home/n/w/nwhite01/storage/ocr_20150623/36/njp.32101013202633/327.png"; bbox 0 0 2027 3135; ppageno 0'>
   <div class='ocr_carea' id='block_1_1' title="bbox 228 208 276 236">
    <p class='ocr_par' dir='ltr' id='par_1_1' title="bbox 228 208 276 236">
     <span class='ocr_line' id='line_1_1' title="bbox 228 208 276 236; baseline -0.021 0"><span class='ocrx_word' id='word_1_1' title='bbox 228 208 276 236; x_wconf 72' lang='grc'><strong>631</strong></span> 
     </span>
    </p>
   </div>
   <div class='ocr_carea' id='block_1_2' title="bbox 843 196 1245 229">
    <p class='ocr_par' dir='ltr' id='par_1_2' title="bbox 843 196 1245 229">
     <span class='ocr_line' id='line_1_2' title="bbox 843 196 1245 229; baseline -0.017 1"><span class='ocrx_word' id='word_1_2' title='bbox 843 202 872 229; x_wconf 88' lang='lat' dir='ltr'><strong>S.</strong></span> <span class='ocrx_word' id='word_1_3' title='bbox 893 198 1055 229; x_wconf 77' lang='lat' dir='ltr'><strong>GREGORII</strong></span> <span class='ocrx_word' id='word_1_4' title='bbox 1074 196 1245 224; x_wconf 83' lang='lat' dir='ltr'><strong>TllEOLOGl</strong></span> 
     </span>
    </p>
   </div>
   <div class='ocr_carea' id='block_1_3' title="bbox 1794 194 1847 220">
    <p class='ocr_par' dir='ltr' id='par_1_3' title="bbox 1794 194 1847 220">
     <span class='ocr_line' id='line_1_3' title="bbox 1794 194 1847 220; baseline 0 0"><span class='ocrx_word' id='word_1_5' title='bbox 1794 194 1847 220; x_wconf 71' lang='lat'><strong>633</strong></span> 
     </span>
    </p>
   </div>
   <div class='ocr_carea' id='block_1_4' title="bbox 227 249 1019 296">
    <p class='ocr_par' dir='ltr' id='par_1_4' title="bbox 227 257 1012 296">
     <span class='ocr_line' id='line_1_4' title="bbox 227 257 1012 296; baseline -0.01 -6"><span class='ocrx_word' id='word_1_6' title='bbox 227 263 309 290; x_wconf 69' lang='lat' dir='ltr'><strong>Verbi</strong></span> <span class='ocrx_word' id='word_1_7' title='bbox 324 261 489 296; x_wconf 83' lang='lat' dir='ltr'><strong>majestaten.</strong></span> <span class='ocrx_word' id='word_1_8' title='bbox 509 260 535 286; x_wconf 89' lang='lat' dir='ltr'><strong>in</strong></span> <span class='ocrx_word' id='word_1_9' title='bbox 549 259 644 294; x_wconf 84' lang='lat' dir='ltr'><strong>scipsis</strong></span> <span class='ocrx_word' id='word_1_10' title='bbox 665 259 801 290; x_wconf 78' lang='lat' dir='ltr'><strong>ferebant,</strong></span> <span class='ocrx_word' id='word_1_11' title='bbox 819 257 893 284; x_wconf 88' lang='lat' dir='ltr'><strong>taciti</strong></span> <span class='ocrx_word' id='word_1_12' title='bbox 917 257 1012 283; x_wconf 87' lang='lat' dir='ltr'><strong>lauda-</strong></span> 
     </span>
    </p>
   </div>
   <div class='ocr_carea' id='block_1_5' title="bbox 1070 249 1852 296">
    <p class='ocr_par' dir='ltr' id='par_1_5' title="bbox 1070 249 1852 287">
     <span class='ocr_line' id='line_1_5' title="bbox 1070 249 1852 287; baseline -0.003 -8"><span class='ocrx_word' id='word_1_13' title='bbox 1070 253 1249 287; x_wconf 81' lang='grc' dir='ltr'>είστήκεισαν,</span> <span class='ocrx_word' id='word_1_14' title='bbox 1265 250 1311 277; x_wconf 82' lang='grc' dir='ltr'>καὶ</span> <span class='ocrx_word' id='word_1_15' title='bbox 1326 250 1356 276; x_wconf 77' lang='grc' dir='ltr'><strong>τὸ</strong></span> <span class='ocrx_word' id='word_1_16' title='bbox 1368 249 1414 276; x_wconf 78' lang='grc' dir='ltr'>τοῦ</span> <span class='ocrx_word' id='word_1_17' title='bbox 1431 249 1597 285; x_wconf 74' lang='grc' dir='ltr'><strong>δημιουργοῦ</strong></span> <span class='ocrx_word' id='word_1_18' title='bbox 1609 249 1696 283; x_wconf 82' lang='grc' dir='ltr'>Λόγου</span> <span class='ocrx_word' id='word_1_19' title='bbox 1709 250 1852 284; x_wconf 76' lang='grc' dir='ltr'><strong>μεγαλεῖον</strong></span> 
     </span>
    </p>
   </div>
   <div class='ocr_carea' id='block_1_6' title="bbox 229 299 1012 341">
    <p class='ocr_par' dir='ltr' id='par_1_6' title="bbox 229 299 1012 341">
     <span class='ocr_line' id='line_1_6' title="bbox 229 299 1012 341; baseline -0.011 -6"><span class='ocrx_word' id='word_1_20' title='bbox 229 313 302 336; x_wconf 89' lang='lat' dir='ltr'><strong>tores</strong></span> <span class='ocrx_word' id='word_1_21' title='bbox 322 307 434 341; x_wconf 80' lang='lat' dir='ltr'><strong>insignis</strong></span> <span class='ocrx_word' id='word_1_22' title='bbox 452 303 563 339; x_wconf 78' lang='lat' dir='ltr'><strong>opilicii,</strong></span> <span class='ocrx_word' id='word_1_23' title='bbox 577 307 603 330; x_wconf 90' lang='lat' dir='ltr'><strong>et</strong></span> <span class='ocrx_word' id='word_1_24' title='bbox 619 303 710 330; x_wconf 88' lang='lat' dir='ltr'><strong>canori</strong></span> <span class='ocrx_word' id='word_1_25' title='bbox 725 308 873 337; x_wconf 61' lang='lat' dir='ltr'><strong>praecones.</strong></span> <span class='ocrx_word' id='word_1_26' title='bbox 890 299 1012 327; x_wconf 78' lang='lat' dir='ltr'><strong>Nondum</strong></span> 
     </span>
    </p>
   </div>
   <div class='ocr_carea' id='block_1_7' title="bbox 230 348 1012 385">
    <p class='ocr_par' dir='ltr' id='par_1_7' title="bbox 230 348 1012 385">
     <span class='ocr_line' id='line_1_7' title="bbox 230 348 1012 385; baseline -0.009 -5"><span class='ocrx_word' id='word_1_27' title='bbox 230 358 318 380; x_wconf 80' lang='lat' dir='ltr'><strong>autem</strong></span> <span class='ocrx_word' id='word_1_28' title='bbox 332 360 365 379; x_wconf 71' lang='lat' dir='ltr'><strong>ex</strong></span> <span class='ocrx_word' id='word_1_29' title='bbox 380 357 494 385; x_wconf 85' lang='lat' dir='ltr'><strong>utroque</strong></span> <span class='ocrx_word' id='word_1_30' title='bbox 515 355 695 384; x_wconf 80' lang='lat' dir='ltr'><strong>temperatura</strong></span> <span class='ocrx_word' id='word_1_31' title='bbox 717 348 769 374; x_wconf 88' lang='lat' dir='ltr'><strong>ttlla</strong></span> <span class='ocrx_word' id='word_1_32' title='bbox 786 351 856 378; x_wconf 84' lang='lat' dir='ltr'><strong>erat,</strong></span> <span class='ocrx_word' id='word_1_33' title='bbox 877 351 924 374; x_wconf 83' lang='lat' dir='ltr'><strong>aut</strong></span> <span class='ocrx_word' id='word_1_34' title='bbox 946 353 1012 381; x_wconf 79' lang='lat' dir='ltr'><strong>cor)-</strong></span> 
     </span>
    </p>
   </div>
   <div class='ocr_carea' id='block_1_8' title="bbox 230 392 1015 429">
    <p class='ocr_par' dir='ltr' id='par_1_8' title="bbox 230 392 1015 429">
     <span class='ocr_line' id='line_1_8' title="bbox 230 392 1015 429; baseline -0.006 -5"><span class='ocrx_word' id='word_1_35' title='bbox 230 397 374 424; x_wconf 89' lang='lat' dir='ltr'><strong>trariorum</strong></span> <span class='ocrx_word' id='word_1_36' title='bbox 403 396 508 427; x_wconf 85' lang='lat' dir='ltr'><strong>ntistio,</strong></span> <span class='ocrx_word' id='word_1_37' title='bbox 534 402 593 429; x_wconf 84' lang='lat' dir='ltr'><strong>quae</strong></span> <span class='ocrx_word' id='word_1_38' title='bbox 625 393 789 422; x_wconf 80' lang='lat' dir='ltr'><strong>sublimioris</strong></span> <span class='ocrx_word' id='word_1_39' title='bbox 818 392 957 427; x_wconf 63' lang='lat' dir='ltr'><strong>sapientiae</strong></span> <span class='ocrx_word' id='word_1_40' title='bbox 983 399 1015 419; x_wconf 87' lang='lat' dir='ltr'><strong>ac</strong></span> 
     </span>
    </p>
   </div>
   <div class='ocr_carea' id='block_1_9' title="bbox 230 438 1014 470">
    <p class='ocr_par' dir='ltr' id='par_1_9' title="bbox 230 438 1014 470">
     <span class='ocr_line' id='line_1_9' title="bbox 230 438 1014 470; baseline -0.006 0"><span class='ocrx_word' id='word_1_41' title='bbox 230 451 302 470; x_wconf 82' lang='lat' dir='ltr'><strong>circa</strong></span> <span class='ocrx_word' id='word_1_42' title='bbox 315 448 472 470; x_wconf 76' lang='lat' dir='ltr'><strong>naturarum</strong></span> <span class='ocrx_word' id='word_1_43' title='bbox 489 441 653 468; x_wconf 73' lang='lat' dir='ltr'><strong>creationem</strong></span> <span class='ocrx_word' id='word_1_44' title='bbox 671 440 812 467; x_wconf 72' lang='lat' dir='ltr'><strong>varietatis</strong></span> <span class='ocrx_word' id='word_1_45' title='bbox 838 444 865 466; x_wconf 94' lang='lat' dir='ltr'><strong>ct</strong></span> <span class='ocrx_word' id='word_1_46' title='bbox 879 438 1014 466; x_wconf 82' lang='lat' dir='ltr'><strong>excellen-</strong></span> 
     </span>
    </p>
   </div>
   <div class='ocr_carea' id='block_1_10' title="bbox 230 484 1014 523">
    <p class='ocr_par' dir='ltr' id='par_1_10' title="bbox 230 484 1014 523">
     <span class='ocr_line' id='line_1_10' title="bbox 230 484 1014 523; baseline -0.006 -8"><span class='ocrx_word' id='word_1_47' title='bbox 230 490 274 515; x_wconf 72' lang='lat' dir='ltr'><strong>titc</strong></span> <span class='ocrx_word' id='word_1_48' title='bbox 291 488 426 523; x_wconf 81' lang='lat' dir='ltr'><strong>specimen</strong></span> <span class='ocrx_word' id='word_1_49' title='bbox 442 487 582 514; x_wconf 78' lang='lat' dir='ltr'><strong>exhiberet</strong></span> <span class='ocrx_word' id='word_1_50' title='bbox 599 496 604 512; x_wconf 90' lang='lat'><strong>:</strong></span> <span class='ocrx_word' id='word_1_51' title='bbox 625 493 673 512; x_wconf 87' lang='lat' dir='ltr'><strong>nec</strong></span> <span class='ocrx_word' id='word_1_52' title='bbox 686 493 780 512; x_wconf 84' lang='lat' dir='ltr'><strong>omnes</strong></span> <span class='ocrx_word' id='word_1_53' title='bbox 806 485 934 511; x_wconf 81' lang='lat' dir='ltr'><strong>bonitatis</strong></span> <span class='ocrx_word' id='word_1_54' title='bbox 947 484 1014 511; x_wconf 89' lang='lat' dir='ltr'><strong>divi-</strong></span> 
     </span>
    </p>
   </div>
   <div class='ocr_carea' id='block_1_11' title="bbox 232 530 1014 566">
    <p class='ocr_par' dir='ltr' id='par_1_11' title="bbox 232 530 1014 566">
     <span class='ocr_line' id='line_1_11' title="bbox 232 530 1014 566; baseline -0.005 -6"><span class='ocrx_word' id='word_1_55' title='bbox 232 534 275 561; x_wconf 68' lang='lat' dir='ltr'><strong>tite</strong></span> <span class='ocrx_word' id='word_1_56' title='bbox 289 539 359 560; x_wconf 71' lang='lat' dir='ltr'><strong>nota:</strong></span> <span class='ocrx_word' id='word_1_57' title='bbox 371 537 451 566; x_wconf 84' lang='lat' dir='ltr'><strong>atque</strong></span> <span class='ocrx_word' id='word_1_58' title='bbox 464 536 590 565; x_wconf 70' lang='lat' dir='ltr'><strong>spectatae</strong></span> <span class='ocrx_word' id='word_1_59' title='bbox 601 536 687 557; x_wconf 87' lang='lat' dir='ltr'><strong>erant.</strong></span> <span class='ocrx_word' id='word_1_60' title='bbox 707 530 762 557; x_wconf 85' lang='lat' dir='ltr'><strong>Hoc</strong></span> <span class='ocrx_word' id='word_1_61' title='bbox 776 530 856 564; x_wconf 80' lang='lat' dir='ltr'><strong>igitur</strong></span> <span class='ocrx_word' id='word_1_62' title='bbox 869 537 929 557; x_wconf 90' lang='lat' dir='ltr'><strong>cum</strong></span> <span class='ocrx_word' id='word_1_63' title='bbox 948 530 1014 557; x_wconf 86' lang='lat' dir='ltr'><strong>arti-</strong></span> 
     </span>
    </p>
   </div>
   <div class='ocr_carea' id='block_1_12' title="bbox 231 572 1014 608">
    <p class='ocr_par' dir='ltr' id='par_1_12' title="bbox 231 572 1014 608">
     <span class='ocr_line' id='line_1_12' title="bbox 231 572 1014 608; baseline -0.009 -4"><span class='ocrx_word' id='word_1_64' title='bbox 231 578 274 604; x_wconf 82' lang='lat' dir='ltr'><strong>fex</strong></span> <span class='ocrx_word' id='word_1_65' title='bbox 292 577 407 604; x_wconf 80' lang='lat' dir='ltr'><strong>Verbum</strong></span> <span class='ocrx_word' id='word_1_66' title='bbox 421 575 563 603; x_wconf 67' lang='lat' dir='ltr'><strong>ostendere</strong></span> <span class='ocrx_word' id='word_1_67' title='bbox 576 574 715 606; x_wconf 85' lang='lat' dir='ltr'><strong>voluisset,</strong></span> <span class='ocrx_word' id='word_1_68' title='bbox 727 573 810 608; x_wconf 79' lang='lat'><strong>850</strong></span> <span class='ocrx_word' id='word_1_69' title='bbox 821 572 918 599; x_wconf 87' lang='lat' dir='ltr'><strong>animal</strong></span> <span class='ocrx_word' id='word_1_70' title='bbox 933 580 1014 598; x_wconf 88' lang='lat' dir='ltr'><strong>unmn</strong></span> 
     </span>
    </p>
   </div>
   <div class='ocr_carea' id='block_1_13' title="bbox 232 618 1013 655">
    <p class='ocr_par' dir='ltr' id='par_1_13' title="bbox 232 618 1013 655">
     <span class='ocr_line' id='line_1_13' title="bbox 232 618 1013 655; baseline -0.009 -6"><span class='ocrx_word' id='word_1_71' title='bbox 232 631 263 650; x_wconf 80' lang='lat' dir='ltr'><strong>ex</strong></span> <span class='ocrx_word' id='word_1_72' title='bbox 286 628 409 655; x_wconf 82' lang='lat' dir='ltr'><strong>utroque,</strong></span> <span class='ocrx_word' id='word_1_73' title='bbox 426 629 457 649; x_wconf 79' lang='lat' dir='ltr'><strong>ex</strong></span> <span class='ocrx_word' id='word_1_74' title='bbox 475 621 603 647; x_wconf 79' lang='lat' dir='ltr'><strong>invisibili</strong></span> <span class='ocrx_word' id='word_1_75' title='bbox 619 620 722 647; x_wconf 75' lang='lat' dir='ltr'><strong>scilicet</strong></span> <span class='ocrx_word' id='word_1_76' title='bbox 735 627 767 645; x_wconf 80' lang='lat' dir='ltr'><strong>ac</strong></span> <span class='ocrx_word' id='word_1_77' title='bbox 793 618 891 645; x_wconf 80' lang='lat' dir='ltr'><strong>visibili</strong></span> <span class='ocrx_word' id='word_1_78' title='bbox 909 623 1013 648; x_wconf 78' lang='lat' dir='ltr'><strong>natura,</strong></span> 
     </span>
    </p>
   </div>
   <div class='ocr_carea' id='block_1_14' title="bbox 233 663 1014 699">
    <p class='ocr_par' dir='ltr' id='par_1_14' title="bbox 233 663 1014 699">
     <span class='ocr_line' id='line_1_14' title="bbox 233 663 1014 699; baseline -0.006 -5"><span class='ocrx_word' id='word_1_79' title='bbox 233 669 367 695; x_wconf 83' lang='lat' dir='ltr'><strong>hominem</strong></span> <span class='ocrx_word' id='word_1_80' title='bbox 384 667 454 698; x_wconf 85' lang='lat' dir='ltr'><strong>dico,</strong></span> <span class='ocrx_word' id='word_1_81' title='bbox 468 665 632 697; x_wconf 76' lang='lat' dir='ltr'><strong>fabricatur;</strong></span> <span class='ocrx_word' id='word_1_82' title='bbox 650 670 730 699; x_wconf 85' lang='lat' dir='ltr'><strong>atque</strong></span> <span class='ocrx_word' id='word_1_83' title='bbox 742 672 756 691; x_wconf 92' lang='lat' dir='ltr'><strong>a</strong></span> <span class='ocrx_word' id='word_1_84' title='bbox 767 664 879 691; x_wconf 89' lang='lat' dir='ltr'><strong>materia</strong></span> <span class='ocrx_word' id='word_1_85' title='bbox 893 663 1014 698; x_wconf 80' lang='lat' dir='ltr'><strong>quidem.</strong></span> 
     </span>
    </p>
   </div>
   <div class='ocr_carea' id='block_1_15' title="bbox 230 713 1015 748">
    <p class='ocr_par' dir='ltr' id='par_1_15' title="bbox 230 713 1015 748">
     <span class='ocr_line' id='line_1_15' title="bbox 230 713 1015 748; baseline -0.005 -8"><span class='ocrx_word' id='word_1_86' title='bbox 230 715 284 748; x_wconf 86' lang='lat' dir='ltr'><strong>jam</strong></span> <span class='ocrx_word' id='word_1_87' title='bbox 304 719 366 740; x_wconf 90' lang='lat' dir='ltr'><strong>ante</strong></span> <span class='ocrx_word' id='word_1_88' title='bbox 393 713 532 747; x_wconf 87' lang='lat' dir='ltr'><strong>producta,</strong></span> <span class='ocrx_word' id='word_1_89' title='bbox 559 718 668 746; x_wconf 86' lang='lat' dir='ltr'><strong>sumpto</strong></span> <span class='ocrx_word' id='word_1_90' title='bbox 693 718 817 745; x_wconf 84' lang='lat' dir='ltr'><strong>corpore,</strong></span> <span class='ocrx_word' id='word_1_91' title='bbox 835 718 851 737; x_wconf 88' lang='lat' dir='ltr'><strong>a</strong></span> <span class='ocrx_word' id='word_1_92' title='bbox 875 718 904 737; x_wconf 85' lang='lat' dir='ltr'><strong>se</strong></span> <span class='ocrx_word' id='word_1_93' title='bbox 927 715 1015 736; x_wconf 88' lang='lat' dir='ltr'><strong>autem</strong></span> 
     </span>
    </p>
   </div>
   <div class='ocr_carea' id='block_1_16' title="bbox 233 755 1016 792">
    <p class='ocr_par' dir='ltr' id='par_1_16' title="bbox 233 755 1016 792">
     <span class='ocr_line' id='line_1_16' title="bbox 233 755 1016 792; baseline -0.006 -7"><span class='ocrx_word' id='word_1_94' title='bbox 233 759 315 785; x_wconf 89' lang='lat' dir='ltr'><strong>insito</strong></span> <span class='ocrx_word' id='word_1_95' title='bbox 330 757 464 792; x_wconf 84' lang='lat' dir='ltr'><strong>spiraculo</strong></span> <span class='ocrx_word' id='word_1_96' title='bbox 484 756 564 791; x_wconf 80' lang='lat' dir='ltr'><strong>(quod</strong></span> <span class='ocrx_word' id='word_1_97' title='bbox 586 756 696 791; x_wconf 85' lang='lat' dir='ltr'><strong>quidem</strong></span> <span class='ocrx_word' id='word_1_98' title='bbox 722 755 931 782; x_wconf 84' lang='lat' dir='ltr'><strong>intellectualem</strong></span> <span class='ocrx_word' id='word_1_99' title='bbox 959 755 1016 780; x_wconf 66' lang='lat' dir='ltr'><strong>ani.</strong></span> 
     </span>
    </p>
   </div>
   <div class='ocr_carea' id='block_1_17' title="bbox 234 800 1017 836">
    <p class='ocr_par' dir='ltr' id='par_1_17' title="bbox 234 800 1017 836">
     <span class='ocr_line' id='line_1_17' title="bbox 234 800 1017 836; baseline -0.005 -6"><span class='ocrx_word' id='word_1_100' title='bbox 234 811 316 834; x_wconf 87' lang='lat' dir='ltr'><strong>mam,</strong></span> <span class='ocrx_word' id='word_1_101' title='bbox 343 803 442 836; x_wconf 79' lang='lat' dir='ltr'><strong>Deique</strong></span> <span class='ocrx_word' id='word_1_102' title='bbox 471 802 614 835; x_wconf 71' lang='lat' dir='ltr'><strong>imaginem</strong></span> <span class='ocrx_word' id='word_1_103' title='bbox 633 800 774 834; x_wconf 77' lang='lat' dir='ltr'><strong>Scriptura</strong></span> <span class='ocrx_word' id='word_1_104' title='bbox 802 800 924 835; x_wconf 59' lang='lat' dir='ltr'><strong>vocat“),</strong></span> <span class='ocrx_word' id='word_1_105' title='bbox 945 800 1017 826; x_wconf 83' lang='lat' dir='ltr'><strong>velut</strong></span> 
     </span>
    </p>
   </div>
   <div class='ocr_carea' id='block_1_18' title="bbox 233 846 1016 882">
    <p class='ocr_par' dir='ltr' id='par_1_18' title="bbox 233 846 1016 882">
     <span class='ocr_line' id='line_1_18' title="bbox 233 846 1016 882; baseline -0.005 -6"><span class='ocrx_word' id='word_1_106' title='bbox 233 849 348 876; x_wconf 82' lang='lat' dir='ltr'><strong>alterum</strong></span> <span class='ocrx_word' id='word_1_107' title='bbox 367 848 510 882; x_wconf 86' lang='lat' dir='ltr'><strong>quemdam</strong></span> <span class='ocrx_word' id='word_1_108' title='bbox 533 847 672 877; x_wconf 90' lang='lat' dir='ltr'><strong>mundum,</strong></span> <span class='ocrx_word' id='word_1_109' title='bbox 689 846 714 872; x_wconf 95' lang='lat' dir='ltr'><strong>in</strong></span> <span class='ocrx_word' id='word_1_110' title='bbox 733 853 815 880; x_wconf 87' lang='lat' dir='ltr'><strong>parvo</strong></span> <span class='ocrx_word' id='word_1_111' title='bbox 837 853 973 880; x_wconf 76' lang='lat' dir='ltr'><strong>magnum,</strong></span> <span class='ocrx_word' id='word_1_112' title='bbox 990 846 1016 872; x_wconf 75' lang='lat' dir='ltr'><strong>in</strong></span> 
     </span>
    </p>
   </div>
   <div class='ocr_carea' id='block_1_19' title="bbox 235 891 1016 926">
    <p class='ocr_par' dir='ltr' id='par_1_19' title="bbox 235 891 1016 926">
     <span class='ocr_line' id='line_1_19' title="bbox 235 891 1016 926; baseline -0.008 -4"><span class='ocrx_word' id='word_1_113' title='bbox 235 901 305 922; x_wconf 86' lang='lat' dir='ltr'><strong>terra</strong></span> <span class='ocrx_word' id='word_1_114' title='bbox 324 894 446 925; x_wconf 76' lang='lat' dir='ltr'><strong>collocat,</strong></span> <span class='ocrx_word' id='word_1_115' title='bbox 464 893 587 926; x_wconf 79' lang='lat' dir='ltr'><strong>angelum</strong></span> <span class='ocrx_word' id='word_1_116' title='bbox 601 891 694 924; x_wconf 82' lang='lat' dir='ltr'><strong>alium,</strong></span> <span class='ocrx_word' id='word_1_117' title='bbox 712 892 819 918; x_wconf 85' lang='lat' dir='ltr'><strong>tnistum</strong></span> <span class='ocrx_word' id='word_1_118' title='bbox 835 891 1016 921; x_wconf 86' lang='lat' dir='ltr'><strong>adoratorem,</strong></span> 
     </span>
    </p>
   </div>
   <div class='ocr_carea' id='block_1_20' title="bbox 1065 294 1853 332">
    <p class='ocr_par' dir='ltr' id='par_1_20' title="bbox 1065 294 1853 332">
     <span class='ocr_line' id='line_1_20' title="bbox 1065 294 1853 332; baseline -0.003 -8"><span class='ocrx_word' id='word_1_119' title='bbox 1065 299 1093 325; x_wconf 82' lang='grc' dir='ltr'><strong>ὲν</strong></span> <span class='ocrx_word' id='word_1_120' title='bbox 1111 298 1217 328; x_wconf 77' lang='grc' dir='ltr'><strong>ἑαυτοῖς</strong></span> <span class='ocrx_word' id='word_1_121' title='bbox 1234 296 1330 332; x_wconf 79' lang='grc' dir='ltr'>ἔφερον</span> <span class='ocrx_word' id='word_1_122' title='bbox 1344 316 1352 329; x_wconf 89' lang='grc'><strong>,</strong></span> <span class='ocrx_word' id='word_1_123' title='bbox 1382 295 1512 329; x_wconf 82' lang='grc' dir='ltr'><strong>σιγῶντες</strong></span> <span class='ocrx_word' id='word_1_124' title='bbox 1528 294 1667 321; x_wconf 75' lang='grc' dir='ltr'>ἐπαινέται</span> <span class='ocrx_word' id='word_1_125' title='bbox 1693 294 1743 329; x_wconf 83' lang='grc' dir='ltr'>τῆς</span> <span class='ocrx_word' id='word_1_126' title='bbox 1768 303 1853 329; x_wconf 78' lang='grc' dir='ltr'>μεγα-</span> 
     </span>
    </p>
   </div>
   <div class='ocr_carea' id='block_1_21' title="bbox 1065 339 1853 379">
    <p class='ocr_par' dir='ltr' id='par_1_21' title="bbox 1065 339 1853 379">
     <span class='ocr_line' id='line_1_21' title="bbox 1065 339 1853 379; baseline -0.003 -9"><span class='ocrx_word' id='word_1_127' title='bbox 1065 343 1203 379; x_wconf 77' lang='grc' dir='ltr'>λουργίας,</span> <span class='ocrx_word' id='word_1_128' title='bbox 1219 343 1266 369; x_wconf 78' lang='grc' dir='ltr'>καὶ</span> <span class='ocrx_word' id='word_1_129' title='bbox 1280 341 1435 378; x_wconf 85' lang='grc' dir='ltr'>διαπρύσιοι</span> <span class='ocrx_word' id='word_1_130' title='bbox 1449 342 1580 377; x_wconf 83' lang='grc' dir='ltr'>κήρυκες.</span> <span class='ocrx_word' id='word_1_131' title='bbox 1599 340 1682 367; x_wconf 79' lang='grc' dir='ltr'>Οὔπω</span> <span class='ocrx_word' id='word_1_132' title='bbox 1695 341 1724 367; x_wconf 74' lang='grc' dir='ltr'>δὲ</span> <span class='ocrx_word' id='word_1_133' title='bbox 1738 339 1773 376; x_wconf 82' lang='grc' dir='ltr'>ἦν</span> <span class='ocrx_word' id='word_1_134' title='bbox 1785 342 1853 376; x_wconf 82' lang='grc' dir='ltr'>κρᾶ-</span> 
     </span>
    </p>
   </div>
   <div class='ocr_carea' id='block_1_22' title="bbox 1067 387 1853 425">
    <p class='ocr_par' dir='ltr' id='par_1_22' title="bbox 1067 387 1853 425">
     <span class='ocr_line' id='line_1_22' title="bbox 1067 387 1853 425; baseline -0.004 -9"><span class='ocrx_word' id='word_1_135' title='bbox 1067 398 1106 425; x_wconf 81' lang='grc' dir='ltr'><strong>μα.</strong></span> <span class='ocrx_word' id='word_1_136' title='bbox 1122 389 1152 421; x_wconf 72' lang='grc' dir='ltr'><strong>ἐξ</strong></span> <span class='ocrx_word' id='word_1_137' title='bbox 1168 388 1331 424; x_wconf 71' lang='grc' dir='ltr'><strong>ἀμφοτέρων</strong></span> <span class='ocrx_word' id='word_1_138' title='bbox 1341 407 1348 420; x_wconf 86' lang='grc'><strong>,</strong></span> <span class='ocrx_word' id='word_1_139' title='bbox 1363 388 1423 414; x_wconf 80' lang='grc' dir='ltr'>οὐδέ</span> <span class='ocrx_word' id='word_1_140' title='bbox 1436 397 1478 419; x_wconf 86' lang='grc' dir='ltr'><strong>τις</strong></span> <span class='ocrx_word' id='word_1_141' title='bbox 1493 388 1566 423; x_wconf 86' lang='grc' dir='ltr'>μίξις</span> <span class='ocrx_word' id='word_1_142' title='bbox 1582 388 1635 414; x_wconf 81' lang='grc' dir='ltr'><strong>τῶν</strong></span> <span class='ocrx_word' id='word_1_143' title='bbox 1652 387 1795 418; x_wconf 76' lang='grc' dir='ltr'>ἐναντίων,</span> <span class='ocrx_word' id='word_1_144' title='bbox 1810 397 1853 414; x_wconf 81' lang='grc' dir='ltr'>σο-</span> 
     </span>
    </p>
   </div>
   <div class='ocr_carea' id='block_1_23' title="bbox 1065 433 1854 471">
    <p class='ocr_par' dir='ltr' id='par_1_23' title="bbox 1065 433 1854 471">
     <span class='ocr_line' id='line_1_23' title="bbox 1065 433 1854 471; baseline -0.001 -10"><span class='ocrx_word' id='word_1_145' title='bbox 1065 435 1128 470; x_wconf 81' lang='grc' dir='ltr'>φίας</span> <span class='ocrx_word' id='word_1_146' title='bbox 1153 435 1273 471; x_wconf 78' lang='grc' dir='ltr'><strong>μείζονος</strong></span> <span class='ocrx_word' id='word_1_147' title='bbox 1290 434 1433 469; x_wconf 86' lang='grc' dir='ltr'>γνώρισμα</span> <span class='ocrx_word' id='word_1_148' title='bbox 1465 435 1511 460; x_wconf 78' lang='grc' dir='ltr'>καὶ</span> <span class='ocrx_word' id='word_1_149' title='bbox 1531 434 1580 468; x_wconf 84' lang='grc' dir='ltr'>τῆς</span> <span class='ocrx_word' id='word_1_150' title='bbox 1603 434 1667 469; x_wconf 57' lang='grc' dir='ltr'><strong>περ)⁴</strong></span> <span class='ocrx_word' id='word_1_151' title='bbox 1685 433 1735 465; x_wconf 74' lang='grc' dir='ltr'>τὰς</span> <span class='ocrx_word' id='word_1_152' title='bbox 1759 434 1854 468; x_wconf 76' lang='grc' dir='ltr'>φύσεις</span> 
     </span>
    </p>
   </div>
   <div class='ocr_carea' id='block_1_24' title="bbox 1066 479 1854 514">
    <p class='ocr_par' dir='ltr' id='par_1_24' title="bbox 1066 479 1854 514">
     <span class='ocr_line' id='line_1_24' title="bbox 1066 479 1854 514; baseline -0.003 -7"><span class='ocrx_word' id='word_1_153' title='bbox 1066 480 1257 511; x_wconf 80' lang='grc' dir='ltr'>πολυτελείας”</span> <span class='ocrx_word' id='word_1_154' title='bbox 1283 479 1345 506; x_wconf 79' lang='grc' dir='ltr'>οὐδὲ</span> <span class='ocrx_word' id='word_1_155' title='bbox 1368 481 1382 505; x_wconf 84' lang='grc' dir='ltr'><strong>ό</strong></span> <span class='ocrx_word' id='word_1_156' title='bbox 1407 480 1460 510; x_wconf 81' lang='grc' dir='ltr'>πᾶς</span> <span class='ocrx_word' id='word_1_157' title='bbox 1477 479 1591 510; x_wconf 82' lang='grc' dir='ltr'>πλοῦτος</span> <span class='ocrx_word' id='word_1_158' title='bbox 1612 479 1661 513; x_wconf 82' lang='grc' dir='ltr'>τῆς</span> <span class='ocrx_word' id='word_1_159' title='bbox 1684 479 1854 514; x_wconf 73' lang='grc' dir='ltr'>ἀγαθὸτητος</span> 
     </span>
    </p>
   </div>
   <div class='ocr_carea' id='block_1_25' title="bbox 1066 525 1854 561">
    <p class='ocr_par' dir='ltr' id='par_1_25' title="bbox 1066 525 1854 561">
     <span class='ocr_line' id='line_1_25' title="bbox 1066 525 1854 561; baseline -0.001 -9"><span class='ocrx_word' id='word_1_160' title='bbox 1066 526 1213 561; x_wconf 88' lang='grc' dir='ltr'>γνώριμος.</span> <span class='ocrx_word' id='word_1_161' title='bbox 1253 525 1339 552; x_wconf 82' lang='grc' dir='ltr'>Τοῦτο</span> <span class='ocrx_word' id='word_1_162' title='bbox 1363 525 1395 560; x_wconf 83' lang='grc' dir='ltr'>δὴ</span> <span class='ocrx_word' id='word_1_163' title='bbox 1422 525 1562 561; x_wconf 74' lang='grc' dir='ltr'>βουληθεὶς</span> <span class='ocrx_word' id='word_1_164' title='bbox 1579 526 1594 551; x_wconf 83' lang='grc' dir='ltr'>ὁ</span> <span class='ocrx_word' id='word_1_165' title='bbox 1609 525 1734 561; x_wconf 79' lang='grc' dir='ltr'><strong>τεχνίτης</strong></span> <span class='ocrx_word' id='word_1_166' title='bbox 1754 526 1854 552; x_wconf 76' lang='grc' dir='ltr'>ἐπιδεί-</span> 
     </span>
    </p>
   </div>
   <div class='ocr_carea' id='block_1_26' title="bbox 1066 570 1870 606">
    <p class='ocr_par' dir='ltr' id='par_1_26' title="bbox 1066 570 1870 606">
     <span class='ocr_line' id='line_1_26' title="bbox 1066 570 1870 606; baseline -0.004 -7"><span class='ocrx_word' id='word_1_167' title='bbox 1066 571 1162 605; x_wconf 80' lang='grc' dir='ltr'>ξασθαι</span> <span class='ocrx_word' id='word_1_168' title='bbox 1178 571 1279 605; x_wconf 80' lang='grc' dir='ltr'>Λόγος,</span> <span class='ocrx_word' id='word_1_169' title='bbox 1297 571 1343 596; x_wconf 77' lang='grc' dir='ltr'><strong>καὶ</strong></span> <span class='ocrx_word' id='word_1_170' title='bbox 1359 570 1427 602; x_wconf 79' lang='grc' dir='ltr'>ζῶον</span> <span class='ocrx_word' id='word_1_171' title='bbox 1448 570 1476 596; x_wconf 82' lang='grc' dir='ltr'>ἒν</span> <span class='ocrx_word' id='word_1_172' title='bbox 1494 570 1524 603; x_wconf 79' lang='grc' dir='ltr'>ἐξ</span> <span class='ocrx_word' id='word_1_173' title='bbox 1534 571 1698 606; x_wconf 75' lang='grc' dir='ltr'><strong>ἀμφοτέρων</strong></span> <span class='ocrx_word' id='word_1_174' title='bbox 1709 591 1716 602; x_wconf 93' lang='grc'><strong>,</strong></span> <span class='ocrx_word' id='word_1_175' title='bbox 1736 572 1870 606; x_wconf 51' lang='grc' dir='ltr'>ἀοράτου,</span> 
     </span>
    </p>
   </div>
   <div class='ocr_carea' id='block_1_27' title="bbox 1065 615 1854 652">
    <p class='ocr_par' dir='ltr' id='par_1_27' title="bbox 1065 615 1854 652">
     <span class='ocr_line' id='line_1_27' title="bbox 1065 615 1854 652; baseline -0.001 -9"><span class='ocrx_word' id='word_1_176' title='bbox 1065 625 1096 643; x_wconf 73' lang='grc' dir='ltr'><strong>τε</strong></span> <span class='ocrx_word' id='word_1_177' title='bbox 1110 617 1180 650; x_wconf 81' lang='grc' dir='ltr'>λέγω</span> <span class='ocrx_word' id='word_1_178' title='bbox 1196 617 1243 643; x_wconf 77' lang='grc' dir='ltr'>καὶ</span> <span class='ocrx_word' id='word_1_179' title='bbox 1256 616 1357 650; x_wconf 81' lang='grc' dir='ltr'>ὁρατῆς</span> <span class='ocrx_word' id='word_1_180' title='bbox 1374 615 1490 650; x_wconf 68' lang='grc' dir='ltr'>φύσεως,</span> <span class='ocrx_word' id='word_1_181' title='bbox 1506 616 1675 652; x_wconf 79' lang='grc' dir='ltr'>δημιουργεῖ,</span> <span class='ocrx_word' id='word_1_182' title='bbox 1691 616 1737 642; x_wconf 81' lang='grc' dir='ltr'>τὸν</span> <span class='ocrx_word' id='word_1_183' title='bbox 1749 616 1854 651; x_wconf 79' lang='grc' dir='ltr'>ἄνθρω-</span> 
     </span>
    </p>
   </div>
   <div class='ocr_carea' id='block_1_28' title="bbox 1068 662 1853 698">
    <p class='ocr_par' dir='ltr' id='par_1_28' title="bbox 1068 662 1853 698">
     <span class='ocr_line' id='line_1_28' title="bbox 1068 662 1853 698; baseline -0.001 -9"><span class='ocrx_word' id='word_1_184' title='bbox 1068 671 1134 689; x_wconf 84' lang='grc' dir='ltr'>πον·</span> <span class='ocrx_word' id='word_1_185' title='bbox 1156 663 1202 689; x_wconf 76' lang='grc' dir='ltr'>καὶ</span> <span class='ocrx_word' id='word_1_186' title='bbox 1230 662 1303 697; x_wconf 79' lang='grc' dir='ltr'>παρὰ</span> <span class='ocrx_word' id='word_1_187' title='bbox 1325 662 1374 696; x_wconf 81' lang='grc' dir='ltr'>μὲν</span> <span class='ocrx_word' id='word_1_188' title='bbox 1396 663 1445 697; x_wconf 79' lang='grc' dir='ltr'>τῆς</span> <span class='ocrx_word' id='word_1_189' title='bbox 1466 662 1532 698; x_wconf 77' lang='grc' dir='ltr'>ὕλης</span> <span class='ocrx_word' id='word_1_190' title='bbox 1554 662 1644 690; x_wconf 73' lang='grc' dir='ltr'>λαϐὼν</span> <span class='ocrx_word' id='word_1_191' title='bbox 1659 663 1689 688; x_wconf 83' lang='grc' dir='ltr'>τὸ</span> <span class='ocrx_word' id='word_1_192' title='bbox 1706 663 1787 697; x_wconf 79' lang='grc' dir='ltr'>σῶμα</span> <span class='ocrx_word' id='word_1_193' title='bbox 1804 663 1853 698; x_wconf 75' lang='grc' dir='ltr'>ἢδη</span> 
     </span>
    </p>
   </div>
   <div class='ocr_carea' id='block_1_29' title="bbox 1068 708 1853 744">
    <p class='ocr_par' dir='ltr' id='par_1_29' title="bbox 1068 708 1853 744">
     <span class='ocr_line' id='line_1_29' title="bbox 1068 708 1853 744; baseline 0 -10"><span class='ocrx_word' id='word_1_194' title='bbox 1068 709 1290 744; x_wconf 77' lang='grc' dir='ltr'>προῦποστάσης,</span> <span class='ocrx_word' id='word_1_195' title='bbox 1314 708 1379 744; x_wconf 84' lang='grc' dir='ltr'>παρ’</span> <span class='ocrx_word' id='word_1_196' title='bbox 1409 708 1506 735; x_wconf 78' lang='grc' dir='ltr'>ἑαυτοῦ</span> <span class='ocrx_word' id='word_1_197' title='bbox 1533 708 1561 735; x_wconf 78' lang='grc' dir='ltr'>δὲ</span> <span class='ocrx_word' id='word_1_198' title='bbox 1585 708 1668 744; x_wconf 80' lang='grc' dir='ltr'>πνοὴν</span> <span class='ocrx_word' id='word_1_199' title='bbox 1690 708 1777 739; x_wconf 73' lang='grc' dir='ltr'>ἐνθεὶς</span> <span class='ocrx_word' id='word_1_200' title='bbox 1800 709 1853 743; x_wconf 60' lang='lat'><strong>(90)</strong></span> 
     </span>
    </p>
   </div>
   <div class='ocr_carea' id='block_1_30' title="bbox 1069 753 1853 790">
    <p class='ocr_par' dir='ltr' id='par_1_30' title="bbox 1069 753 1853 790">
     <span class='ocr_line' id='line_1_30' title="bbox 1069 753 1853 790; baseline 0 -10"><span class='ocrx_word' id='word_1_201' title='bbox 1069 754 1092 788; x_wconf 73' lang='grc' dir='ltr'><strong>(ὃ</strong></span> <span class='ocrx_word' id='word_1_202' title='bbox 1111 754 1142 790; x_wconf 87' lang='grc' dir='ltr'>δὴ</span> <span class='ocrx_word' id='word_1_203' title='bbox 1156 754 1252 790; x_wconf 74' lang='grc' dir='ltr'>νοερὰν</span> <span class='ocrx_word' id='word_1_204' title='bbox 1273 755 1361 789; x_wconf 62' lang='grc' dir='ltr'>ψυχὴν</span> <span class='ocrx_word' id='word_1_205' title='bbox 1375 755 1422 780; x_wconf 76' lang='grc' dir='ltr'>καὶ</span> <span class='ocrx_word' id='word_1_206' title='bbox 1444 754 1534 781; x_wconf 86' lang='grc' dir='ltr'>είκόνα</span> <span class='ocrx_word' id='word_1_207' title='bbox 1549 754 1617 781; x_wconf 78' lang='grc' dir='ltr'>Θεοῦ</span> <span class='ocrx_word' id='word_1_208' title='bbox 1632 753 1700 781; x_wconf 71' lang='grc' dir='ltr'>οἶδεν</span> <span class='ocrx_word' id='word_1_209' title='bbox 1721 755 1734 781; x_wconf 81' lang='grc' dir='ltr'><strong>ὁ</strong></span> <span class='ocrx_word' id='word_1_210' title='bbox 1753 754 1853 788; x_wconf 80' lang='grc' dir='ltr'>λόγος),</span> 
     </span>
    </p>
   </div>
   <div class='ocr_carea' id='block_1_31' title="bbox 1067 798 1856 837">
    <p class='ocr_par' dir='ltr' id='par_1_31' title="bbox 1067 798 1856 837">
     <span class='ocr_line' id='line_1_31' title="bbox 1067 798 1856 837; baseline -0.001 -10"><span class='ocrx_word' id='word_1_211' title='bbox 1067 798 1122 827; x_wconf 79' lang='grc' dir='ltr'>οἷόν</span> <span class='ocrx_word' id='word_1_212' title='bbox 1142 809 1205 827; x_wconf 84' lang='grc' dir='ltr'>τινα</span> <span class='ocrx_word' id='word_1_213' title='bbox 1221 801 1323 836; x_wconf 79' lang='grc' dir='ltr'>κόσμον</span> <span class='ocrx_word' id='word_1_214' title='bbox 1341 801 1434 837; x_wconf 75' lang='grc' dir='ltr'>ἕτερον</span> <span class='ocrx_word' id='word_1_215' title='bbox 1447 822 1454 832; x_wconf 94' lang='grc'><strong>,</strong></span> <span class='ocrx_word' id='word_1_216' title='bbox 1470 801 1499 828; x_wconf 81' lang='grc' dir='ltr'>ὲν</span> <span class='ocrx_word' id='word_1_217' title='bbox 1514 801 1604 836; x_wconf 81' lang='grc' dir='ltr'>μικρῷ</span> <span class='ocrx_word' id='word_1_218' title='bbox 1623 801 1708 836; x_wconf 85' lang='grc' dir='ltr'>μέγαν</span> <span class='ocrx_word' id='word_1_219' title='bbox 1723 819 1730 832; x_wconf 88' lang='grc'><strong>,</strong></span> <span class='ocrx_word' id='word_1_220' title='bbox 1745 801 1792 827; x_wconf 73' lang='grc' dir='ltr'><strong>ἐπὶ</strong></span> <span class='ocrx_word' id='word_1_221' title='bbox 1807 801 1856 836; x_wconf 77' lang='grc' dir='ltr'>τῆς</span> 
     </span>
    </p>
   </div>
   <div class='ocr_carea' id='block_1_32' title="bbox 1067 846 1855 882">
    <p class='ocr_par' dir='ltr' id='par_1_32' title="bbox 1067 846 1855 882">
     <span class='ocr_line' id='line_1_32' title="bbox 1067 846 1855 882; baseline 0.001 -10"><span class='ocrx_word' id='word_1_222' title='bbox 1067 846 1118 881; x_wconf 80' lang='grc' dir='ltr'>γῆς</span> <span class='ocrx_word' id='word_1_223' title='bbox 1135 846 1240 881; x_wconf 74' lang='grc' dir='ltr'>ἵστησιν</span> <span class='ocrx_word' id='word_1_224' title='bbox 1251 866 1258 878; x_wconf 89' lang='grc'><strong>,</strong></span> <span class='ocrx_word' id='word_1_225' title='bbox 1285 846 1398 880; x_wconf 79' lang='grc' dir='ltr'>ἄγγελον</span> <span class='ocrx_word' id='word_1_226' title='bbox 1419 847 1497 874; x_wconf 82' lang='grc' dir='ltr'>ἄλλον</span> <span class='ocrx_word' id='word_1_227' title='bbox 1510 867 1518 879; x_wconf 89' lang='grc'><strong>,</strong></span> <span class='ocrx_word' id='word_1_228' title='bbox 1543 847 1732 882; x_wconf 75' lang='grc' dir='ltr'>προσκυνητὴν</span> <span class='ocrx_word' id='word_1_229' title='bbox 1750 847 1855 882; x_wconf 75' lang='grc' dir='ltr'>μικτὸν,</span> 
     </span>
    </p>
   </div>
   <div class='ocr_carea' id='block_1_33' title="bbox 1068 892 1855 928">
    <p class='ocr_par' dir='ltr' id='par_1_33' title="bbox 1068 892 1855 928">
     <span class='ocr_line' id='line_1_33' title="bbox 1068 892 1855 928; baseline 0.001 -10"><span class='ocrx_word' id='word_1_230' title='bbox 1068 892 1190 928; x_wconf 84' lang='grc' dir='ltr'>ὲπόπτην</span> <span class='ocrx_word' id='word_1_231' title='bbox 1203 893 1253 927; x_wconf 78' lang='grc' dir='ltr'>τῆς</span> <span class='ocrx_word' id='word_1_232' title='bbox 1269 892 1368 927; x_wconf 77' lang='grc' dir='ltr'>ὁρατῆς</span> <span class='ocrx_word' id='word_1_233' title='bbox 1382 892 1507 926; x_wconf 80' lang='grc' dir='ltr'><strong>κτίσεως,</strong></span> <span class='ocrx_word' id='word_1_234' title='bbox 1523 893 1627 928; x_wconf 80' lang='grc' dir='ltr'><strong>μύστην</strong></span> <span class='ocrx_word' id='word_1_235' title='bbox 1639 893 1686 928; x_wconf 82' lang='grc' dir='ltr'>τῆς</span> <span class='ocrx_word' id='word_1_236' title='bbox 1698 893 1855 928; x_wconf 72' lang='grc' dir='ltr'>νοουμένης,</span> 
     </span>
    </p>
   </div>
   <div class='ocr_carea' id='block_1_34' title="bbox 233 931 1019 974">
    <p class='ocr_par' dir='ltr' id='par_1_34' title="bbox 233 937 1013 973">
     <span class='ocr_line' id='line_1_34' title="bbox 233 937 1013 973; baseline -0.006 -6"><span class='ocrx_word' id='word_1_237' title='bbox 233 940 348 967; x_wconf 76' lang='lat' dir='ltr'><strong>visibilis</strong></span> <span class='ocrx_word' id='word_1_238' title='bbox 362 945 464 967; x_wconf 63' lang='lat' dir='ltr'><strong>natura:</strong></span> <span class='ocrx_word' id='word_1_239' title='bbox 478 943 668 973; x_wconf 77' lang='lat' dir='ltr'><strong>spectatorem,</strong></span> <span class='ocrx_word' id='word_1_240' title='bbox 685 937 874 964; x_wconf 78' lang='lat' dir='ltr'><strong>intellectualis</strong></span> <span class='ocrx_word' id='word_1_241' title='bbox 887 941 1013 971; x_wconf 88' lang='lat' dir='ltr'><strong>mystem,</strong></span> 
     </span>
    </p>
   </div>
   <div class='ocr_carea' id='block_1_35' title="bbox 1070 931 1857 974">
    <p class='ocr_par' dir='ltr' id='par_1_35' title="bbox 1070 938 1857 974">
     <span class='ocr_line' id='line_1_35' title="bbox 1070 938 1857 974; baseline 0 -10"><span class='ocrx_word' id='word_1_242' title='bbox 1070 938 1177 972; x_wconf 62' lang='grc' dir='ltr'>βασιλέα</span> <span class='ocrx_word' id='word_1_243' title='bbox 1193 938 1247 964; x_wconf 87' lang='grc' dir='ltr'>τῶν</span> <span class='ocrx_word' id='word_1_244' title='bbox 1265 938 1311 964; x_wconf 69' lang='grc' dir='ltr'><strong>ἐπὶ</strong></span> <span class='ocrx_word' id='word_1_245' title='bbox 1325 939 1377 973; x_wconf 83' lang='grc' dir='ltr'>γῆς</span> <span class='ocrx_word' id='word_1_246' title='bbox 1389 958 1396 969; x_wconf 84' lang='grc'><strong>,</strong></span> <span class='ocrx_word' id='word_1_247' title='bbox 1424 938 1630 974; x_wconf 78' lang='grc' dir='ltr'>βασιλευόμενον</span> <span class='ocrx_word' id='word_1_248' title='bbox 1650 938 1752 965; x_wconf 80' lang='grc' dir='ltr'>ἄνωθεν</span> <span class='ocrx_word' id='word_1_249' title='bbox 1763 958 1770 969; x_wconf 94' lang='grc'><strong>,</strong></span> <span class='ocrx_word' id='word_1_250' title='bbox 1797 939 1857 964; x_wconf 77' lang='grc' dir='ltr'>ἐπί-</span> 
     </span>
    </p>
   </div>
   <div class='ocr_carea' id='block_1_36' title="bbox 234 983 1016 1020">
    <p class='ocr_par' dir='ltr' id='par_1_36' title="bbox 234 983 1016 1020">
     <span class='ocr_line' id='line_1_36' title="bbox 234 983 1016 1020; baseline -0.006 -8"><span class='ocrx_word' id='word_1_251' title='bbox 234 995 337 1018; x_wconf 87' lang='lat' dir='ltr'><strong>eorum,</strong></span> <span class='ocrx_word' id='word_1_252' title='bbox 359 993 418 1020; x_wconf 71' lang='lat' dir='ltr'><strong>qua:</strong></span> <span class='ocrx_word' id='word_1_253' title='bbox 438 986 463 1012; x_wconf 91' lang='lat' dir='ltr'><strong>in</strong></span> <span class='ocrx_word' id='word_1_254' title='bbox 491 989 562 1012; x_wconf 84' lang='lat' dir='ltr'><strong>terra</strong></span> <span class='ocrx_word' id='word_1_255' title='bbox 582 989 655 1016; x_wconf 86' lang='lat' dir='ltr'><strong>sunt,</strong></span> <span class='ocrx_word' id='word_1_256' title='bbox 673 991 775 1018; x_wconf 75' lang='lat' dir='ltr'><strong>regem,</strong></span> <span class='ocrx_word' id='word_1_257' title='bbox 800 983 906 1017; x_wconf 82' lang='lat' dir='ltr'><strong>superis</strong></span> <span class='ocrx_word' id='word_1_258' title='bbox 927 987 1016 1009; x_wconf 85' lang='lat' dir='ltr'><strong>autent</strong></span> 
     </span>
    </p>
   </div>
   <div class='ocr_carea' id='block_1_37' title="bbox 234 1027 1018 1063">
    <p class='ocr_par' dir='ltr' id='par_1_37' title="bbox 234 1027 1018 1063">
     <span class='ocr_line' id='line_1_37' title="bbox 234 1027 1018 1063; baseline -0.008 -4"><span class='ocrx_word' id='word_1_259' title='bbox 234 1032 382 1063; x_wconf 86' lang='lat' dir='ltr'><strong>subditum,</strong></span> <span class='ocrx_word' id='word_1_260' title='bbox 398 1035 534 1058; x_wconf 91' lang='lat' dir='ltr'><strong>terrenum</strong></span> <span class='ocrx_word' id='word_1_261' title='bbox 554 1035 581 1057; x_wconf 84' lang='lat' dir='ltr'><strong>et</strong></span> <span class='ocrx_word' id='word_1_262' title='bbox 595 1029 744 1061; x_wconf 68' lang='lat' dir='ltr'><strong>caelestem,</strong></span> <span class='ocrx_word' id='word_1_263' title='bbox 765 1029 898 1055; x_wconf 88' lang='lat' dir='ltr'><strong>caducqu</strong></span> <span class='ocrx_word' id='word_1_264' title='bbox 919 1033 948 1054; x_wconf 85' lang='lat' dir='ltr'><strong>et</strong></span> <span class='ocrx_word' id='word_1_265' title='bbox 967 1027 1018 1053; x_wconf 94' lang='lat' dir='ltr'><strong>im-</strong></span> 
     </span>
    </p>
   </div>
   <div class='ocr_carea' id='block_1_38' title="bbox 235 1073 1018 1110">
    <p class='ocr_par' dir='ltr' id='par_1_38' title="bbox 235 1073 1018 1110">
     <span class='ocr_line' id='line_1_38' title="bbox 235 1073 1018 1110; baseline -0.005 -6"><span class='ocrx_word' id='word_1_266' title='bbox 235 1077 385 1109; x_wconf 76' lang='lat' dir='ltr'><strong>mortalem,</strong></span> <span class='ocrx_word' id='word_1_267' title='bbox 413 1076 545 1103; x_wconf 76' lang='lat' dir='ltr'><strong>visibilem</strong></span> <span class='ocrx_word' id='word_1_268' title='bbox 571 1080 598 1102; x_wconf 88' lang='lat' dir='ltr'><strong>et</strong></span> <span class='ocrx_word' id='word_1_269' title='bbox 621 1074 826 1110; x_wconf 75' lang='lat' dir='ltr'><strong>intelligibilem,</strong></span> <span class='ocrx_word' id='word_1_270' title='bbox 843 1073 958 1101; x_wconf 88' lang='lat' dir='ltr'><strong>medium</strong></span> <span class='ocrx_word' id='word_1_271' title='bbox 978 1073 1018 1100; x_wconf 55' lang='lat' dir='ltr'><strong>in-</strong></span> 
     </span>
    </p>
   </div>
   <div class='ocr_carea' id='block_1_39' title="bbox 234 1118 1017 1157">
    <p class='ocr_par' dir='ltr' id='par_1_39' title="bbox 234 1118 1017 1157">
     <span class='ocr_line' id='line_1_39' title="bbox 234 1118 1017 1157; baseline -0.006 -8"><span class='ocrx_word' id='word_1_272' title='bbox 234 1129 277 1149; x_wconf 87' lang='lat' dir='ltr'><strong>ter</strong></span> <span class='ocrx_word' id='word_1_273' title='bbox 291 1121 500 1157; x_wconf 77' lang='lat' dir='ltr'><strong>magnitudinem</strong></span> <span class='ocrx_word' id='word_1_274' title='bbox 527 1125 554 1147; x_wconf 90' lang='lat' dir='ltr'><strong>et</strong></span> <span class='ocrx_word' id='word_1_275' title='bbox 577 1120 768 1152; x_wconf 84' lang='lat' dir='ltr'><strong>humilitatem.</strong></span> <span class='ocrx_word' id='word_1_276' title='bbox 787 1119 911 1148; x_wconf 89' lang='lat' dir='ltr'><strong>eumdem</strong></span> <span class='ocrx_word' id='word_1_277' title='bbox 937 1118 1017 1153; x_wconf 86' lang='lat' dir='ltr'><strong>spiri-</strong></span> 
     </span>
    </p>
   </div>
   <div class='ocr_carea' id='block_1_40' title="bbox 237 1164 1016 1201">
    <p class='ocr_par' dir='ltr' id='par_1_40' title="bbox 237 1164 1016 1201">
     <span class='ocr_line' id='line_1_40' title="bbox 237 1164 1016 1201; baseline -0.005 -8"><span class='ocrx_word' id='word_1_278' title='bbox 237 1173 292 1193; x_wconf 89' lang='lat' dir='ltr'><strong>tum</strong></span> <span class='ocrx_word' id='word_1_279' title='bbox 311 1172 338 1194; x_wconf 86' lang='lat' dir='ltr'><strong>et</strong></span> <span class='ocrx_word' id='word_1_280' title='bbox 350 1173 477 1197; x_wconf 83' lang='lat' dir='ltr'><strong>carnem;</strong></span> <span class='ocrx_word' id='word_1_281' title='bbox 495 1165 619 1201; x_wconf 76' lang='lat' dir='ltr'><strong>spiritum</strong></span> <span class='ocrx_word' id='word_1_282' title='bbox 638 1169 749 1200; x_wconf 86' lang='lat' dir='ltr'><strong>propter</strong></span> <span class='ocrx_word' id='word_1_283' title='bbox 769 1164 892 1198; x_wconf 73' lang='lat' dir='ltr'><strong>gratiam,</strong></span> <span class='ocrx_word' id='word_1_284' title='bbox 907 1169 1016 1190; x_wconf 84' lang='lat' dir='ltr'><strong>carnem</strong></span> 
     </span>
    </p>
   </div>
   <div class='ocr_carea' id='block_1_41' title="bbox 234 1211 1016 1246">
    <p class='ocr_par' dir='ltr' id='par_1_41' title="bbox 234 1211 1016 1246">
     <span class='ocr_line' id='line_1_41' title="bbox 234 1211 1016 1246; baseline -0.005 -8"><span class='ocrx_word' id='word_1_285' title='bbox 234 1213 269 1240; x_wconf 87' lang='lat' dir='ltr'><strong>ob</strong></span> <span class='ocrx_word' id='word_1_286' title='bbox 285 1212 428 1240; x_wconf 88' lang='lat' dir='ltr'><strong>elationem</strong></span> <span class='ocrx_word' id='word_1_287' title='bbox 449 1221 455 1238; x_wconf 95' lang='lat'><strong>:</strong></span> <span class='ocrx_word' id='word_1_288' title='bbox 477 1211 540 1238; x_wconf 89' lang='lat' dir='ltr'><strong>illud</strong></span> <span class='ocrx_word' id='word_1_289' title='bbox 561 1211 680 1246; x_wconf 84' lang='lat' dir='ltr'><strong>quidem,</strong></span> <span class='ocrx_word' id='word_1_290' title='bbox 697 1214 725 1237; x_wconf 91' lang='lat' dir='ltr'><strong>ut</strong></span> <span class='ocrx_word' id='word_1_291' title='bbox 747 1213 866 1241; x_wconf 86' lang='lat' dir='ltr'><strong>maneat,</strong></span> <span class='ocrx_word' id='word_1_292' title='bbox 889 1215 1016 1243; x_wconf 89' lang='lat' dir='ltr'><strong>eumqtte,</strong></span> 
     </span>
    </p>
   </div>
   <div class='ocr_carea' id='block_1_42' title="bbox 235 1255 1018 1293">
    <p class='ocr_par' dir='ltr' id='par_1_42' title="bbox 235 1255 1018 1293">
     <span class='ocr_line' id='line_1_42' title="bbox 235 1255 1018 1293; baseline -0.008 -7"><span class='ocrx_word' id='word_1_293' title='bbox 235 1260 310 1293; x_wconf 83' lang='lat' dir='ltr'><strong>cujus</strong></span> <span class='ocrx_word' id='word_1_294' title='bbox 325 1258 461 1286; x_wconf 82' lang='lat' dir='ltr'><strong>beneﬁciis</strong></span> <span class='ocrx_word' id='word_1_295' title='bbox 480 1262 591 1286; x_wconf 89' lang='lat' dir='ltr'><strong>ornatus</strong></span> <span class='ocrx_word' id='word_1_296' title='bbox 614 1262 665 1289; x_wconf 83' lang='lat' dir='ltr'><strong>est,</strong></span> <span class='ocrx_word' id='word_1_297' title='bbox 691 1255 877 1286; x_wconf 83' lang='lat' dir='ltr'><strong>concelebret;</strong></span> <span class='ocrx_word' id='word_1_298' title='bbox 894 1255 944 1281; x_wconf 91' lang='lat' dir='ltr'><strong>hoc</strong></span> <span class='ocrx_word' id='word_1_299' title='bbox 971 1262 1018 1280; x_wconf 86' lang='lat' dir='ltr'><strong>au-</strong></span> 
     </span>
    </p>
   </div>
   <div class='ocr_carea' id='block_1_43' title="bbox 236 1300 1017 1337">
    <p class='ocr_par' dir='ltr' id='par_1_43' title="bbox 236 1300 1017 1337">
     <span class='ocr_line' id='line_1_43' title="bbox 236 1300 1017 1337; baseline -0.009 -4"><span class='ocrx_word' id='word_1_300' title='bbox 236 1312 299 1337; x_wconf 89' lang='lat' dir='ltr'><strong>tem,</strong></span> <span class='ocrx_word' id='word_1_301' title='bbox 316 1310 344 1332; x_wconf 91' lang='lat' dir='ltr'><strong>ut</strong></span> <span class='ocrx_word' id='word_1_302' title='bbox 356 1309 477 1337; x_wconf 81' lang='lat' dir='ltr'><strong>vexetur,</strong></span> <span class='ocrx_word' id='word_1_303' title='bbox 492 1312 523 1331; x_wconf 87' lang='lat' dir='ltr'><strong>ac</strong></span> <span class='ocrx_word' id='word_1_304' title='bbox 540 1303 728 1330; x_wconf 79' lang='lat' dir='ltr'><strong>vexationihns</strong></span> <span class='ocrx_word' id='word_1_305' title='bbox 741 1302 928 1332; x_wconf 85' lang='lat' dir='ltr'><strong>admoneatur,</strong></span> <span class='ocrx_word' id='word_1_306' title='bbox 941 1304 969 1327; x_wconf 89' lang='lat' dir='ltr'><strong>et</strong></span> <span class='ocrx_word' id='word_1_307' title='bbox 985 1300 1017 1326; x_wconf 87' lang='lat' dir='ltr'><strong>de</strong></span> 
     </span>
    </p>
   </div>
   <div class='ocr_carea' id='block_1_44' title="bbox 237 1347 1015 1385">
    <p class='ocr_par' dir='ltr' id='par_1_44' title="bbox 237 1347 1015 1385">
     <span class='ocr_line' id='line_1_44' title="bbox 237 1347 1015 1385; baseline -0.01 -9"><span class='ocrx_word' id='word_1_308' title='bbox 237 1350 418 1385; x_wconf 78' lang='lat' dir='ltr'><strong>nmgnitudine</strong></span> <span class='ocrx_word' id='word_1_309' title='bbox 437 1349 487 1376; x_wconf 85' lang='lat' dir='ltr'><strong>sibi</strong></span> <span class='ocrx_word' id='word_1_310' title='bbox 504 1349 614 1384; x_wconf 79' lang='lat' dir='ltr'><strong>placens</strong></span> <span class='ocrx_word' id='word_1_311' title='bbox 629 1347 773 1375; x_wconf 87' lang='lat' dir='ltr'><strong>erudiatur</strong></span> <span class='ocrx_word' id='word_1_312' title='bbox 793 1350 820 1372; x_wconf 88' lang='lat' dir='ltr'><strong>et</strong></span> <span class='ocrx_word' id='word_1_313' title='bbox 842 1349 1015 1375; x_wconf 81' lang='lat' dir='ltr'><strong>coerceatur;</strong></span> 
     </span>
    </p>
   </div>
   <div class='ocr_carea' id='block_1_45' title="bbox 236 1390 1018 1431">
    <p class='ocr_par' dir='ltr' id='par_1_45' title="bbox 236 1390 1018 1431">
     <span class='ocr_line' id='line_1_45' title="bbox 236 1390 1018 1431; baseline -0.01 -7"><span class='ocrx_word' id='word_1_314' title='bbox 236 1397 333 1425; x_wconf 87' lang='lat' dir='ltr'><strong>animal</strong></span> <span class='ocrx_word' id='word_1_315' title='bbox 348 1397 391 1424; x_wconf 92' lang='lat' dir='ltr'><strong>hic</strong></span> <span class='ocrx_word' id='word_1_316' title='bbox 406 1397 479 1423; x_wconf 82' lang='lat' dir='ltr'><strong>varie</strong></span> <span class='ocrx_word' id='word_1_317' title='bbox 493 1396 680 1431; x_wconf 79' lang='lat' dir='ltr'><strong>gubernatum,</strong></span> <span class='ocrx_word' id='word_1_318' title='bbox 697 1399 778 1427; x_wconf 84' lang='lat' dir='ltr'><strong>atque</strong></span> <span class='ocrx_word' id='word_1_319' title='bbox 794 1392 847 1418; x_wconf 89' lang='lat' dir='ltr'><strong>alio</strong></span> <span class='ocrx_word' id='word_1_320' title='bbox 855 1390 1018 1425; x_wconf 73' lang='lat' dir='ltr'><strong>demigrans,</strong></span> 
     </span>
    </p>
   </div>
   <div class='ocr_carea' id='block_1_46' title="bbox 236 1436 1018 1477">
    <p class='ocr_par' dir='ltr' id='par_1_46' title="bbox 236 1436 1018 1477">
     <span class='ocr_line' id='line_1_46' title="bbox 236 1436 1018 1477; baseline -0.01 -7"><span class='ocrx_word' id='word_1_321' title='bbox 236 1448 275 1476; x_wconf 79' lang='lat' dir='ltr'><strong>et,</strong></span> <span class='ocrx_word' id='word_1_322' title='bbox 295 1443 364 1476; x_wconf 90' lang='lat' dir='ltr'><strong>quod</strong></span> <span class='ocrx_word' id='word_1_323' title='bbox 383 1442 503 1477; x_wconf 81' lang='lat' dir='ltr'><strong>mysterii</strong></span> <span class='ocrx_word' id='word_1_324' title='bbox 524 1445 676 1468; x_wconf 80' lang='lat' dir='ltr'><strong>extremum</strong></span> <span class='ocrx_word' id='word_1_325' title='bbox 694 1445 746 1471; x_wconf 85' lang='lat' dir='ltr'><strong>est,</strong></span> <span class='ocrx_word' id='word_1_326' title='bbox 771 1438 853 1465; x_wconf 89' lang='lat' dir='ltr'><strong>animi</strong></span> <span class='ocrx_word' id='word_1_327' title='bbox 879 1437 912 1464; x_wconf 84' lang='lat' dir='ltr'><strong>ad</strong></span> <span class='ocrx_word' id='word_1_328' title='bbox 933 1436 1018 1463; x_wconf 83' lang='lat' dir='ltr'><strong>Deum</strong></span> 
     </span>
    </p>
   </div>
   <div class='ocr_carea' id='block_1_47' title="bbox 238 1483 1020 1522">
    <p class='ocr_par' dir='ltr' id='par_1_47' title="bbox 238 1483 1020 1522">
     <span class='ocr_line' id='line_1_47' title="bbox 238 1483 1020 1522; baseline -0.008 -7"><span class='ocrx_word' id='word_1_329' title='bbox 238 1493 302 1516; x_wconf 89' lang='lat' dir='ltr'><strong>nutu</strong></span> <span class='ocrx_word' id='word_1_330' title='bbox 329 1493 356 1514; x_wconf 90' lang='lat' dir='ltr'><strong>et</strong></span> <span class='ocrx_word' id='word_1_331' title='bbox 379 1486 558 1522; x_wconf 81' lang='lat' dir='ltr'><strong>propensioue</strong></span> <span class='ocrx_word' id='word_1_332' title='bbox 581 1485 749 1513; x_wconf 72' lang='lat' dir='ltr'><strong>divinitatem</strong></span> <span class='ocrx_word' id='word_1_333' title='bbox 779 1490 958 1517; x_wconf 87' lang='lat' dir='ltr'><strong>consequens.</strong></span> <span class='ocrx_word' id='word_1_334' title='bbox 981 1483 1020 1510; x_wconf 87' lang='lat' dir='ltr'><strong>Eo</strong></span> 
     </span>
    </p>
   </div>
   <div class='ocr_carea' id='block_1_48' title="bbox 237 1529 1020 1565">
    <p class='ocr_par' dir='ltr' id='par_1_48' title="bbox 237 1529 1020 1565">
     <span class='ocr_line' id='line_1_48' title="bbox 237 1529 1020 1565; baseline -0.006 -4"><span class='ocrx_word' id='word_1_335' title='bbox 237 1535 308 1561; x_wconf 89' lang='lat' dir='ltr'><strong>enim</strong></span> <span class='ocrx_word' id='word_1_336' title='bbox 325 1533 392 1560; x_wconf 92' lang='lat' dir='ltr'><strong>mihi</strong></span> <span class='ocrx_word' id='word_1_337' title='bbox 407 1532 530 1559; x_wconf 83' lang='lat' dir='ltr'><strong>veritatis</strong></span> <span class='ocrx_word' id='word_1_338' title='bbox 556 1531 684 1565; x_wconf 86' lang='lat' dir='ltr'><strong>splendor</strong></span> <span class='ocrx_word' id='word_1_339' title='bbox 697 1531 751 1561; x_wconf 90' lang='lat' dir='ltr'><strong>ille,</strong></span> <span class='ocrx_word' id='word_1_340' title='bbox 770 1537 849 1564; x_wconf 87' lang='lat' dir='ltr'><strong>quem</strong></span> <span class='ocrx_word' id='word_1_341' title='bbox 864 1529 909 1556; x_wconf 92' lang='lat' dir='ltr'><strong>hic</strong></span> <span class='ocrx_word' id='word_1_342' title='bbox 924 1529 1020 1564; x_wconf 73' lang='lat' dir='ltr'><strong>exigue</strong></span> 
     </span>
    </p>
   </div>
   <div class='ocr_carea' id='block_1_49' title="bbox 1067 983 1857 1020">
    <p class='ocr_par' dir='ltr' id='par_1_49' title="bbox 1067 983 1857 1020">
     <span class='ocr_line' id='line_1_49' title="bbox 1067 983 1857 1020; baseline 0.001 -10"><span class='ocrx_word' id='word_1_343' title='bbox 1067 993 1097 1018; x_wconf 89' lang='grc' dir='ltr'><strong>γε</strong></span> <span class='ocrx_word' id='word_1_344' title='bbox 1103 992 1140 1010; x_wconf 88' lang='grc' dir='ltr'><strong>ιον</strong></span> <span class='ocrx_word' id='word_1_345' title='bbox 1155 984 1202 1010; x_wconf 75' lang='grc' dir='ltr'>καὶ</span> <span class='ocrx_word' id='word_1_346' title='bbox 1215 983 1338 1019; x_wconf 78' lang='grc' dir='ltr'>οὐράνιον</span> <span class='ocrx_word' id='word_1_347' title='bbox 1349 1005 1356 1016; x_wconf 88' lang='grc'><strong>,</strong></span> <span class='ocrx_word' id='word_1_348' title='bbox 1381 985 1547 1020; x_wconf 69' lang='grc' dir='ltr'>πρόσκαιρον</span> <span class='ocrx_word' id='word_1_349' title='bbox 1560 984 1608 1011; x_wconf 78' lang='grc' dir='ltr'>καὶ</span> <span class='ocrx_word' id='word_1_350' title='bbox 1624 984 1759 1011; x_wconf 81' lang='grc' dir='ltr'>ἀθάνατον</span> <span class='ocrx_word' id='word_1_351' title='bbox 1769 1005 1777 1016; x_wconf 88' lang='grc'><strong>,</strong></span> <span class='ocrx_word' id='word_1_352' title='bbox 1792 986 1857 1020; x_wconf 83' lang='grc' dir='ltr'>ὀρα-</span> 
     </span>
    </p>
   </div>
   <div class='ocr_carea' id='block_1_50' title="bbox 1067 1029 1858 1065">
    <p class='ocr_par' dir='ltr' id='par_1_50' title="bbox 1067 1029 1858 1065">
     <span class='ocr_line' id='line_1_50' title="bbox 1067 1029 1858 1065; baseline 0 -9"><span class='ocrx_word' id='word_1_353' title='bbox 1067 1029 1114 1057; x_wconf 82' lang='grc' dir='ltr'>τὸν</span> <span class='ocrx_word' id='word_1_354' title='bbox 1135 1030 1182 1056; x_wconf 76' lang='grc' dir='ltr'>καὶ</span> <span class='ocrx_word' id='word_1_355' title='bbox 1206 1029 1366 1064; x_wconf 83' lang='grc' dir='ltr'>νοούμενον,</span> <span class='ocrx_word' id='word_1_356' title='bbox 1386 1030 1468 1064; x_wconf 75' lang='grc' dir='ltr'>μέσον</span> <span class='ocrx_word' id='word_1_357' title='bbox 1483 1030 1538 1065; x_wconf 77' lang='grc'><strong>(91)</strong></span> <span class='ocrx_word' id='word_1_358' title='bbox 1557 1030 1689 1065; x_wconf 80' lang='grc' dir='ltr'>μεγέθους</span> <span class='ocrx_word' id='word_1_359' title='bbox 1703 1031 1750 1056; x_wconf 78' lang='grc' dir='ltr'><strong>καὶ</strong></span> <span class='ocrx_word' id='word_1_360' title='bbox 1763 1039 1858 1056; x_wconf 78' lang='grc' dir='ltr'>ταπει-</span> 
     </span>
    </p>
   </div>
   <div class='ocr_carea' id='block_1_51' title="bbox 1070 1074 1858 1111">
    <p class='ocr_par' dir='ltr' id='par_1_51' title="bbox 1070 1074 1858 1111">
     <span class='ocr_line' id='line_1_51' title="bbox 1070 1074 1858 1111; baseline 0.001 -10"><span class='ocrx_word' id='word_1_361' title='bbox 1070 1075 1182 1110; x_wconf 85' lang='grc' dir='ltr'>νότητος</span> <span class='ocrx_word' id='word_1_362' title='bbox 1195 1094 1201 1105; x_wconf 89' lang='grc'><strong>,</strong></span> <span class='ocrx_word' id='word_1_363' title='bbox 1218 1074 1264 1100; x_wconf 84' lang='grc' dir='ltr'>τὸν</span> <span class='ocrx_word' id='word_1_364' title='bbox 1279 1074 1360 1100; x_wconf 72' lang='grc' dir='ltr'>αὑτὸν</span> <span class='ocrx_word' id='word_1_365' title='bbox 1375 1075 1484 1110; x_wconf 84' lang='grc' dir='ltr'>πνεῦμα</span> <span class='ocrx_word' id='word_1_366' title='bbox 1505 1076 1552 1102; x_wconf 81' lang='grc' dir='ltr'>καὶ</span> <span class='ocrx_word' id='word_1_367' title='bbox 1568 1075 1674 1111; x_wconf 79' lang='grc' dir='ltr'>σάρκα’</span> <span class='ocrx_word' id='word_1_368' title='bbox 1692 1075 1800 1110; x_wconf 77' lang='grc' dir='ltr'>πνεῦμα</span> <span class='ocrx_word' id='word_1_369' title='bbox 1814 1076 1858 1102; x_wconf 72' lang='grc' dir='ltr'>διὰ</span> 
     </span>
    </p>
   </div>
   <div class='ocr_carea' id='block_1_52' title="bbox 1068 1120 1858 1157">
    <p class='ocr_par' dir='ltr' id='par_1_52' title="bbox 1068 1120 1858 1157">
     <span class='ocr_line' id='line_1_52' title="bbox 1068 1120 1858 1157; baseline 0.003 -11"><span class='ocrx_word' id='word_1_370' title='bbox 1068 1121 1116 1156; x_wconf 79' lang='grc' dir='ltr'>τὴν</span> <span class='ocrx_word' id='word_1_371' title='bbox 1131 1121 1220 1156; x_wconf 83' lang='grc' dir='ltr'>χάριν,</span> <span class='ocrx_word' id='word_1_372' title='bbox 1237 1120 1327 1156; x_wconf 82' lang='grc' dir='ltr'>σάρκα</span> <span class='ocrx_word' id='word_1_373' title='bbox 1339 1121 1383 1147; x_wconf 68' lang='grc' dir='ltr'><strong>διὰ</strong></span> <span class='ocrx_word' id='word_1_374' title='bbox 1398 1121 1447 1157; x_wconf 87' lang='grc' dir='ltr'>τὴν</span> <span class='ocrx_word' id='word_1_375' title='bbox 1463 1121 1577 1156; x_wconf 76' lang='grc' dir='ltr'>ἔπαρσιν</span> <span class='ocrx_word' id='word_1_376' title='bbox 1589 1130 1596 1136; x_wconf 81' lang='lat'>&#39;</span> <span class='ocrx_word' id='word_1_377' title='bbox 1613 1122 1644 1148; x_wconf 78' lang='grc' dir='ltr'>τὸ</span> <span class='ocrx_word' id='word_1_378' title='bbox 1659 1122 1707 1157; x_wconf 83' lang='grc' dir='ltr'>μὲν</span> <span class='ocrx_word' id='word_1_379' title='bbox 1721 1141 1728 1153; x_wconf 87' lang='grc'><strong>,</strong></span> <span class='ocrx_word' id='word_1_380' title='bbox 1747 1122 1792 1148; x_wconf 79' lang='grc' dir='ltr'>ἵνα</span> <span class='ocrx_word' id='word_1_381' title='bbox 1809 1122 1858 1157; x_wconf 80' lang='grc' dir='ltr'>μέ-</span> 
     </span>
    </p>
   </div>
   <div class='ocr_carea' id='block_1_53' title="bbox 1065 1166 1856 1202">
    <p class='ocr_par' dir='ltr' id='par_1_53' title="bbox 1065 1166 1856 1202">
     <span class='ocr_line' id='line_1_53' title="bbox 1065 1166 1856 1202; baseline 0.003 -9"><span class='ocrx_word' id='word_1_382' title='bbox 1065 1175 1109 1201; x_wconf 81' lang='grc' dir='ltr'>νῃ,</span> <span class='ocrx_word' id='word_1_383' title='bbox 1135 1167 1182 1193; x_wconf 80' lang='grc' dir='ltr'>καὶ</span> <span class='ocrx_word' id='word_1_384' title='bbox 1195 1166 1291 1202; x_wconf 79' lang='grc' dir='ltr'>δοξάζῃ</span> <span class='ocrx_word' id='word_1_385' title='bbox 1318 1167 1364 1193; x_wconf 84' lang='grc' dir='ltr'>τὸν</span> <span class='ocrx_word' id='word_1_386' title='bbox 1383 1167 1529 1202; x_wconf 79' lang='grc' dir='ltr'>εὐεργέτην</span> <span class='ocrx_word' id='word_1_387' title='bbox 1541 1175 1548 1182; x_wconf 88' lang='grc'><strong>·</strong></span> <span class='ocrx_word' id='word_1_388' title='bbox 1576 1167 1607 1194; x_wconf 80' lang='grc' dir='ltr'>τὸ</span> <span class='ocrx_word' id='word_1_389' title='bbox 1622 1167 1667 1199; x_wconf 73' lang='grc' dir='ltr'>δὲ,</span> <span class='ocrx_word' id='word_1_390' title='bbox 1684 1168 1727 1193; x_wconf 82' lang='grc' dir='ltr'>ἵνα</span> <span class='ocrx_word' id='word_1_391' title='bbox 1753 1167 1856 1202; x_wconf 61' lang='grc' dir='ltr'>πάσχῃ,</span> 
     </span>
    </p>
   </div>
   <div class='ocr_carea' id='block_1_54' title="bbox 1067 1212 1858 1248">
    <p class='ocr_par' dir='ltr' id='par_1_54' title="bbox 1067 1212 1858 1248">
     <span class='ocr_line' id='line_1_54' title="bbox 1067 1212 1858 1248; baseline 0.001 -10"><span class='ocrx_word' id='word_1_392' title='bbox 1067 1213 1114 1238; x_wconf 77' lang='grc' dir='ltr'>καὶ</span> <span class='ocrx_word' id='word_1_393' title='bbox 1137 1212 1249 1247; x_wconf 82' lang='grc' dir='ltr'>πάσχων</span> <span class='ocrx_word' id='word_1_394' title='bbox 1267 1213 1322 1248; x_wconf 71' lang='lat'><strong>(99.)</strong></span> <span class='ocrx_word' id='word_1_395' title='bbox 1342 1213 1604 1248; x_wconf 81' lang='grc' dir='ltr'>ὑπομιμνήσκηται,</span> <span class='ocrx_word' id='word_1_396' title='bbox 1630 1214 1677 1240; x_wconf 83' lang='grc' dir='ltr'>καὶ</span> <span class='ocrx_word' id='word_1_397' title='bbox 1698 1213 1858 1248; x_wconf 76' lang='grc' dir='ltr'>παιδεύηται</span> 
     </span>
    </p>
   </div>
   <div class='ocr_carea' id='block_1_55' title="bbox 1065 1258 1857 1294">
    <p class='ocr_par' dir='ltr' id='par_1_55' title="bbox 1065 1258 1857 1294">
     <span class='ocr_line' id='line_1_55' title="bbox 1065 1258 1857 1294; baseline 0 -9"><span class='ocrx_word' id='word_1_398' title='bbox 1065 1258 1104 1293; x_wconf 83' lang='grc' dir='ltr'>τῷ</span> <span class='ocrx_word' id='word_1_399' title='bbox 1113 1258 1221 1294; x_wconf 79' lang='grc' dir='ltr'>μεγέθει</span> <span class='ocrx_word' id='word_1_400' title='bbox 1230 1259 1454 1294; x_wconf 81' lang='grc' dir='ltr'>φιλοτιμούμενος</span> <span class='ocrx_word' id='word_1_401' title='bbox 1461 1258 1518 1293; x_wconf 77' lang='grc'><strong>(95)</strong></span> <span class='ocrx_word' id='word_1_402' title='bbox 1528 1258 1610 1290; x_wconf 81' lang='grc' dir='ltr'>’ζῶον</span> <span class='ocrx_word' id='word_1_403' title='bbox 1624 1258 1742 1285; x_wconf 74' lang='grc' dir='ltr'>ἐνταῦθα</span> <span class='ocrx_word' id='word_1_404' title='bbox 1752 1258 1810 1293; x_wconf 66' lang='grc'><strong>(94)</strong></span> <span class='ocrx_word' id='word_1_405' title='bbox 1819 1260 1843 1285; x_wconf 85' lang='grc' dir='ltr'><strong>οί</strong></span> <span class='ocrx_word' id='word_1_406' title='bbox 1850 1274 1857 1278; x_wconf 95' lang='grc'><strong>-</strong></span> 
     </span>
    </p>
   </div>
   <div class='ocr_carea' id='block_1_56' title="bbox 1066 1304 1859 1340">
    <p class='ocr_par' dir='ltr' id='par_1_56' title="bbox 1066 1304 1859 1340">
     <span class='ocr_line' id='line_1_56' title="bbox 1066 1304 1859 1340; baseline 0 -10"><span class='ocrx_word' id='word_1_407' title='bbox 1066 1305 1276 1340; x_wconf 80' lang='grc' dir='ltr'>κονομούμενον,</span> <span class='ocrx_word' id='word_1_408' title='bbox 1291 1306 1337 1331; x_wconf 79' lang='grc' dir='ltr'><strong>καὶ</strong></span> <span class='ocrx_word' id='word_1_409' title='bbox 1350 1304 1466 1339; x_wconf 79' lang='grc' dir='ltr'>ἀλλαχοῦ</span> <span class='ocrx_word' id='word_1_410' title='bbox 1486 1304 1691 1340; x_wconf 70' lang='grc' dir='ltr'>μεθιστάμενον,</span> <span class='ocrx_word' id='word_1_411' title='bbox 1707 1304 1755 1331; x_wconf 80' lang='grc' dir='ltr'>καὶ</span> <span class='ocrx_word' id='word_1_412' title='bbox 1773 1305 1859 1338; x_wconf 80' lang='grc' dir='ltr'>πέρας</span> 
     </span>
    </p>
   </div>
   <div class='ocr_carea' id='block_1_57' title="bbox 1071 1349 1859 1386">
    <p class='ocr_par' dir='ltr' id='par_1_57' title="bbox 1071 1349 1859 1386">
     <span class='ocr_line' id='line_1_57' title="bbox 1071 1349 1859 1386; baseline 0 -10"><span class='ocrx_word' id='word_1_413' title='bbox 1071 1349 1117 1376; x_wconf 74' lang='grc' dir='ltr'>τοῦ</span> <span class='ocrx_word' id='word_1_414' title='bbox 1136 1351 1284 1386; x_wconf 81' lang='grc' dir='ltr'>μυστηρίου</span> <span class='ocrx_word' id='word_1_415' title='bbox 1297 1371 1303 1382; x_wconf 93' lang='grc'><strong>,</strong></span> <span class='ocrx_word' id='word_1_416' title='bbox 1321 1352 1352 1386; x_wconf 84' lang='grc' dir='ltr'><strong>τῇ</strong></span> <span class='ocrx_word' id='word_1_417' title='bbox 1368 1351 1436 1386; x_wconf 82' lang='grc' dir='ltr'>πρὸς</span> <span class='ocrx_word' id='word_1_418' title='bbox 1447 1351 1513 1377; x_wconf 83' lang='grc' dir='ltr'>Θεὸν</span> <span class='ocrx_word' id='word_1_419' title='bbox 1529 1350 1618 1377; x_wconf 82' lang='grc' dir='ltr'>νεύσει</span> <span class='ocrx_word' id='word_1_420' title='bbox 1633 1350 1787 1385; x_wconf 76' lang='grc' dir='ltr'>θεούμενον.</span> <span class='ocrx_word' id='word_1_421' title='bbox 1814 1350 1859 1381; x_wconf 81' lang='grc' dir='ltr'>Εἰς</span> 
     </span>
    </p>
   </div>
   <div class='ocr_carea' id='block_1_58' title="bbox 1071 1395 1860 1432">
    <p class='ocr_par' dir='ltr' id='par_1_58' title="bbox 1071 1395 1860 1432">
     <span class='ocr_line' id='line_1_58' title="bbox 1071 1395 1860 1432; baseline -0.001 -10"><span class='ocrx_word' id='word_1_422' title='bbox 1071 1395 1150 1422; x_wconf 79' lang='grc' dir='ltr'>τοῦτο</span> <span class='ocrx_word' id='word_1_423' title='bbox 1162 1396 1217 1432; x_wconf 83' lang='grc' dir='ltr'><strong>γὰρ</strong></span> <span class='ocrx_word' id='word_1_424' title='bbox 1232 1397 1295 1432; x_wconf 77' lang='grc' dir='ltr'>ἐμοὶ</span> <span class='ocrx_word' id='word_1_425' title='bbox 1308 1397 1385 1432; x_wconf 80' lang='grc' dir='ltr'>φέρει</span> <span class='ocrx_word' id='word_1_426' title='bbox 1398 1396 1427 1422; x_wconf 84' lang='grc' dir='ltr'>τὸ</span> <span class='ocrx_word' id='word_1_427' title='bbox 1441 1396 1550 1431; x_wconf 77' lang='grc' dir='ltr'>μέτριον</span> <span class='ocrx_word' id='word_1_428' title='bbox 1565 1396 1681 1423; x_wconf 71' lang='grc' dir='ltr'>ἐνταῦθα</span> <span class='ocrx_word' id='word_1_429' title='bbox 1697 1395 1800 1430; x_wconf 76' lang='grc' dir='ltr'>φέγγος</span> <span class='ocrx_word' id='word_1_430' title='bbox 1811 1395 1860 1429; x_wconf 85' lang='grc' dir='ltr'>τῆς</span> 
     </span>
    </p>
   </div>
   <div class='ocr_carea' id='block_1_59' title="bbox 1071 1440 1859 1478">
    <p class='ocr_par' dir='ltr' id='par_1_59' title="bbox 1071 1440 1859 1478">
     <span class='ocr_line' id='line_1_59' title="bbox 1071 1440 1859 1478; baseline 0 -11"><span class='ocrx_word' id='word_1_431' title='bbox 1071 1441 1217 1476; x_wconf 78' lang='grc' dir='ltr'>ἀληθείας,</span> <span class='ocrx_word' id='word_1_432' title='bbox 1246 1441 1426 1478; x_wconf 82' lang='grc' dir='ltr'>λαμπρότητα</span> <span class='ocrx_word' id='word_1_433' title='bbox 1450 1441 1518 1468; x_wconf 80' lang='grc' dir='ltr'>Θεοῦ</span> <span class='ocrx_word' id='word_1_434' title='bbox 1540 1442 1586 1468; x_wconf 79' lang='grc' dir='ltr'>καὶ</span> <span class='ocrx_word' id='word_1_435' title='bbox 1610 1442 1671 1468; x_wconf 82' lang='grc' dir='ltr'>ἰδεῖν</span> <span class='ocrx_word' id='word_1_436' title='bbox 1696 1442 1743 1468; x_wconf 75' lang='grc' dir='ltr'>καὶ</span> <span class='ocrx_word' id='word_1_437' title='bbox 1764 1440 1859 1467; x_wconf 77' lang='grc' dir='ltr'>παθεῖν</span> 
     </span>
    </p>
   </div>
   <div class='ocr_carea' id='block_1_60' title="bbox 1072 1484 1860 1522">
    <p class='ocr_par' dir='ltr' id='par_1_60' title="bbox 1072 1484 1860 1522">
     <span class='ocr_line' id='line_1_60' title="bbox 1072 1484 1860 1522; baseline 0 -9"><span class='ocrx_word' id='word_1_438' title='bbox 1072 1486 1150 1518; x_wconf 83' lang='grc' dir='ltr'>ἀξίαν</span> <span class='ocrx_word' id='word_1_439' title='bbox 1167 1487 1213 1514; x_wconf 84' lang='grc' dir='ltr'>τοῦ</span> <span class='ocrx_word' id='word_1_440' title='bbox 1231 1488 1278 1514; x_wconf 71' lang='grc' dir='ltr'>καὶ</span> <span class='ocrx_word' id='word_1_441' title='bbox 1291 1488 1484 1522; x_wconf 79' lang='grc' dir='ltr'>συνδήσαντος,</span> <span class='ocrx_word' id='word_1_442' title='bbox 1499 1487 1683 1518; x_wconf 62' lang='grc' dir='ltr'>καὶλύσοντος</span> <span class='ocrx_word' id='word_1_443' title='bbox 1696 1507 1702 1520; x_wconf 88' lang='grc'><strong>,</strong></span> <span class='ocrx_word' id='word_1_444' title='bbox 1717 1487 1765 1513; x_wconf 81' lang='grc' dir='ltr'><strong>καὶ</strong></span> <span class='ocrx_word' id='word_1_445' title='bbox 1783 1484 1860 1517; x_wconf 77' lang='grc' dir='ltr'>αὖθις</span> 
     </span>
    </p>
   </div>
   <div class='ocr_carea' id='block_1_61' title="bbox 1073 1532 1509 1568">
    <p class='ocr_par' dir='ltr' id='par_1_61' title="bbox 1073 1532 1509 1568">
     <span class='ocr_line' id='line_1_61' title="bbox 1073 1532 1509 1568; baseline 0.002 -10"><span class='ocrx_word' id='word_1_446' title='bbox 1073 1532 1251 1567; x_wconf 77' lang='grc' dir='ltr'>συνδήσαντος</span> <span class='ocrx_word' id='word_1_447' title='bbox 1266 1532 1321 1568; x_wconf 84' lang='grc'><strong>(95)</strong></span> <span class='ocrx_word' id='word_1_448' title='bbox 1336 1532 1509 1567; x_wconf 68' lang='grc' dir='ltr'>ὑψηλότερον.</span> 
     </span>
    </p>
   </div>
   <div class='ocr_carea' id='block_1_62' title="bbox 238 1575 1860 1613">
    <p class='ocr_par' dir='ltr' id='par_1_62' title="bbox 238 1575 1860 1613">
     <span class='ocr_line' id='line_1_62' title="bbox 238 1575 1860 1613; baseline -0.002 -6"><span class='ocrx_word' id='word_1_449' title='bbox 238 1581 388 1610; x_wconf 87' lang='lat' dir='ltr'><strong>haurimus.</strong></span> <span class='ocrx_word' id='word_1_450' title='bbox 403 1578 500 1609; x_wconf 85' lang='lat' dir='ltr'><strong>tendit.</strong></span> <span class='ocrx_word' id='word_1_451' title='bbox 525 1582 554 1604; x_wconf 91' lang='lat' dir='ltr'><strong>ut</strong></span> <span class='ocrx_word' id='word_1_452' title='bbox 574 1577 619 1604; x_wconf 88' lang='lat' dir='ltr'><strong>Dei</strong></span> <span class='ocrx_word' id='word_1_453' title='bbox 634 1576 784 1603; x_wconf 84' lang='lat' dir='ltr'><strong>claritatem</strong></span> <span class='ocrx_word' id='word_1_454' title='bbox 813 1579 841 1602; x_wconf 90' lang='lat' dir='ltr'><strong>et</strong></span> <span class='ocrx_word' id='word_1_455' title='bbox 867 1575 972 1602; x_wconf 86' lang='lat' dir='ltr'><strong>videam</strong></span> <span class='ocrx_word' id='word_1_456' title='bbox 1006 1581 1033 1603; x_wconf 88' lang='lat' dir='ltr'><strong>et</strong></span> <span class='ocrx_word' id='word_1_457' title='bbox 1051 1578 1167 1605; x_wconf 83' lang='lat' dir='ltr'><strong>sentiam</strong></span> <span class='ocrx_word' id='word_1_458' title='bbox 1192 1578 1299 1613; x_wconf 73' lang='lat' dir='ltr'><strong>dignam</strong></span> <span class='ocrx_word' id='word_1_459' title='bbox 1319 1580 1369 1611; x_wconf 72' lang='lat' dir='ltr'><strong>eo,‘</strong></span> <span class='ocrx_word' id='word_1_460' title='bbox 1389 1578 1434 1612; x_wconf 89' lang='lat' dir='ltr'><strong>qui</strong></span> <span class='ocrx_word' id='word_1_461' title='bbox 1450 1583 1477 1605; x_wconf 80' lang='lat' dir='ltr'><strong>et</strong></span> <span class='ocrx_word' id='word_1_462' title='bbox 1493 1577 1668 1609; x_wconf 75' lang='lat' dir='ltr'><strong>constrinxit,</strong></span> <span class='ocrx_word' id='word_1_463' title='bbox 1700 1582 1728 1605; x_wconf 88' lang='lat' dir='ltr'><strong>et</strong></span> <span class='ocrx_word' id='word_1_464' title='bbox 1761 1577 1860 1604; x_wconf 83' lang='lat' dir='ltr'><strong>dissol-</strong></span> 
     </span>
    </p>
   </div>
   <div class='ocr_carea' id='block_1_63' title="bbox 237 1623 1060 1659">
    <p class='ocr_par' dir='ltr' id='par_1_63' title="bbox 237 1623 1060 1659">
     <span class='ocr_line' id='line_1_63' title="bbox 237 1623 1060 1659; baseline -0.005 -3"><span class='ocrx_word' id='word_1_465' title='bbox 237 1633 292 1658; x_wconf 77' lang='lat' dir='ltr'><strong>vet.</strong></span> <span class='ocrx_word' id='word_1_466' title='bbox 318 1635 350 1654; x_wconf 83' lang='lat' dir='ltr'><strong>ac</strong></span> <span class='ocrx_word' id='word_1_467' title='bbox 365 1633 458 1653; x_wconf 86' lang='lat' dir='ltr'><strong>rursus</strong></span> <span class='ocrx_word' id='word_1_468' title='bbox 471 1625 647 1652; x_wconf 76' lang='lat' dir='ltr'><strong>excellentius</strong></span> <span class='ocrx_word' id='word_1_469' title='bbox 668 1623 862 1658; x_wconf 88' lang='lat' dir='ltr'><strong>sublimiusque</strong></span> <span class='ocrx_word' id='word_1_470' title='bbox 882 1624 1060 1659; x_wconf 71' lang='lat' dir='ltr'><strong>constringet.</strong></span> 
     </span>
    </p>
   </div>
   <div class='ocr_carea' id='block_1_64' title="bbox 274 1668 1019 1706">
    <p class='ocr_par' dir='ltr' id='par_1_64' title="bbox 274 1668 1018 1700">
     <span class='ocr_line' id='line_1_64' title="bbox 274 1668 1018 1700; baseline -0.003 -4"><span class='ocrx_word' id='word_1_471' title='bbox 274 1671 340 1698; x_wconf 79' lang='lat' dir='ltr'><strong>Vill.</strong></span> <span class='ocrx_word' id='word_1_472' title='bbox 359 1670 436 1698; x_wconf 90' lang='lat' dir='ltr'><strong>Hunc</strong></span> <span class='ocrx_word' id='word_1_473' title='bbox 449 1670 553 1697; x_wconf 88' lang='lat' dir='ltr'><strong>arbitrii</strong></span> <span class='ocrx_word' id='word_1_474' title='bbox 569 1669 692 1696; x_wconf 86' lang='lat' dir='ltr'><strong>libertate</strong></span> <span class='ocrx_word' id='word_1_475' title='bbox 713 1668 851 1700; x_wconf 85' lang='lat' dir='ltr'><strong>donatum,</strong></span> <span class='ocrx_word' id='word_1_476' title='bbox 868 1673 897 1694; x_wconf 90' lang='lat' dir='ltr'><strong>nt</strong></span> <span class='ocrx_word' id='word_1_477' title='bbox 919 1669 1018 1694; x_wconf 87' lang='lat' dir='ltr'><strong>bonum</strong></span> 
     </span>
    </p>
   </div>
   <div class='ocr_carea' id='block_1_65' title="bbox 1070 1668 1862 1706">
    <p class='ocr_par' dir='ltr' id='par_1_65' title="bbox 1105 1669 1862 1706">
     <span class='ocr_line' id='line_1_65' title="bbox 1105 1669 1862 1706; baseline -0.003 -10"><span class='ocrx_word' id='word_1_478' title='bbox 1105 1671 1149 1697; x_wconf 81' lang='lat' dir='ltr'><strong>H’.</strong></span> <span class='ocrx_word' id='word_1_479' title='bbox 1173 1670 1273 1697; x_wconf 87' lang='grc' dir='ltr'>Τοῦτον</span> <span class='ocrx_word' id='word_1_480' title='bbox 1289 1671 1366 1698; x_wconf 72' lang='grc' dir='ltr'>ἔθετο</span> <span class='ocrx_word' id='word_1_481' title='bbox 1383 1672 1432 1706; x_wconf 80' lang='grc' dir='ltr'>μὲν</span> <span class='ocrx_word' id='word_1_482' title='bbox 1444 1672 1474 1697; x_wconf 77' lang='grc' dir='ltr'>ἐν</span> <span class='ocrx_word' id='word_1_483' title='bbox 1484 1670 1524 1706; x_wconf 72' lang='grc' dir='ltr'><strong>τῷ</strong></span> <span class='ocrx_word' id='word_1_484' title='bbox 1537 1669 1591 1705; x_wconf 87' lang='grc'><strong>(96)</strong></span> <span class='ocrx_word' id='word_1_485' title='bbox 1606 1669 1775 1704; x_wconf 83' lang='grc' dir='ltr'>παραδείσῳ,</span> <span class='ocrx_word' id='word_1_486' title='bbox 1788 1669 1862 1700; x_wconf 74' lang='grc' dir='ltr'>ὅστις</span> 
     </span>
    </p>
   </div>
   <div class='ocr_carea' id='block_1_66' title="bbox 239 1716 1021 1752">
    <p class='ocr_par' dir='ltr' id='par_1_66' title="bbox 239 1716 1021 1752">
     <span class='ocr_line' id='line_1_66' title="bbox 239 1716 1021 1752; baseline -0.003 -7"><span class='ocrx_word' id='word_1_487' title='bbox 239 1727 292 1746; x_wconf 91' lang='lat' dir='ltr'><strong>non</strong></span> <span class='ocrx_word' id='word_1_488' title='bbox 310 1719 398 1744; x_wconf 88' lang='lat' dir='ltr'><strong>minus</strong></span> <span class='ocrx_word' id='word_1_489' title='bbox 411 1717 482 1744; x_wconf 89' lang='lat' dir='ltr'><strong>illius</strong></span> <span class='ocrx_word' id='word_1_490' title='bbox 496 1722 576 1750; x_wconf 81' lang='lat' dir='ltr'><strong>esset,</strong></span> <span class='ocrx_word' id='word_1_491' title='bbox 592 1717 636 1752; x_wconf 89' lang='lat' dir='ltr'><strong>qui</strong></span> <span class='ocrx_word' id='word_1_492' title='bbox 652 1717 789 1751; x_wconf 80' lang='lat' dir='ltr'><strong>elegisset,</strong></span> <span class='ocrx_word' id='word_1_493' title='bbox 800 1724 880 1751; x_wconf 88' lang='lat' dir='ltr'><strong>quam</strong></span> <span class='ocrx_word' id='word_1_494' title='bbox 897 1716 966 1751; x_wconf 78' lang='lat' dir='ltr'><strong>ejus,</strong></span> <span class='ocrx_word' id='word_1_495' title='bbox 976 1717 1021 1750; x_wconf 81' lang='lat' dir='ltr'><strong>qui</strong></span> 
     </span>
    </p>
   </div>
   <div class='ocr_carea' id='block_1_67' title="bbox 239 1762 1019 1798">
    <p class='ocr_par' dir='ltr' id='par_1_67' title="bbox 239 1762 1019 1798">
     <span class='ocr_line' id='line_1_67' title="bbox 239 1762 1019 1798; baseline -0.005 -6"><span class='ocrx_word' id='word_1_496' title='bbox 239 1765 343 1794; x_wconf 78' lang='lat' dir='ltr'><strong>semina</strong></span> <span class='ocrx_word' id='word_1_497' title='bbox 359 1763 527 1798; x_wconf 68' lang='lat' dir='ltr'><strong>praebuisset,</strong></span> <span class='ocrx_word' id='word_1_498' title='bbox 546 1764 571 1790; x_wconf 95' lang='lat' dir='ltr'><strong>in</strong></span> <span class='ocrx_word' id='word_1_499' title='bbox 594 1763 720 1796; x_wconf 81' lang='lat' dir='ltr'><strong>paradiso</strong></span> <span class='ocrx_word' id='word_1_500' title='bbox 735 1762 900 1796; x_wconf 85' lang='lat' dir='ltr'><strong>(quicunque</strong></span> <span class='ocrx_word' id='word_1_501' title='bbox 914 1763 1019 1788; x_wconf 82' lang='lat' dir='ltr'><strong>tandem</strong></span> 
     </span>
    </p>
   </div>
   <div class='ocr_carea' id='block_1_68' title="bbox 239 1806 1021 1842">
    <p class='ocr_par' dir='ltr' id='par_1_68' title="bbox 239 1806 1021 1842">
     <span class='ocr_line' id='line_1_68' title="bbox 239 1806 1021 1842; baseline -0.003 -8"><span class='ocrx_word' id='word_1_502' title='bbox 239 1813 297 1835; x_wconf 88' lang='lat' dir='ltr'><strong>erat</strong></span> <span class='ocrx_word' id='word_1_503' title='bbox 313 1807 454 1842; x_wconf 86' lang='lat' dir='ltr'><strong>paradisus</strong></span> <span class='ocrx_word' id='word_1_504' title='bbox 471 1807 535 1842; x_wconf 83' lang='lat' dir='ltr'><strong>ille),</strong></span> <span class='ocrx_word' id='word_1_505' title='bbox 553 1807 693 1837; x_wconf 68' lang='lat' dir='ltr'><strong>collocat”,</strong></span> <span class='ocrx_word' id='word_1_506' title='bbox 716 1806 866 1840; x_wconf 86' lang='lat' dir='ltr'><strong>plantarum</strong></span> <span class='ocrx_word' id='word_1_507' title='bbox 883 1807 1021 1832; x_wconf 81' lang='lat' dir='ltr'><strong>innuorta-</strong></span> 
     </span>
    </p>
   </div>
   <div class='ocr_carea' id='block_1_69' title="bbox 239 1851 1023 1886">
    <p class='ocr_par' dir='ltr' id='par_1_69' title="bbox 239 1851 1023 1886">
     <span class='ocr_line' id='line_1_69' title="bbox 239 1851 1023 1886; baseline -0.004 -6"><span class='ocrx_word' id='word_1_508' title='bbox 239 1854 303 1881; x_wconf 89' lang='lat' dir='ltr'><strong>liutn</strong></span> <span class='ocrx_word' id='word_1_509' title='bbox 319 1853 462 1885; x_wconf 85' lang='lat' dir='ltr'><strong>cultorem,</strong></span> <span class='ocrx_word' id='word_1_510' title='bbox 482 1853 532 1880; x_wconf 90' lang='lat' dir='ltr'><strong>hoc</strong></span> <span class='ocrx_word' id='word_1_511' title='bbox 546 1858 597 1885; x_wconf 86' lang='lat' dir='ltr'><strong>est,</strong></span> <span class='ocrx_word' id='word_1_512' title='bbox 619 1852 732 1879; x_wconf 82' lang='lat' dir='ltr'><strong>fortasse</strong></span> <span class='ocrx_word' id='word_1_513' title='bbox 753 1852 904 1879; x_wconf 90' lang='lat' dir='ltr'><strong>divinarum</strong></span> <span class='ocrx_word' id='word_1_514' title='bbox 922 1851 1023 1886; x_wconf 46' lang='lat' dir='ltr'><strong>cogita»</strong></span> 
     </span>
    </p>
   </div>
   <div class='ocr_carea' id='block_1_70' title="bbox 241 1897 1023 1934">
    <p class='ocr_par' dir='ltr' id='par_1_70' title="bbox 241 1897 1023 1934">
     <span class='ocr_line' id='line_1_70' title="bbox 241 1897 1023 1934; baseline -0.004 -7"><span class='ocrx_word' id='word_1_515' title='bbox 241 1900 354 1933; x_wconf 80' lang='lat' dir='ltr'><strong>tionttnt,</strong></span> <span class='ocrx_word' id='word_1_516' title='bbox 379 1905 432 1926; x_wconf 91' lang='lat' dir='ltr'><strong>tam</strong></span> <span class='ocrx_word' id='word_1_517' title='bbox 449 1899 654 1934; x_wconf 87' lang='lat' dir='ltr'><strong>simpliciorum,</strong></span> <span class='ocrx_word' id='word_1_518' title='bbox 670 1906 749 1932; x_wconf 86' lang='lat' dir='ltr'><strong>quam</strong></span> <span class='ocrx_word' id='word_1_519' title='bbox 764 1897 964 1932; x_wconf 75' lang='lat' dir='ltr'><strong>perfectiornm,</strong></span> <span class='ocrx_word' id='word_1_520' title='bbox 976 1907 1023 1925; x_wconf 91' lang='lat' dir='ltr'><strong>nn-</strong></span> 
     </span>
    </p>
   </div>
   <div class='ocr_carea' id='block_1_71' title="bbox 240 1944 1022 1980">
    <p class='ocr_par' dir='ltr' id='par_1_71' title="bbox 240 1944 1022 1980">
     <span class='ocr_line' id='line_1_71' title="bbox 240 1944 1022 1980; baseline -0.001 -8"><span class='ocrx_word' id='word_1_521' title='bbox 240 1947 303 1972; x_wconf 77' lang='lat' dir='ltr'><strong>tium</strong></span> <span class='ocrx_word' id='word_1_522' title='bbox 320 1954 367 1980; x_wconf 86' lang='lat' dir='ltr'><strong>per</strong></span> <span class='ocrx_word' id='word_1_523' title='bbox 382 1945 592 1979; x_wconf 82' lang='lat' dir='ltr'><strong>simplicitatem,</strong></span> <span class='ocrx_word' id='word_1_524' title='bbox 606 1949 633 1971; x_wconf 90' lang='lat' dir='ltr'><strong>et</strong></span> <span class='ocrx_word' id='word_1_525' title='bbox 647 1945 728 1970; x_wconf 86' lang='lat' dir='ltr'><strong>vitam</strong></span> <span class='ocrx_word' id='word_1_526' title='bbox 745 1944 861 1972; x_wconf 84' lang='lat' dir='ltr'><strong>artiﬁcio</strong></span> <span class='ocrx_word' id='word_1_527' title='bbox 874 1950 1022 1976; x_wconf 86' lang='lat' dir='ltr'><strong>carentem,</strong></span> 
     </span>
    </p>
   </div>
   <div class='ocr_carea' id='block_1_72' title="bbox 241 1990 1022 2025">
    <p class='ocr_par' dir='ltr' id='par_1_72' title="bbox 241 1990 1022 2025">
     <span class='ocr_line' id='line_1_72' title="bbox 241 1990 1022 2025; baseline 0 -7"><span class='ocrx_word' id='word_1_528' title='bbox 241 1996 323 2025; x_wconf 88' lang='lat' dir='ltr'><strong>atque</strong></span> <span class='ocrx_word' id='word_1_529' title='bbox 339 1992 427 2018; x_wconf 89' lang='lat' dir='ltr'><strong>omnis</strong></span> <span class='ocrx_word' id='word_1_530' title='bbox 441 1990 618 2025; x_wconf 80' lang='lat' dir='ltr'><strong>integumenti</strong></span> <span class='ocrx_word' id='word_1_531' title='bbox 638 1995 665 2016; x_wconf 88' lang='lat' dir='ltr'><strong>et</strong></span> <span class='ocrx_word' id='word_1_532' title='bbox 692 1991 851 2017; x_wconf 85' lang='lat' dir='ltr'><strong>munimenti</strong></span> <span class='ocrx_word' id='word_1_533' title='bbox 877 1996 1022 2024; x_wconf 82' lang='lat' dir='ltr'><strong>expertem.</strong></span> 
     </span>
    </p>
   </div>
   <div class='ocr_carea' id='block_1_73' title="bbox 241 2036 1023 2071">
    <p class='ocr_par' dir='ltr' id='par_1_73' title="bbox 241 2036 1023 2071">
     <span class='ocr_line' id='line_1_73' title="bbox 241 2036 1023 2071; baseline 0 -7"><span class='ocrx_word' id='word_1_534' title='bbox 241 2036 333 2064; x_wconf 80' lang='lat' dir='ltr'><strong>Talem</strong></span> <span class='ocrx_word' id='word_1_535' title='bbox 358 2037 430 2064; x_wconf 91' lang='lat' dir='ltr'><strong>enim</strong></span> <span class='ocrx_word' id='word_1_536' title='bbox 456 2043 514 2063; x_wconf 64' lang='lat' dir='ltr'><strong>esse</strong></span> <span class='ocrx_word' id='word_1_537' title='bbox 535 2036 713 2063; x_wconf 85' lang='lat' dir='ltr'><strong>conveniebat</strong></span> <span class='ocrx_word' id='word_1_538' title='bbox 737 2043 809 2067; x_wconf 88' lang='lat' dir='ltr'><strong>eum,</strong></span> <span class='ocrx_word' id='word_1_539' title='bbox 842 2037 886 2070; x_wconf 85' lang='lat' dir='ltr'><strong>qui</strong></span> <span class='ocrx_word' id='word_1_540' title='bbox 909 2038 1023 2071; x_wconf 87' lang='lat' dir='ltr'><strong>primum</strong></span> 
     </span>
    </p>
   </div>
   <div class='ocr_carea' id='block_1_74' title="bbox 241 2082 1025 2116">
    <p class='ocr_par' dir='ltr' id='par_1_74' title="bbox 241 2082 1025 2116">
     <span class='ocr_line' id='line_1_74' title="bbox 241 2082 1025 2116; baseline 0.003 -7"><span class='ocrx_word' id='word_1_541' title='bbox 241 2087 313 2109; x_wconf 84' lang='lat' dir='ltr'><strong>esset</strong></span> <span class='ocrx_word' id='word_1_542' title='bbox 337 2087 455 2109; x_wconf 85' lang='lat' dir='ltr'><strong>creatus.</strong></span> <span class='ocrx_word' id='word_1_543' title='bbox 474 2083 512 2109; x_wconf 84' lang='lat' dir='ltr'><strong>Ac</strong></span> <span class='ocrx_word' id='word_1_544' title='bbox 533 2082 639 2116; x_wconf 74' lang='lat' dir='ltr'><strong>legem,</strong></span> <span class='ocrx_word' id='word_1_545' title='bbox 664 2082 741 2116; x_wconf 86' lang='lat' dir='ltr'><strong>quasi</strong></span> <span class='ocrx_word' id='word_1_546' title='bbox 770 2083 909 2109; x_wconf 89' lang='lat' dir='ltr'><strong>materiam</strong></span> <span class='ocrx_word' id='word_1_547' title='bbox 940 2083 1025 2111; x_wconf 90' lang='lat' dir='ltr'><strong>lihero</strong></span> 
     </span>
    </p>
   </div>
   <div class='ocr_carea' id='block_1_75' title="bbox 241 2127 1023 2162">
    <p class='ocr_par' dir='ltr' id='par_1_75' title="bbox 241 2127 1023 2162">
     <span class='ocr_line' id='line_1_75' title="bbox 241 2127 1023 2162; baseline 0 -7"><span class='ocrx_word' id='word_1_548' title='bbox 241 2128 355 2155; x_wconf 86' lang='lat' dir='ltr'><strong>arbitrio</strong></span> <span class='ocrx_word' id='word_1_549' title='bbox 382 2129 474 2155; x_wconf 88' lang='lat' dir='ltr'><strong>tradit.</strong></span> <span class='ocrx_word' id='word_1_550' title='bbox 490 2127 545 2154; x_wconf 77' lang='lat' dir='ltr'><strong>Lex</strong></span> <span class='ocrx_word' id='word_1_551' title='bbox 572 2133 662 2154; x_wconf 85' lang='lat' dir='ltr'><strong>autem</strong></span> <span class='ocrx_word' id='word_1_552' title='bbox 685 2127 742 2160; x_wconf 87' lang='lat' dir='ltr'><strong>illa,</strong></span> <span class='ocrx_word' id='word_1_553' title='bbox 763 2133 927 2162; x_wconf 68' lang='lat' dir='ltr'><strong>praeceptum</strong></span> <span class='ocrx_word' id='word_1_554' title='bbox 953 2135 1023 2161; x_wconf 86' lang='lat' dir='ltr'><strong>erat,</strong></span> 
     </span>
    </p>
   </div>
   <div class='ocr_carea' id='block_1_76' title="bbox 242 2174 1026 2209">
    <p class='ocr_par' dir='ltr' id='par_1_76' title="bbox 242 2174 1026 2209">
     <span class='ocr_line' id='line_1_76' title="bbox 242 2174 1026 2209; baseline 0.001 -8"><span class='ocrx_word' id='word_1_555' title='bbox 242 2182 295 2208; x_wconf 83' lang='lat' dir='ltr'><strong>quo</strong></span> <span class='ocrx_word' id='word_1_556' title='bbox 311 2174 550 2209; x_wconf 64' lang='lat' dir='ltr'><strong>praescribebatur,</strong></span> <span class='ocrx_word' id='word_1_557' title='bbox 567 2179 621 2200; x_wconf 92' lang='lat' dir='ltr'><strong>tum</strong></span> <span class='ocrx_word' id='word_1_558' title='bbox 637 2174 734 2207; x_wconf 87' lang='lat' dir='ltr'><strong>quibus</strong></span> <span class='ocrx_word' id='word_1_559' title='bbox 750 2174 892 2201; x_wconf 78' lang='lat' dir='ltr'><strong>arboribus</strong></span> <span class='ocrx_word' id='word_1_560' title='bbox 907 2174 930 2201; x_wconf 91' lang='lat' dir='ltr'><strong>ei</strong></span> <span class='ocrx_word' id='word_1_561' title='bbox 947 2179 1026 2202; x_wconf 88' lang='lat' dir='ltr'><strong>uten-</strong></span> 
     </span>
    </p>
   </div>
   <div class='ocr_carea' id='block_1_77' title="bbox 242 2219 1025 2254">
    <p class='ocr_par' dir='ltr' id='par_1_77' title="bbox 242 2219 1025 2254">
     <span class='ocr_line' id='line_1_77' title="bbox 242 2219 1025 2254; baseline 0 -7"><span class='ocrx_word' id='word_1_562' title='bbox 242 2222 304 2247; x_wconf 85' lang='lat' dir='ltr'><strong>dum</strong></span> <span class='ocrx_word' id='word_1_563' title='bbox 319 2225 401 2254; x_wconf 66' lang='lat' dir='ltr'><strong>esset,</strong></span> <span class='ocrx_word' id='word_1_564' title='bbox 419 2225 474 2247; x_wconf 90' lang='lat' dir='ltr'><strong>tum</strong></span> <span class='ocrx_word' id='word_1_565' title='bbox 492 2227 506 2246; x_wconf 94' lang='lat' dir='ltr'><strong>a</strong></span> <span class='ocrx_word' id='word_1_566' title='bbox 521 2227 572 2254; x_wconf 90' lang='lat' dir='ltr'><strong>qua</strong></span> <span class='ocrx_word' id='word_1_567' title='bbox 592 2227 688 2246; x_wconf 83' lang='lat' dir='ltr'><strong>manus</strong></span> <span class='ocrx_word' id='word_1_568' title='bbox 702 2219 878 2246; x_wconf 84' lang='lat' dir='ltr'><strong>abstinendae.</strong></span> <span class='ocrx_word' id='word_1_569' title='bbox 892 2219 928 2247; x_wconf 87' lang='lat' dir='ltr'><strong>Ea</strong></span> <span class='ocrx_word' id='word_1_570' title='bbox 945 2227 1025 2254; x_wconf 90' lang='lat' dir='ltr'><strong>porro</strong></span> 
     </span>
    </p>
   </div>
   <div class='ocr_carea' id='block_1_78' title="bbox 242 2264 1026 2300">
    <p class='ocr_par' dir='ltr' id='par_1_78' title="bbox 242 2264 1026 2300">
     <span class='ocr_line' id='line_1_78' title="bbox 242 2264 1026 2300; baseline 0 -7"><span class='ocrx_word' id='word_1_571' title='bbox 242 2271 302 2293; x_wconf 83' lang='lat' dir='ltr'><strong>erat</strong></span> <span class='ocrx_word' id='word_1_572' title='bbox 323 2266 444 2293; x_wconf 74' lang='lat' dir='ltr'><strong>scicntia:</strong></span> <span class='ocrx_word' id='word_1_573' title='bbox 464 2265 555 2296; x_wconf 84' lang='lat' dir='ltr'><strong>arbor,</strong></span> <span class='ocrx_word' id='word_1_574' title='bbox 573 2273 625 2292; x_wconf 93' lang='lat' dir='ltr'><strong>non</strong></span> <span class='ocrx_word' id='word_1_575' title='bbox 651 2264 694 2291; x_wconf 83' lang='lat' dir='ltr'><strong>illa</strong></span> <span class='ocrx_word' id='word_1_576' title='bbox 718 2265 836 2300; x_wconf 91' lang='lat' dir='ltr'><strong>quidem,</strong></span> <span class='ocrx_word' id='word_1_577' title='bbox 855 2271 902 2292; x_wconf 86' lang='lat' dir='ltr'><strong>aut</strong></span> <span class='ocrx_word' id='word_1_578' title='bbox 919 2265 988 2292; x_wconf 84' lang='lat' dir='ltr'><strong>male</strong></span> <span class='ocrx_word' id='word_1_579' title='bbox 1011 2274 1026 2293; x_wconf 87' lang='lat' dir='ltr'><strong>a</strong></span> 
     </span>
    </p>
   </div>
   <div class='ocr_carea' id='block_1_79' title="bbox 242 2310 1026 2346">
    <p class='ocr_par' dir='ltr' id='par_1_79' title="bbox 242 2310 1026 2346">
     <span class='ocr_line' id='line_1_79' title="bbox 242 2310 1026 2346; baseline 0.001 -9"><span class='ocrx_word' id='word_1_580' title='bbox 242 2312 373 2346; x_wconf 79' lang='lat' dir='ltr'><strong>principio</strong></span> <span class='ocrx_word' id='word_1_581' title='bbox 398 2311 511 2343; x_wconf 86' lang='lat' dir='ltr'><strong>consita,</strong></span> <span class='ocrx_word' id='word_1_582' title='bbox 533 2315 579 2337; x_wconf 90' lang='lat' dir='ltr'><strong>aut</strong></span> <span class='ocrx_word' id='word_1_583' title='bbox 598 2318 646 2344; x_wconf 91' lang='lat' dir='ltr'><strong>per</strong></span> <span class='ocrx_word' id='word_1_584' title='bbox 670 2311 796 2337; x_wconf 86' lang='lat' dir='ltr'><strong>invidiam</strong></span> <span class='ocrx_word' id='word_1_585' title='bbox 823 2310 964 2338; x_wconf 89' lang='lat' dir='ltr'><strong>interdicta</strong></span> <span class='ocrx_word' id='word_1_586' title='bbox 982 2315 1026 2346; x_wconf 85' lang='lat' dir='ltr'><strong>(ne</strong></span> 
     </span>
    </p>
   </div>
   <div class='ocr_carea' id='block_1_80' title="bbox 1074 1714 1862 1752">
    <p class='ocr_par' dir='ltr' id='par_1_80' title="bbox 1074 1714 1862 1752">
     <span class='ocr_line' id='line_1_80' title="bbox 1074 1714 1862 1752; baseline -0.003 -10"><span class='ocrx_word' id='word_1_587' title='bbox 1074 1717 1140 1742; x_wconf 80' lang='grc' dir='ltr'>ποτὲ</span> <span class='ocrx_word' id='word_1_588' title='bbox 1157 1714 1191 1751; x_wconf 82' lang='grc' dir='ltr'>ἦν</span> <span class='ocrx_word' id='word_1_589' title='bbox 1207 1717 1220 1743; x_wconf 79' lang='grc' dir='ltr'>ὁ</span> <span class='ocrx_word' id='word_1_590' title='bbox 1234 1717 1399 1752; x_wconf 85' lang='grc' dir='ltr'>παράδεισος</span> <span class='ocrx_word' id='word_1_591' title='bbox 1416 1714 1509 1748; x_wconf 77' lang='grc' dir='ltr'>οὗτος,</span> <span class='ocrx_word' id='word_1_592' title='bbox 1536 1716 1574 1751; x_wconf 84' lang='grc' dir='ltr'>τῷ</span> <span class='ocrx_word' id='word_1_593' title='bbox 1597 1715 1763 1749; x_wconf 81' lang='grc' dir='ltr'>αὑτεξουσίῳ</span> <span class='ocrx_word' id='word_1_594' title='bbox 1782 1715 1862 1749; x_wconf 77' lang='grc' dir='ltr'>τιμή-</span> 
     </span>
    </p>
   </div>
   <div class='ocr_carea' id='block_1_81' title="bbox 1075 1759 1860 1798">
    <p class='ocr_par' dir='ltr' id='par_1_81' title="bbox 1075 1759 1860 1798">
     <span class='ocr_line' id='line_1_81' title="bbox 1075 1759 1860 1798; baseline -0.001 -11"><span class='ocrx_word' id='word_1_595' title='bbox 1075 1770 1134 1793; x_wconf 87' lang='grc' dir='ltr'>σας,</span> <span class='ocrx_word' id='word_1_596' title='bbox 1147 1762 1178 1787; x_wconf 72' lang='grc' dir='ltr'><strong>ἶν’</strong></span> <span class='ocrx_word' id='word_1_597' title='bbox 1219 1762 1266 1788; x_wconf 78' lang='grc' dir='ltr'>τοῦ</span> <span class='ocrx_word' id='word_1_598' title='bbox 1278 1763 1405 1797; x_wconf 79' lang='grc' dir='ltr'>ἑλομένου</span> <span class='ocrx_word' id='word_1_599' title='bbox 1419 1762 1449 1789; x_wconf 82' lang='grc' dir='ltr'>τὸ</span> <span class='ocrx_word' id='word_1_600' title='bbox 1459 1762 1560 1797; x_wconf 79' lang='grc' dir='ltr'>ἀγαθὸν</span> <span class='ocrx_word' id='word_1_601' title='bbox 1571 1762 1620 1796; x_wconf 83' lang='grc' dir='ltr'>οὐχ</span> <span class='ocrx_word' id='word_1_602' title='bbox 1629 1759 1710 1797; x_wconf 81' lang='grc' dir='ltr'>ἦττον</span> <span class='ocrx_word' id='word_1_603' title='bbox 1721 1761 1738 1796; x_wconf 85' lang='grc' dir='ltr'>ἢ</span> <span class='ocrx_word' id='word_1_604' title='bbox 1750 1761 1797 1787; x_wconf 72' lang='grc' dir='ltr'>τοῦ</span> <span class='ocrx_word' id='word_1_605' title='bbox 1809 1761 1860 1795; x_wconf 60' lang='grc'><strong>(97)</strong></span> 
     </span>
    </p>
   </div>
   <div class='ocr_carea' id='block_1_82' title="bbox 1075 1807 1862 1843">
    <p class='ocr_par' dir='ltr' id='par_1_82' title="bbox 1075 1807 1862 1843">
     <span class='ocr_line' id='line_1_82' title="bbox 1075 1807 1862 1843; baseline -0.004 -9"><span class='ocrx_word' id='word_1_606' title='bbox 1075 1807 1261 1843; x_wconf 83' lang='grc' dir='ltr'>παρασχόντος</span> <span class='ocrx_word' id='word_1_607' title='bbox 1275 1808 1309 1834; x_wconf 84' lang='grc' dir='ltr'>τὰ</span> <span class='ocrx_word' id='word_1_608' title='bbox 1323 1809 1483 1843; x_wconf 80' lang='grc' dir='ltr'>σπέρματα,</span> <span class='ocrx_word' id='word_1_609' title='bbox 1507 1807 1598 1842; x_wconf 81' lang='grc' dir='ltr'>φυτῶν</span> <span class='ocrx_word' id='word_1_610' title='bbox 1617 1807 1759 1834; x_wconf 77' lang='grc' dir='ltr'>ἀθανάτων</span> <span class='ocrx_word' id='word_1_611' title='bbox 1776 1815 1862 1840; x_wconf 84' lang='grc' dir='ltr'>γεωρ-</span> 
     </span>
    </p>
   </div>
   <div class='ocr_carea' id='block_1_83' title="bbox 1073 1852 1862 1888">
    <p class='ocr_par' dir='ltr' id='par_1_83' title="bbox 1073 1852 1862 1888">
     <span class='ocr_line' id='line_1_83' title="bbox 1073 1852 1862 1888; baseline -0.004 -8"><span class='ocrx_word' id='word_1_612' title='bbox 1073 1853 1131 1887; x_wconf 80' lang='grc' dir='ltr'>γὸν,</span> <span class='ocrx_word' id='word_1_613' title='bbox 1149 1853 1229 1880; x_wconf 84' lang='grc' dir='ltr'>θείων</span> <span class='ocrx_word' id='word_1_614' title='bbox 1242 1853 1350 1880; x_wconf 77' lang='grc' dir='ltr'>ἐννοιῶν</span> <span class='ocrx_word' id='word_1_615' title='bbox 1368 1854 1432 1885; x_wconf 67' lang='grc' dir='ltr'>ἴσως</span> <span class='ocrx_word' id='word_1_616' title='bbox 1442 1875 1449 1886; x_wconf 93' lang='grc'><strong>,</strong></span> <span class='ocrx_word' id='word_1_617' title='bbox 1465 1854 1520 1880; x_wconf 81' lang='grc' dir='ltr'>τῶν</span> <span class='ocrx_word' id='word_1_618' title='bbox 1534 1862 1563 1880; x_wconf 84' lang='grc' dir='ltr'><strong>τε</strong></span> <span class='ocrx_word' id='word_1_619' title='bbox 1579 1852 1771 1888; x_wconf 81' lang='grc' dir='ltr'>ἁπλουστέρων</span> <span class='ocrx_word' id='word_1_620' title='bbox 1781 1872 1789 1883; x_wconf 89' lang='grc'><strong>,</strong></span> <span class='ocrx_word' id='word_1_621' title='bbox 1816 1852 1862 1878; x_wconf 70' lang='grc' dir='ltr'><strong>καὶ</strong></span> 
     </span>
    </p>
   </div>
   <div class='ocr_carea' id='block_1_84' title="bbox 1074 1898 1861 1935">
    <p class='ocr_par' dir='ltr' id='par_1_84' title="bbox 1074 1898 1861 1935">
     <span class='ocr_line' id='line_1_84' title="bbox 1074 1898 1861 1935; baseline -0.001 -10"><span class='ocrx_word' id='word_1_622' title='bbox 1074 1899 1127 1925; x_wconf 83' lang='grc' dir='ltr'>τῶν</span> <span class='ocrx_word' id='word_1_623' title='bbox 1144 1899 1332 1935; x_wconf 82' lang='grc' dir='ltr'>τελεωτέρων,</span> <span class='ocrx_word' id='word_1_624' title='bbox 1352 1900 1456 1934; x_wconf 76' lang='grc' dir='ltr'>γυμνὸν</span> <span class='ocrx_word' id='word_1_625' title='bbox 1469 1901 1501 1935; x_wconf 84' lang='grc' dir='ltr'>τῇ</span> <span class='ocrx_word' id='word_1_626' title='bbox 1517 1899 1665 1935; x_wconf 78' lang='grc' dir='ltr'>ἁπλότητι,</span> <span class='ocrx_word' id='word_1_627' title='bbox 1690 1899 1736 1925; x_wconf 81' lang='grc' dir='ltr'><strong>καὶ</strong></span> <span class='ocrx_word' id='word_1_628' title='bbox 1757 1898 1813 1933; x_wconf 82' lang='grc' dir='ltr'>ζωῇ</span> <span class='ocrx_word' id='word_1_629' title='bbox 1830 1900 1861 1933; x_wconf 79' lang='grc' dir='ltr'><strong>τῇ</strong></span> 
     </span>
    </p>
   </div>
   <div class='ocr_carea' id='block_1_85' title="bbox 1074 1944 1863 1980">
    <p class='ocr_par' dir='ltr' id='par_1_85' title="bbox 1074 1944 1863 1980">
     <span class='ocr_line' id='line_1_85' title="bbox 1074 1944 1863 1980; baseline -0.001 -10"><span class='ocrx_word' id='word_1_630' title='bbox 1074 1945 1197 1980; x_wconf 78' lang='grc' dir='ltr'>ἀτέχνῳ,</span> <span class='ocrx_word' id='word_1_631' title='bbox 1221 1945 1267 1971; x_wconf 74' lang='grc' dir='ltr'>καὶ</span> <span class='ocrx_word' id='word_1_632' title='bbox 1283 1945 1344 1980; x_wconf 85' lang='grc' dir='ltr'>δίχα</span> <span class='ocrx_word' id='word_1_633' title='bbox 1368 1945 1468 1976; x_wconf 81' lang='grc' dir='ltr'>παντὸς</span> <span class='ocrx_word' id='word_1_634' title='bbox 1481 1944 1705 1979; x_wconf 77' lang='grc' dir='ltr'>ἐπικαλύμματος</span> <span class='ocrx_word' id='word_1_635' title='bbox 1725 1944 1772 1970; x_wconf 80' lang='grc' dir='ltr'>καὶ</span> <span class='ocrx_word' id='word_1_636' title='bbox 1796 1952 1863 1978; x_wconf 74' lang='grc' dir='ltr'>προ-</span> 
     </span>
    </p>
   </div>
   <div class='ocr_carea' id='block_1_86' title="bbox 1075 1987 1861 2026">
    <p class='ocr_par' dir='ltr' id='par_1_86' title="bbox 1075 1987 1861 2026">
     <span class='ocr_line' id='line_1_86' title="bbox 1075 1987 1861 2026; baseline 0 -10"><span class='ocrx_word' id='word_1_637' title='bbox 1075 1990 1225 2026; x_wconf 78' lang='grc' dir='ltr'>ϐλήματος·</span> <span class='ocrx_word' id='word_1_638' title='bbox 1247 1991 1366 2018; x_wconf 84' lang='grc' dir='ltr'>τοιοῦτον</span> <span class='ocrx_word' id='word_1_639' title='bbox 1385 1991 1440 2026; x_wconf 81' lang='grc' dir='ltr'><strong>γὰρ</strong></span> <span class='ocrx_word' id='word_1_640' title='bbox 1457 1990 1576 2024; x_wconf 77' lang='grc' dir='ltr'>ἔπρεπεν</span> <span class='ocrx_word' id='word_1_641' title='bbox 1592 1987 1662 2016; x_wconf 76' lang='grc' dir='ltr'>εἶναι</span> <span class='ocrx_word' id='word_1_642' title='bbox 1676 1990 1721 2016; x_wconf 78' lang='grc' dir='ltr'><strong>τὸν</strong></span> <span class='ocrx_word' id='word_1_643' title='bbox 1741 1989 1789 2016; x_wconf 80' lang='grc' dir='ltr'><strong>ἀπ’</strong></span> <span class='ocrx_word' id='word_1_644' title='bbox 1812 1991 1861 2024; x_wconf 83' lang='grc' dir='ltr'><strong>ἁρ-</strong></span> 
     </span>
    </p>
   </div>
   <div class='ocr_carea' id='block_1_87' title="bbox 1075 2035 1862 2072">
    <p class='ocr_par' dir='ltr' id='par_1_87' title="bbox 1075 2035 1862 2072">
     <span class='ocr_line' id='line_1_87' title="bbox 1075 2035 1862 2072; baseline -0.005 -8"><span class='ocrx_word' id='word_1_645' title='bbox 1075 2037 1124 2072; x_wconf 87' lang='grc' dir='ltr'>χῆς</span> <span class='ocrx_word' id='word_1_646' title='bbox 1134 2045 1141 2051; x_wconf 89' lang='grc'><strong>·</strong></span> <span class='ocrx_word' id='word_1_647' title='bbox 1159 2038 1207 2064; x_wconf 74' lang='grc' dir='ltr'>καὶ</span> <span class='ocrx_word' id='word_1_648' title='bbox 1225 2037 1315 2064; x_wconf 86' lang='grc' dir='ltr'>δίδωσι</span> <span class='ocrx_word' id='word_1_649' title='bbox 1329 2037 1427 2072; x_wconf 83' lang='grc' dir='ltr'>νόμον,</span> <span class='ocrx_word' id='word_1_650' title='bbox 1447 2037 1512 2072; x_wconf 74' lang='grc' dir='ltr'>ὕλην</span> <span class='ocrx_word' id='word_1_651' title='bbox 1526 2036 1564 2071; x_wconf 84' lang='grc' dir='ltr'>τῷ</span> <span class='ocrx_word' id='word_1_652' title='bbox 1578 2035 1754 2071; x_wconf 76' lang='grc' dir='ltr'>αὺτεξουσὶῳ.</span> <span class='ocrx_word' id='word_1_653' title='bbox 1793 2036 1822 2061; x_wconf 82' lang='grc'><strong>’0</strong></span> <span class='ocrx_word' id='word_1_654' title='bbox 1835 2035 1862 2061; x_wconf 75' lang='grc' dir='ltr'>δὲ</span> 
     </span>
    </p>
   </div>
   <div class='ocr_carea' id='block_1_88' title="bbox 1074 2080 1862 2118">
    <p class='ocr_par' dir='ltr' id='par_1_88' title="bbox 1074 2080 1862 2118">
     <span class='ocr_line' id='line_1_88' title="bbox 1074 2080 1862 2118; baseline -0.003 -9"><span class='ocrx_word' id='word_1_655' title='bbox 1074 2083 1157 2118; x_wconf 84' lang='grc' dir='ltr'>νόμος</span> <span class='ocrx_word' id='word_1_656' title='bbox 1179 2080 1213 2118; x_wconf 86' lang='grc' dir='ltr'>ἦν</span> <span class='ocrx_word' id='word_1_657' title='bbox 1238 2083 1348 2118; x_wconf 80' lang='grc' dir='ltr'>ἐντολὴ,</span> <span class='ocrx_word' id='word_1_658' title='bbox 1375 2080 1412 2110; x_wconf 83' lang='grc' dir='ltr'>ὧν</span> <span class='ocrx_word' id='word_1_659' title='bbox 1426 2092 1456 2109; x_wconf 82' lang='grc' dir='ltr'><strong>τε</strong></span> <span class='ocrx_word' id='word_1_660' title='bbox 1471 2083 1656 2118; x_wconf 84' lang='grc' dir='ltr'>μεταληπτέον</span> <span class='ocrx_word' id='word_1_661' title='bbox 1670 2081 1745 2116; x_wconf 82' lang='grc' dir='ltr'>αὐτῷ</span> <span class='ocrx_word' id='word_1_662' title='bbox 1761 2081 1862 2116; x_wconf 78' lang='grc' dir='ltr'>φυτῶν,</span> 
     </span>
    </p>
   </div>
   <div class='ocr_carea' id='block_1_89' title="bbox 1074 2125 1864 2164">
    <p class='ocr_par' dir='ltr' id='par_1_89' title="bbox 1074 2125 1864 2164">
     <span class='ocr_line' id='line_1_89' title="bbox 1074 2125 1864 2164; baseline -0.001 -10"><span class='ocrx_word' id='word_1_663' title='bbox 1074 2129 1121 2154; x_wconf 77' lang='grc' dir='ltr'><strong>καὶ</strong></span> <span class='ocrx_word' id='word_1_664' title='bbox 1136 2125 1167 2155; x_wconf 81' lang='grc' dir='ltr'><strong>οὗ</strong></span> <span class='ocrx_word' id='word_1_665' title='bbox 1179 2130 1216 2164; x_wconf 84' lang='grc' dir='ltr'>μὴ</span> <span class='ocrx_word' id='word_1_666' title='bbox 1231 2129 1414 2164; x_wconf 80' lang='grc' dir='ltr'>προσαπτέον.</span> <span class='ocrx_word' id='word_1_667' title='bbox 1443 2129 1479 2156; x_wconf 87' lang='grc' dir='ltr'><strong>Τὺ</strong></span> <span class='ocrx_word' id='word_1_668' title='bbox 1498 2129 1526 2155; x_wconf 86' lang='grc' dir='ltr'>δὲ</span> <span class='ocrx_word' id='word_1_669' title='bbox 1539 2127 1584 2164; x_wconf 83' lang='grc' dir='ltr'>ἧν,</span> <span class='ocrx_word' id='word_1_670' title='bbox 1598 2128 1629 2156; x_wconf 83' lang='grc' dir='ltr'>τὸ</span> <span class='ocrx_word' id='word_1_671' title='bbox 1641 2127 1718 2161; x_wconf 80' lang='grc' dir='ltr'>ξύλον</span> <span class='ocrx_word' id='word_1_672' title='bbox 1732 2128 1781 2162; x_wconf 82' lang='grc' dir='ltr'>τῆς</span> <span class='ocrx_word' id='word_1_673' title='bbox 1799 2126 1864 2161; x_wconf 81' lang='grc' dir='ltr'>γνώ-</span> 
     </span>
    </p>
   </div>
   <div class='ocr_carea' id='block_1_90' title="bbox 1076 2173 1864 2210">
    <p class='ocr_par' dir='ltr' id='par_1_90' title="bbox 1076 2173 1864 2210">
     <span class='ocr_line' id='line_1_90' title="bbox 1076 2173 1864 2210; baseline -0.003 -10"><span class='ocrx_word' id='word_1_674' title='bbox 1076 2182 1155 2206; x_wconf 86' lang='grc' dir='ltr'>σεως,</span> <span class='ocrx_word' id='word_1_675' title='bbox 1172 2174 1235 2201; x_wconf 76' lang='grc' dir='ltr'>οὔτε</span> <span class='ocrx_word' id='word_1_676' title='bbox 1262 2176 1393 2209; x_wconf 73' lang='grc' dir='ltr'>φυτευθὲν</span> <span class='ocrx_word' id='word_1_677' title='bbox 1414 2176 1461 2202; x_wconf 83' lang='grc' dir='ltr'><strong>ἀπ’</strong></span> <span class='ocrx_word' id='word_1_678' title='bbox 1484 2175 1572 2210; x_wconf 82' lang='grc' dir='ltr'>ἀρχῆς</span> <span class='ocrx_word' id='word_1_679' title='bbox 1596 2174 1708 2206; x_wconf 82' lang='grc' dir='ltr'>κακῶς,</span> <span class='ocrx_word' id='word_1_680' title='bbox 1735 2173 1798 2200; x_wconf 76' lang='grc' dir='ltr'>οὗτε</span> <span class='ocrx_word' id='word_1_681' title='bbox 1814 2174 1864 2199; x_wconf 78' lang='grc' dir='ltr'><strong>ἀπ-</strong></span> 
     </span>
    </p>
   </div>
   <div class='ocr_carea' id='block_1_91' title="bbox 1075 2219 1863 2256">
    <p class='ocr_par' dir='ltr' id='par_1_91' title="bbox 1075 2219 1863 2256">
     <span class='ocr_line' id='line_1_91' title="bbox 1075 2219 1863 2256; baseline -0.001 -11"><span class='ocrx_word' id='word_1_682' title='bbox 1075 2220 1222 2255; x_wconf 76' lang='grc' dir='ltr'>αγορευθὲν</span> <span class='ocrx_word' id='word_1_683' title='bbox 1229 2220 1366 2256; x_wconf 84' lang='grc' dir='ltr'>φθονερῶς</span> <span class='ocrx_word' id='word_1_684' title='bbox 1379 2221 1429 2256; x_wconf 85' lang='grc' dir='ltr'><strong>(μὴ</strong></span> <span class='ocrx_word' id='word_1_685' title='bbox 1435 2221 1617 2256; x_wconf 82' lang='grc' dir='ltr'>πεμπέτωσαν</span> <span class='ocrx_word' id='word_1_686' title='bbox 1630 2221 1696 2247; x_wconf 66' lang='grc' dir='ltr'>’ἐκεῖ</span> <span class='ocrx_word' id='word_1_687' title='bbox 1711 2219 1761 2251; x_wconf 81' lang='grc' dir='ltr'><strong>τὰς</strong></span> <span class='ocrx_word' id='word_1_688' title='bbox 1776 2219 1863 2253; x_wconf 73' lang='grc' dir='ltr'>γλώσο</span> 
     </span>
    </p>
   </div>
   <div class='ocr_carea' id='block_1_92' title="bbox 1077 2264 1862 2302">
    <p class='ocr_par' dir='ltr' id='par_1_92' title="bbox 1077 2264 1862 2302">
     <span class='ocr_line' id='line_1_92' title="bbox 1077 2264 1862 2302; baseline -0.003 -10"><span class='ocrx_word' id='word_1_689' title='bbox 1077 2274 1125 2297; x_wconf 86' lang='grc' dir='ltr'><strong>σας</strong></span> <span class='ocrx_word' id='word_1_690' title='bbox 1138 2267 1161 2292; x_wconf 76' lang='grc' dir='ltr'>οἱ</span> <span class='ocrx_word' id='word_1_691' title='bbox 1176 2266 1316 2302; x_wconf 80' lang='grc' dir='ltr'>θεομάχοι,</span> <span class='ocrx_word' id='word_1_692' title='bbox 1337 2267 1404 2302; x_wconf 80' lang='grc' dir='ltr'>μηδὲ</span> <span class='ocrx_word' id='word_1_693' title='bbox 1419 2267 1465 2294; x_wconf 79' lang='grc' dir='ltr'>τὸν</span> <span class='ocrx_word' id='word_1_694' title='bbox 1479 2267 1539 2301; x_wconf 79' lang='grc' dir='ltr'>ὅφιν</span> <span class='ocrx_word' id='word_1_695' title='bbox 1558 2266 1759 2302; x_wconf 84' lang='grc' dir='ltr'>μιμείσθωσαν)</span> <span class='ocrx_word' id='word_1_696' title='bbox 1770 2273 1778 2281; x_wconf 87' lang='grc'><strong>·</strong></span> <span class='ocrx_word' id='word_1_697' title='bbox 1797 2264 1862 2290; x_wconf 78' lang='grc' dir='ltr'><strong>ἀλλὰ</strong></span> 
     </span>
    </p>
   </div>
   <div class='ocr_carea' id='block_1_93' title="bbox 1076 2309 1860 2348">
    <p class='ocr_par' dir='ltr' id='par_1_93' title="bbox 1076 2309 1860 2348">
     <span class='ocr_line' id='line_1_93' title="bbox 1076 2309 1860 2348; baseline -0.001 -10"><span class='ocrx_word' id='word_1_698' title='bbox 1076 2311 1156 2338; x_wconf 69' lang='grc' dir='ltr'>καλὸν</span> <span class='ocrx_word' id='word_1_699' title='bbox 1171 2312 1221 2347; x_wconf 79' lang='grc' dir='ltr'>μὲν</span> <span class='ocrx_word' id='word_1_700' title='bbox 1234 2313 1370 2348; x_wconf 76' lang='grc' dir='ltr'>εὐκαίρως</span> <span class='ocrx_word' id='word_1_701' title='bbox 1385 2313 1659 2348; x_wconf 75' lang='grc' dir='ltr'>μεταλαμϐανόμενον</span> <span class='ocrx_word' id='word_1_702' title='bbox 1676 2311 1790 2347; x_wconf 82' lang='grc' dir='ltr'>(θεωρία</span> <span class='ocrx_word' id='word_1_703' title='bbox 1805 2309 1860 2346; x_wconf 81' lang='grc'><strong>[98]</strong></span> 
     </span>
    </p>
   </div>
   <div class='ocr_carea' id='block_1_94' title="bbox 242 2351 1019 2394">
    <p class='ocr_par' dir='ltr' id='par_1_94' title="bbox 242 2356 1019 2392">
     <span class='ocr_line' id='line_1_94' title="bbox 242 2356 1019 2392; baseline 0 -9"><span class='ocrx_word' id='word_1_704' title='bbox 242 2357 303 2383; x_wconf 88' lang='lat' dir='ltr'><strong>illttc</strong></span> <span class='ocrx_word' id='word_1_705' title='bbox 321 2358 425 2392; x_wconf 73' lang='lat' dir='ltr'><strong>linguas</strong></span> <span class='ocrx_word' id='word_1_706' title='bbox 442 2364 504 2384; x_wconf 86' lang='lat' dir='ltr'><strong>suas</strong></span> <span class='ocrx_word' id='word_1_707' title='bbox 522 2357 567 2384; x_wconf 90' lang='lat' dir='ltr'><strong>Dei</strong></span> <span class='ocrx_word' id='word_1_708' title='bbox 585 2357 676 2384; x_wconf 88' lang='lat' dir='ltr'><strong>hostes</strong></span> <span class='ocrx_word' id='word_1_709' title='bbox 693 2356 823 2390; x_wconf 87' lang='lat' dir='ltr'><strong>injiciant,</strong></span> <span class='ocrx_word' id='word_1_710' title='bbox 848 2364 897 2383; x_wconf 89' lang='lat' dir='ltr'><strong>nec</strong></span> <span class='ocrx_word' id='word_1_711' title='bbox 916 2364 1019 2390; x_wconf 89' lang='lat' dir='ltr'><strong>serpen-</strong></span> 
     </span>
    </p>
   </div>
   <div class='ocr_carea' id='block_1_95' title="bbox 1070 2351 1862 2394">
    <p class='ocr_par' dir='ltr' id='par_1_95' title="bbox 1076 2355 1862 2394">
     <span class='ocr_line' id='line_1_95' title="bbox 1076 2355 1862 2394; baseline -0.003 -11"><span class='ocrx_word' id='word_1_712' title='bbox 1076 2356 1130 2392; x_wconf 74' lang='grc' dir='ltr'><strong>γὰρ</strong></span> <span class='ocrx_word' id='word_1_713' title='bbox 1145 2355 1179 2392; x_wconf 83' lang='grc' dir='ltr'>ἦν</span> <span class='ocrx_word' id='word_1_714' title='bbox 1191 2357 1221 2383; x_wconf 78' lang='grc' dir='ltr'><strong>τὸ</strong></span> <span class='ocrx_word' id='word_1_715' title='bbox 1234 2359 1317 2392; x_wconf 84' lang='grc' dir='ltr'>φυτὸν</span> <span class='ocrx_word' id='word_1_716' title='bbox 1327 2379 1333 2390; x_wconf 92' lang='grc'><strong>,</strong></span> <span class='ocrx_word' id='word_1_717' title='bbox 1349 2359 1385 2390; x_wconf 80' lang='grc' dir='ltr'>ὡς</span> <span class='ocrx_word' id='word_1_718' title='bbox 1409 2359 1425 2394; x_wconf 83' lang='grc' dir='ltr'>ἡ</span> <span class='ocrx_word' id='word_1_719' title='bbox 1441 2358 1493 2394; x_wconf 74' lang='grc' dir='ltr'><strong>ἐμὴ</strong></span> <span class='ocrx_word' id='word_1_720' title='bbox 1511 2359 1621 2393; x_wconf 84' lang='grc' dir='ltr'>θεωρία,</span> <span class='ocrx_word' id='word_1_721' title='bbox 1648 2356 1682 2393; x_wconf 79' lang='grc' dir='ltr'>ἧς</span> <span class='ocrx_word' id='word_1_722' title='bbox 1701 2357 1791 2392; x_wconf 83' lang='grc' dir='ltr'>μόνοις</span> <span class='ocrx_word' id='word_1_723' title='bbox 1805 2357 1862 2382; x_wconf 63' lang='lat' dir='ltr'><strong>em.</strong></span> 
     </span>
    </p>
   </div>
   <div class='ocr_carea' id='block_1_96' title="bbox 241 2401 1019 2436">
    <p class='ocr_par' dir='ltr' id='par_1_96' title="bbox 241 2401 1019 2436">
     <span class='ocr_line' id='line_1_96' title="bbox 241 2401 1019 2436; baseline 0 -8"><span class='ocrx_word' id='word_1_724' title='bbox 241 2406 295 2429; x_wconf 85' lang='lat' dir='ltr'><strong>tem</strong></span> <span class='ocrx_word' id='word_1_725' title='bbox 310 2402 478 2436; x_wconf 88' lang='lat' dir='ltr'><strong>imitentur);</strong></span> <span class='ocrx_word' id='word_1_726' title='bbox 494 2402 541 2429; x_wconf 83' lang='lat' dir='ltr'><strong>sed</strong></span> <span class='ocrx_word' id='word_1_727' title='bbox 567 2402 634 2429; x_wconf 86' lang='lat' dir='ltr'><strong>bona</strong></span> <span class='ocrx_word' id='word_1_728' title='bbox 654 2401 760 2435; x_wconf 85' lang='lat' dir='ltr'><strong>quidem</strong></span> <span class='ocrx_word' id='word_1_729' title='bbox 785 2401 940 2436; x_wconf 85' lang='lat' dir='ltr'><strong>tempestive</strong></span> <span class='ocrx_word' id='word_1_730' title='bbox 959 2408 1019 2435; x_wconf 84' lang='lat' dir='ltr'><strong>per-</strong></span> 
     </span>
    </p>
   </div>
   <div class='ocr_carea' id='block_1_97' title="bbox 276 2480 860 2514">
    <p class='ocr_par' dir='ltr' id='par_1_97' title="bbox 276 2480 860 2514">
     <span class='ocr_line' id='line_1_97' title="bbox 276 2480 860 2514; baseline -0.003 -6"><span class='ocrx_word' id='word_1_731' title='bbox 276 2480 287 2497; x_wconf 86' lang='grc'><strong><em>⁸</em></strong></span> <span class='ocrx_word' id='word_1_732' title='bbox 299 2480 366 2508; x_wconf 82' lang='lat' dir='ltr'><strong>Gen.</strong></span> <span class='ocrx_word' id='word_1_733' title='bbox 383 2489 401 2513; x_wconf 86' lang='grc' dir='ltr'><strong>ι,</strong></span> <span class='ocrx_word' id='word_1_734' title='bbox 421 2481 470 2513; x_wconf 77' lang='grc' dir='ltr'>27ς</span> <span class='ocrx_word' id='word_1_735' title='bbox 487 2489 516 2513; x_wconf 85' lang='grc' dir='ltr'><strong>ιι,</strong></span> <span class='ocrx_word' id='word_1_736' title='bbox 536 2481 560 2508; x_wconf 83' lang='lat'><strong>7.</strong></span> <span class='ocrx_word' id='word_1_737' title='bbox 599 2481 687 2508; x_wconf 66' lang='lat' dir='ltr'><strong>“Gen.</strong></span> <span class='ocrx_word' id='word_1_738' title='bbox 706 2489 736 2512; x_wconf 86' lang='grc' dir='ltr'><strong>ιι,</strong></span> <span class='ocrx_word' id='word_1_739' title='bbox 752 2481 786 2507; x_wconf 75' lang='grc'><strong>15</strong></span> <span class='ocrx_word' id='word_1_740' title='bbox 800 2489 860 2514; x_wconf 85' lang='lat' dir='ltr'><strong>sqq.</strong></span> 
     </span>
    </p>
   </div>
   <div class='ocr_carea' id='block_1_98' title="bbox 280 2560 1025 2594">
    <p class='ocr_par' dir='ltr' id='par_1_98' title="bbox 280 2560 1025 2594">
     <span class='ocr_line' id='line_1_98' title="bbox 280 2560 1025 2594; baseline -0.003 -5"><span class='ocrx_word' id='word_1_741' title='bbox 280 2561 334 2594; x_wconf 84' lang='lat'><strong>(90)</strong></span> <span class='ocrx_word' id='word_1_742' title='bbox 347 2561 449 2594; x_wconf 77' lang='grc' dir='ltr'>Πνοὴν</span> <span class='ocrx_word' id='word_1_743' title='bbox 459 2561 566 2592; x_wconf 71' lang='grc' dir='ltr'>ἐνθείς.</span> <span class='ocrx_word' id='word_1_744' title='bbox 574 2560 629 2587; x_wconf 90' lang='lat' dir='ltr'><strong>Sic.</strong></span> <span class='ocrx_word' id='word_1_745' title='bbox 639 2561 720 2588; x_wconf 81' lang='lat' dir='ltr'><strong>Coisl.</strong></span> <span class='ocrx_word' id='word_1_746' title='bbox 735 2561 759 2591; x_wconf 79' lang='grc' dir='ltr'>Ι,</span> <span class='ocrx_word' id='word_1_747' title='bbox 769 2560 850 2592; x_wconf 79' lang='lat' dir='ltr'><strong>0r.1,</strong></span> <span class='ocrx_word' id='word_1_748' title='bbox 859 2560 964 2591; x_wconf 83' lang='lat' dir='ltr'><strong>Comb..</strong></span> <span class='ocrx_word' id='word_1_749' title='bbox 974 2565 1025 2587; x_wconf 85' lang='lat' dir='ltr'><strong>etc.</strong></span> 
     </span>
    </p>
   </div>
   <div class='ocr_carea' id='block_1_99' title="bbox 243 2595 1027 2636">
    <p class='ocr_par' dir='ltr' id='par_1_99' title="bbox 243 2595 1027 2636">
     <span class='ocr_line' id='line_1_99' title="bbox 243 2595 1027 2636; baseline 0.003 -16"><span class='ocrx_word' id='word_1_750' title='bbox 243 2596 289 2636; x_wconf 60' lang='lat' dir='ltr'><strong>sic.</strong></span> <span class='ocrx_word' id='word_1_751' title='bbox 305 2598 387 2636; x_wconf 72' lang='lat' dir='ltr'><strong>etiam</strong></span> <span class='ocrx_word' id='word_1_752' title='bbox 408 2596 469 2630; x_wconf 75' lang='lat' dir='ltr'><strong>legit</strong></span> <span class='ocrx_word' id='word_1_753' title='bbox 482 2595 541 2623; x_wconf 83' lang='lat' dir='ltr'><strong>Btll.</strong></span> <span class='ocrx_word' id='word_1_754' title='bbox 563 2597 590 2622; x_wconf 88' lang='lat' dir='ltr'><strong>In</strong></span> <span class='ocrx_word' id='word_1_755' title='bbox 610 2595 669 2622; x_wconf 86' lang='lat' dir='ltr'><strong>Par.</strong></span> <span class='ocrx_word' id='word_1_756' title='bbox 686 2596 741 2629; x_wconf 79' lang='lat' dir='ltr'><strong>ed.,</strong></span> <span class='ocrx_word' id='word_1_757' title='bbox 755 2595 826 2632; x_wconf 79' lang='grc' dir='ltr'>ζωὴν</span> <span class='ocrx_word' id='word_1_758' title='bbox 846 2595 942 2628; x_wconf 75' lang='grc' dir='ltr'>ἐνθείς,</span> <span class='ocrx_word' id='word_1_759' title='bbox 961 2604 970 2620; x_wconf 76' lang='grc' dir='ltr'><strong>ι</strong></span> <span class='ocrx_word' id='word_1_760' title='bbox 989 2599 1027 2622; x_wconf 92' lang='lat' dir='ltr'><strong>in-</strong></span> 
     </span>
    </p>
   </div>
   <div class='ocr_carea' id='block_1_100' title="bbox 245 2637 396 2658">
    <p class='ocr_par' dir='ltr' id='par_1_100' title="bbox 245 2637 396 2658">
     <span class='ocr_line' id='line_1_100' title="bbox 245 2637 396 2658; baseline -0.013 0"><span class='ocrx_word' id='word_1_761' title='bbox 245 2637 294 2658; x_wconf 74' lang='lat' dir='ltr'><strong>Slla</strong></span> <span class='ocrx_word' id='word_1_762' title='bbox 310 2637 373 2657; x_wconf 80' lang='lat' dir='ltr'><strong>vna.</strong></span> <span class='ocrx_word' id='word_1_763' title='bbox 386 2640 396 2656; x_wconf 83' lang='grc'><strong>›</strong></span> 
     </span>
    </p>
   </div>
   <div class='ocr_carea' id='block_1_101' title="bbox 279 2664 1025 2700">
    <p class='ocr_par' dir='ltr' id='par_1_101' title="bbox 279 2664 1025 2700">
     <span class='ocr_line' id='line_1_101' title="bbox 279 2664 1025 2700; baseline -0.003 -7"><span class='ocrx_word' id='word_1_764' title='bbox 279 2666 460 2699; x_wconf 75' lang='grc' dir='ltr'>(91)Μέσον.</span> <span class='ocrx_word' id='word_1_765' title='bbox 479 2665 533 2693; x_wconf 86' lang='lat' dir='ltr'><strong>Sic.</strong></span> <span class='ocrx_word' id='word_1_766' title='bbox 559 2666 637 2692; x_wconf 88' lang='lat' dir='ltr'><strong>codd.</strong></span> <span class='ocrx_word' id='word_1_767' title='bbox 655 2664 780 2692; x_wconf 82' lang='lat' dir='ltr'><strong>Mendose</strong></span> <span class='ocrx_word' id='word_1_768' title='bbox 796 2666 821 2692; x_wconf 93' lang='lat' dir='ltr'><strong>in</strong></span> <span class='ocrx_word' id='word_1_769' title='bbox 843 2666 898 2696; x_wconf 88' lang='lat' dir='ltr'><strong>ed.,</strong></span> <span class='ocrx_word' id='word_1_770' title='bbox 917 2665 1025 2700; x_wconf 83' lang='grc' dir='ltr'>μέσους.</span> 
     </span>
    </p>
   </div>
   <div class='ocr_carea' id='block_1_102' title="bbox 280 2700 763 2737">
    <p class='ocr_par' dir='ltr' id='par_1_102' title="bbox 280 2700 763 2737">
     <span class='ocr_line' id='line_1_102' title="bbox 280 2700 763 2737; baseline 0.002 -10"><span class='ocrx_word' id='word_1_771' title='bbox 280 2701 335 2737; x_wconf 70' lang='grc'><strong>(92)</strong></span> <span class='ocrx_word' id='word_1_772' title='bbox 356 2700 495 2734; x_wconf 72' lang='grc' dir='ltr'>Πάσχων.</span> <span class='ocrx_word' id='word_1_773' title='bbox 514 2701 578 2734; x_wconf 73' lang='lat' dir='ltr'><strong>Reg.</strong></span> <span class='ocrx_word' id='word_1_774' title='bbox 592 2701 763 2737; x_wconf 63' lang='lat' dir='ltr'><strong>ph,_r:dcxov.</strong></span> 
     </span>
    </p>
   </div>
   <div class='ocr_carea' id='block_1_103' title="bbox 281 2735 1026 2770">
    <p class='ocr_par' dir='ltr' id='par_1_103' title="bbox 281 2735 1026 2770">
     <span class='ocr_line' id='line_1_103' title="bbox 281 2735 1026 2770; baseline -0.003 -8"><span class='ocrx_word' id='word_1_775' title='bbox 281 2735 336 2770; x_wconf 72' lang='lat'><strong>{93)</strong></span> <span class='ocrx_word' id='word_1_776' title='bbox 359 2737 618 2770; x_wconf 68' lang='grc' dir='ltr'>φιλοτιμούμενος.</span> <span class='ocrx_word' id='word_1_777' title='bbox 639 2735 722 2770; x_wconf 73' lang='lat' dir='ltr'><strong>Regg.</strong></span> <span class='ocrx_word' id='word_1_778' title='bbox 748 2737 802 2767; x_wconf 92' lang='lat' dir='ltr'><strong>bm,</strong></span> <span class='ocrx_word' id='word_1_779' title='bbox 823 2736 856 2770; x_wconf 90' lang='lat' dir='ltr'><strong>ph</strong></span> <span class='ocrx_word' id='word_1_780' title='bbox 881 2741 908 2763; x_wconf 85' lang='lat' dir='ltr'><strong>et</strong></span> <span class='ocrx_word' id='word_1_781' title='bbox 930 2735 1026 2765; x_wconf 80' lang='lat' dir='ltr'><strong>Savil..</strong></span> 
     </span>
    </p>
   </div>
   <div class='ocr_carea' id='block_1_104' title="bbox 247 2770 478 2805">
    <p class='ocr_par' dir='ltr' id='par_1_104' title="bbox 247 2770 478 2805">
     <span class='ocr_line' id='line_1_104' title="bbox 247 2770 478 2805; baseline -0.004 -8"><span class='ocrx_word' id='word_1_782' title='bbox 247 2770 478 2805; x_wconf 71' lang='grc' dir='ltr'>φιλοτιμούμενον.</span> 
     </span>
    </p>
   </div>
   <div class='ocr_carea' id='block_1_105' title="bbox 282 2804 1027 2840">
    <p class='ocr_par' dir='ltr' id='par_1_105' title="bbox 282 2804 1027 2840">
     <span class='ocr_line' id='line_1_105' title="bbox 282 2804 1027 2840; baseline -0.003 -8"><span class='ocrx_word' id='word_1_783' title='bbox 282 2805 336 2840; x_wconf 71' lang='grc'><strong>(94)</strong></span> <span class='ocrx_word' id='word_1_784' title='bbox 353 2805 435 2831; x_wconf 75' lang='grc' dir='ltr'>Ζῶον</span> <span class='ocrx_word' id='word_1_785' title='bbox 450 2805 589 2834; x_wconf 76' lang='grc' dir='ltr'>ἐνταῦθα,</span> <span class='ocrx_word' id='word_1_786' title='bbox 605 2811 657 2832; x_wconf 82' lang='lat' dir='ltr'><strong>etc.</strong></span> <span class='ocrx_word' id='word_1_787' title='bbox 683 2804 709 2831; x_wconf 83' lang='grc' dir='ltr'>Μ</span> <span class='ocrx_word' id='word_1_788' title='bbox 725 2810 775 2837; x_wconf 84' lang='lat' dir='ltr'><strong>est,</strong></span> <span class='ocrx_word' id='word_1_789' title='bbox 797 2805 894 2831; x_wconf 87' lang='lat' dir='ltr'><strong>animal</strong></span> <span class='ocrx_word' id='word_1_790' title='bbox 913 2804 982 2838; x_wconf 87' lang='lat' dir='ltr'><strong>qttod</strong></span> <span class='ocrx_word' id='word_1_791' title='bbox 1002 2804 1027 2830; x_wconf 89' lang='lat' dir='ltr'><strong>in</strong></span> 
     </span>
    </p>
   </div>
   <div class='ocr_carea' id='block_1_106' title="bbox 247 2840 1029 2875">
    <p class='ocr_par' dir='ltr' id='par_1_106' title="bbox 247 2840 1029 2875">
     <span class='ocr_line' id='line_1_106' title="bbox 247 2840 1029 2875; baseline -0.003 -8"><span class='ocrx_word' id='word_1_792' title='bbox 247 2840 298 2867; x_wconf 88' lang='lat' dir='ltr'><strong>hac</strong></span> <span class='ocrx_word' id='word_1_793' title='bbox 312 2841 377 2871; x_wconf 76' lang='lat' dir='ltr'><strong>vita,</strong></span> <span class='ocrx_word' id='word_1_794' title='bbox 393 2841 558 2873; x_wconf 76' lang='lat' dir='ltr'><strong>providentia</strong></span> <span class='ocrx_word' id='word_1_795' title='bbox 571 2860 578 2871; x_wconf 82' lang='lat'>.</span> <span class='ocrx_word' id='word_1_796' title='bbox 601 2840 656 2874; x_wconf 76' lang='lat' dir='ltr'><strong>lege</strong></span> <span class='ocrx_word' id='word_1_797' title='bbox 674 2846 701 2866; x_wconf 89' lang='lat' dir='ltr'><strong>et</strong></span> <span class='ocrx_word' id='word_1_798' title='bbox 722 2840 834 2867; x_wconf 90' lang='lat' dir='ltr'><strong>consilto</strong></span> <span class='ocrx_word' id='word_1_799' title='bbox 864 2844 981 2875; x_wconf 77' lang='lat' dir='ltr'><strong>regatur,</strong></span> <span class='ocrx_word' id='word_1_800' title='bbox 1002 2844 1029 2865; x_wconf 83' lang='lat' dir='ltr'><strong>et</strong></span> 
     </span>
    </p>
   </div>
   <div class='ocr_carea' id='block_1_107' title="bbox 247 2875 680 2902">
    <p class='ocr_par' dir='ltr' id='par_1_107' title="bbox 247 2875 680 2902">
     <span class='ocr_line' id='line_1_107' title="bbox 247 2875 680 2902; baseline -0.002 0"><span class='ocrx_word' id='word_1_801' title='bbox 247 2875 280 2902; x_wconf 80' lang='lat' dir='ltr'><strong>ad</strong></span> <span class='ocrx_word' id='word_1_802' title='bbox 295 2875 373 2901; x_wconf 85' lang='lat' dir='ltr'><strong>aliam</strong></span> <span class='ocrx_word' id='word_1_803' title='bbox 394 2875 474 2900; x_wconf 87' lang='lat' dir='ltr'><strong>vitam</strong></span> <span class='ocrx_word' id='word_1_804' title='bbox 491 2875 680 2902; x_wconf 79' lang='lat' dir='ltr'><strong>transferatur.</strong></span> 
     </span>
    </p>
   </div>
   <div class='ocr_carea' id='block_1_108' title="bbox 281 2909 1027 2945">
    <p class='ocr_par' dir='ltr' id='par_1_108' title="bbox 281 2909 1027 2945">
     <span class='ocr_line' id='line_1_108' title="bbox 281 2909 1027 2945; baseline 0 -8"><span class='ocrx_word' id='word_1_805' title='bbox 281 2909 337 2945; x_wconf 78' lang='lat'><strong>(95)</strong></span> <span class='ocrx_word' id='word_1_806' title='bbox 355 2910 516 2942; x_wconf 85' lang='grc' dir='ltr'>Λύσοντος.</span> <span class='ocrx_word' id='word_1_807' title='bbox 532 2931 538 2937; x_wconf 91' lang='grc'><strong>.</strong></span> <span class='ocrx_word' id='word_1_808' title='bbox 558 2929 563 2935; x_wconf 94' lang='grc'><strong>.</strong></span> <span class='ocrx_word' id='word_1_809' title='bbox 577 2910 794 2943; x_wconf 61' lang='grc' dir='ltr'>συνδήσαντος.</span> <span class='ocrx_word' id='word_1_810' title='bbox 815 2910 858 2937; x_wconf 87' lang='lat' dir='ltr'><strong>Sic</strong></span> <span class='ocrx_word' id='word_1_811' title='bbox 873 2910 962 2944; x_wconf 88' lang='lat' dir='ltr'><strong>plures</strong></span> <span class='ocrx_word' id='word_1_812' title='bbox 979 2917 1027 2944; x_wconf 86' lang='lat' dir='ltr'><strong>0p-</strong></span> 
     </span>
    </p>
   </div>
   <div class='ocr_carea' id='block_1_109' title="bbox 1074 2400 1860 2439">
    <p class='ocr_par' dir='ltr' id='par_1_109' title="bbox 1074 2400 1860 2439">
     <span class='ocr_line' id='line_1_109' title="bbox 1074 2400 1860 2439; baseline 0 -11"><span class='ocrx_word' id='word_1_813' title='bbox 1074 2402 1175 2429; x_wconf 86' lang='grc' dir='ltr'>6αἰνειν</span> <span class='ocrx_word' id='word_1_814' title='bbox 1186 2402 1244 2438; x_wconf 73' lang='grc'><strong>[99]</strong></span> <span class='ocrx_word' id='word_1_815' title='bbox 1255 2403 1374 2438; x_wconf 80' lang='grc' dir='ltr'>ἀσφαλὲς</span> <span class='ocrx_word' id='word_1_816' title='bbox 1384 2423 1391 2435; x_wconf 92' lang='grc'><strong>,</strong></span> <span class='ocrx_word' id='word_1_817' title='bbox 1406 2405 1462 2435; x_wconf 76' lang='grc' dir='ltr'>τοῖς</span> <span class='ocrx_word' id='word_1_818' title='bbox 1478 2404 1527 2439; x_wconf 85' lang='grc' dir='ltr'>τὴν</span> <span class='ocrx_word' id='word_1_819' title='bbox 1542 2404 1599 2436; x_wconf 72' lang='grc' dir='ltr'>ἕξιν</span> <span class='ocrx_word' id='word_1_820' title='bbox 1610 2403 1786 2438; x_wconf 80' lang='grc' dir='ltr'>τελεωτέροις</span> <span class='ocrx_word' id='word_1_821' title='bbox 1798 2400 1860 2437; x_wconf 73' lang='grc'>[1]),</span> 
     </span>
    </p>
   </div>
   <div class='ocr_carea' id='block_1_110' title="bbox 1082 2559 1843 2597">
    <p class='ocr_par' dir='ltr' id='par_1_110' title="bbox 1082 2559 1843 2597">
     <span class='ocr_line' id='line_1_110' title="bbox 1082 2559 1843 2597; baseline 0.004 -11"><span class='ocrx_word' id='word_1_822' title='bbox 1082 2561 1152 2586; x_wconf 62' lang='lat' dir='ltr'><strong>limatI</strong></span> <span class='ocrx_word' id='word_1_823' title='bbox 1165 2566 1234 2597; x_wconf 75' lang='lat' dir='ltr'><strong>nutm</strong></span> <span class='ocrx_word' id='word_1_824' title='bbox 1250 2559 1369 2597; x_wconf 51' lang='lat' dir='ltr'><strong>colidJn</strong></span> <span class='ocrx_word' id='word_1_825' title='bbox 1385 2561 1441 2597; x_wconf 81' lang='lat' dir='ltr'><strong>_ed.,</strong></span> <span class='ocrx_word' id='word_1_826' title='bbox 1455 2559 1593 2592; x_wconf 73' lang='grc' dir='ltr'>λύσαντος.</span> <span class='ocrx_word' id='word_1_827' title='bbox 1609 2581 1637 2597; x_wconf 92' lang='lat'><strong>._.</strong></span> <span class='ocrx_word' id='word_1_828' title='bbox 1655 2562 1843 2597; x_wconf 80' lang='grc' dir='ltr'>συνδήσαντος.</span> 
     </span>
    </p>
   </div>
   <div class='ocr_carea' id='block_1_111' title="bbox 1080 2594 1862 2656">
    <p class='ocr_par' dir='ltr' id='par_1_111' title="bbox 1080 2594 1862 2656">
     <span class='ocr_line' id='line_1_111' title="bbox 1080 2594 1862 2656; baseline 0.005 -36"><span class='ocrx_word' id='word_1_829' title='bbox 1080 2595 1241 2656; x_wconf 43' lang='lat' dir='ltr'><strong>“ﬁt?</strong></span> <span class='ocrx_word' id='word_1_830' title='bbox 1256 2594 1304 2627; x_wconf 88' lang='grc' dir='ltr'>τῷ.</span> <span class='ocrx_word' id='word_1_831' title='bbox 1323 2594 1368 2622; x_wconf 88' lang='lat' dir='ltr'><strong>Sic</strong></span> <span class='ocrx_word' id='word_1_832' title='bbox 1384 2595 1467 2631; x_wconf 76' lang='lat' dir='ltr'><strong>Regg.</strong></span> <span class='ocrx_word' id='word_1_833' title='bbox 1482 2597 1536 2627; x_wconf 90' lang='lat' dir='ltr'><strong>bm,</strong></span> <span class='ocrx_word' id='word_1_834' title='bbox 1551 2597 1596 2630; x_wconf 84' lang='lat' dir='ltr'><strong>ph,</strong></span> <span class='ocrx_word' id='word_1_835' title='bbox 1608 2595 1655 2623; x_wconf 90' lang='lat' dir='ltr'><strong>0r.</strong></span> <span class='ocrx_word' id='word_1_836' title='bbox 1675 2598 1701 2629; x_wconf 77' lang='lat' dir='ltr'><strong>i,</strong></span> <span class='ocrx_word' id='word_1_837' title='bbox 1716 2594 1769 2625; x_wconf 77' lang='lat' dir='ltr'><strong>etc.</strong></span> <span class='ocrx_word' id='word_1_838' title='bbox 1788 2598 1862 2625; x_wconf 74' lang='lat' dir='ltr'><strong>Deest</strong></span> 
     </span>
    </p>
   </div>
   <div class='ocr_carea' id='block_1_112' title="bbox 1104 2658 1614 2700">
    <p class='ocr_par' dir='ltr' id='par_1_112' title="bbox 1104 2658 1614 2700">
     <span class='ocr_line' id='line_1_112' title="bbox 1104 2658 1614 2700; baseline 0.008 -12"><span class='ocrx_word' id='word_1_839' title='bbox 1104 2658 1171 2698; x_wconf 75' lang='lat'><strong>&#39;(97)</strong></span> <span class='ocrx_word' id='word_1_840' title='bbox 1191 2665 1229 2691; x_wconf 89' lang='grc' dir='ltr'><em>Ἢ</em></span> <span class='ocrx_word' id='word_1_841' title='bbox 1245 2664 1307 2691; x_wconf 84' lang='grc' dir='ltr'>τοῦ.</span> <span class='ocrx_word' id='word_1_842' title='bbox 1328 2665 1436 2697; x_wconf 79' lang='lat' dir='ltr'><strong>Comb.,</strong></span> <span class='ocrx_word' id='word_1_843' title='bbox 1452 2665 1468 2700; x_wconf 87' lang='grc' dir='ltr'>ἦ</span> <span class='ocrx_word' id='word_1_844' title='bbox 1485 2665 1538 2691; x_wconf 82' lang='grc' dir='ltr'><strong>ἀπὸ</strong></span> <span class='ocrx_word' id='word_1_845' title='bbox 1556 2665 1614 2692; x_wconf 85' lang='grc' dir='ltr'>τοῦ.</span> 
     </span>
    </p>
   </div>
   <div class='ocr_carea' id='block_1_113' title="bbox 1116 2700 1863 2736">
    <p class='ocr_par' dir='ltr' id='par_1_113' title="bbox 1116 2700 1863 2736">
     <span class='ocr_line' id='line_1_113' title="bbox 1116 2700 1863 2736; baseline 0.003 -9"><span class='ocrx_word' id='word_1_846' title='bbox 1116 2700 1172 2735; x_wconf 83' lang='grc'><strong>(98)</strong></span> <span class='ocrx_word' id='word_1_847' title='bbox 1188 2700 1308 2736; x_wconf 67' lang='grc' dir='ltr'>Θεωρία.</span> <span class='ocrx_word' id='word_1_848' title='bbox 1330 2709 1338 2724; x_wconf 87' lang='grc' dir='ltr'><strong>ι</strong></span> <span class='ocrx_word' id='word_1_849' title='bbox 1355 2700 1558 2736; x_wconf 81' lang='lat' dir='ltr'><strong>Contemplatio.</strong></span> <span class='ocrx_word' id='word_1_850' title='bbox 1579 2710 1589 2726; x_wconf 71' lang='grc' dir='ltr'><strong>ι</strong></span> <span class='ocrx_word' id='word_1_851' title='bbox 1606 2700 1633 2727; x_wconf 86' lang='lat' dir='ltr'><strong>ld</strong></span> <span class='ocrx_word' id='word_1_852' title='bbox 1648 2705 1699 2733; x_wconf 88' lang='lat' dir='ltr'><strong>est,</strong></span> <span class='ocrx_word' id='word_1_853' title='bbox 1716 2702 1801 2736; x_wconf 85' lang='lat' dir='ltr'><strong>inquit</strong></span> <span class='ocrx_word' id='word_1_854' title='bbox 1818 2702 1863 2729; x_wconf 78' lang='lat' dir='ltr'><strong>Ni-</strong></span> 
     </span>
    </p>
   </div>
   <div class='ocr_carea' id='block_1_114' title="bbox 1078 2735 1859 2769">
    <p class='ocr_par' dir='ltr' id='par_1_114' title="bbox 1078 2735 1859 2769">
     <span class='ocr_line' id='line_1_114' title="bbox 1078 2735 1859 2769; baseline 0.005 -9"><span class='ocrx_word' id='word_1_855' title='bbox 1078 2740 1167 2765; x_wconf 82' lang='lat' dir='ltr'><strong>cetas.</strong></span> <span class='ocrx_word' id='word_1_856' title='bbox 1198 2744 1207 2760; x_wconf 83' lang='grc' dir='ltr'><strong>ι</strong></span> <span class='ocrx_word' id='word_1_857' title='bbox 1226 2735 1306 2762; x_wconf 81' lang='lat' dir='ltr'><strong>altior</strong></span> <span class='ocrx_word' id='word_1_858' title='bbox 1329 2736 1450 2769; x_wconf 60' lang='lat' dir='ltr'><strong>quaedam</strong></span> <span class='ocrx_word' id='word_1_859' title='bbox 1476 2735 1602 2768; x_wconf 70' lang='lat' dir='ltr'><strong>cognitio,</strong></span> <span class='ocrx_word' id='word_1_860' title='bbox 1628 2736 1661 2764; x_wconf 90' lang='lat' dir='ltr'><strong>iis</strong></span> <span class='ocrx_word' id='word_1_861' title='bbox 1685 2735 1859 2769; x_wconf 80' lang='lat' dir='ltr'><strong>conveniens.</strong></span> 
     </span>
    </p>
   </div>
   <div class='ocr_carea' id='block_1_115' title="bbox 1077 2769 1565 2796">
    <p class='ocr_par' dir='ltr' id='par_1_115' title="bbox 1077 2769 1565 2796">
     <span class='ocr_line' id='line_1_115' title="bbox 1077 2769 1565 2796; baseline 0 0"><span class='ocrx_word' id='word_1_862' title='bbox 1077 2771 1123 2796; x_wconf 86' lang='lat' dir='ltr'><strong>oui</strong></span> <span class='ocrx_word' id='word_1_863' title='bbox 1140 2777 1234 2796; x_wconf 87' lang='lat' dir='ltr'><strong>sensus</strong></span> <span class='ocrx_word' id='word_1_864' title='bbox 1249 2771 1411 2796; x_wconf 80' lang='lat' dir='ltr'><strong>exercitatos</strong></span> <span class='ocrx_word' id='word_1_865' title='bbox 1427 2769 1535 2796; x_wconf 86' lang='lat' dir='ltr'><strong>habent.</strong></span> <span class='ocrx_word' id='word_1_866' title='bbox 1556 2780 1565 2796; x_wconf 71' lang='grc' dir='ltr'><strong>ι</strong></span> 
     </span>
    </p>
   </div>
   <div class='ocr_carea' id='block_1_116' title="bbox 1077 2804 1861 2867">
    <p class='ocr_par' dir='ltr' id='par_1_116' title="bbox 1077 2804 1861 2867">
     <span class='ocr_line' id='line_1_116' title="bbox 1077 2804 1861 2867; baseline 0.004 -36"><span class='ocrx_word' id='word_1_867' title='bbox 1077 2841 1093 2867; x_wconf 66' lang='grc'><strong>6</strong></span> <span class='ocrx_word' id='word_1_868' title='bbox 1114 2805 1168 2865; x_wconf 53' lang='grc' dir='ltr'><strong>μθ)</strong></span> <span class='ocrx_word' id='word_1_869' title='bbox 1200 2805 1386 2831; x_wconf 77' lang='grc' dir='ltr'>Ἐπιϐαίνειν.</span> <span class='ocrx_word' id='word_1_870' title='bbox 1413 2804 1459 2832; x_wconf 87' lang='lat' dir='ltr'><strong>Sic</strong></span> <span class='ocrx_word' id='word_1_871' title='bbox 1485 2809 1539 2831; x_wconf 84' lang='lat' dir='ltr'><strong>tres</strong></span> <span class='ocrx_word' id='word_1_872' title='bbox 1563 2805 1645 2840; x_wconf 75' lang='lat' dir='ltr'><strong>Begg.</strong></span> <span class='ocrx_word' id='word_1_873' title='bbox 1674 2805 1702 2833; x_wconf 92' lang='lat' dir='ltr'><strong>In</strong></span> <span class='ocrx_word' id='word_1_874' title='bbox 1727 2807 1784 2839; x_wconf 83' lang='lat' dir='ltr'><strong>ed.,</strong></span> <span class='ocrx_word' id='word_1_875' title='bbox 1804 2808 1861 2834; x_wconf 83' lang='grc' dir='ltr'>ἐπι-</span> 
     </span>
     <span class='ocr_line' id='line_1_117' title="bbox 1095 2849 1175 2866; baseline -0.025 0"><span class='ocrx_word' id='word_1_876' title='bbox 1095 2849 1175 2866; x_wconf 87' lang='grc' dir='ltr'>ανει.</span> 
     </span>
    </p>
   </div>
   <div class='ocr_carea' id='block_1_117' title="bbox 1095 2849 1175 2866">
    <p class='ocr_par' dir='ltr' id='par_1_117' title="bbox 1095 2849 1175 2866">
     <span class='ocr_line' id='line_1_118' title="bbox 1095 2849 1175 2866; baseline -0.025 0"><span class='ocrx_word' id='word_1_877' title='bbox 1095 2849 1175 2866; x_wconf 87' lang='grc' dir='ltr'>αινει.</span> 
     </span>
    </p>
   </div>
   <div class='ocr_carea' id='block_1_118' title="bbox 1112 2873 1862 2911">
    <p class='ocr_par' dir='ltr' id='par_1_118' title="bbox 1112 2873 1862 2911">
     <span class='ocr_line' id='line_1_119' title="bbox 1112 2873 1862 2911; baseline 0.005 -10"><span class='ocrx_word' id='word_1_878' title='bbox 1112 2876 1149 2908; x_wconf 72' lang='grc' dir='ltr'><strong>(ι)</strong></span> <span class='ocrx_word' id='word_1_879' title='bbox 1168 2874 1240 2911; x_wconf 70' lang='grc' dir='ltr'>Τοῖς.</span> <span class='ocrx_word' id='word_1_880' title='bbox 1288 2873 1486 2909; x_wconf 84' lang='grc' dir='ltr'>τελεωτέροις.</span> <span class='ocrx_word' id='word_1_881' title='bbox 1505 2875 1588 2910; x_wconf 75' lang='lat' dir='ltr'><strong>Regg.</strong></span> <span class='ocrx_word' id='word_1_882' title='bbox 1604 2875 1659 2909; x_wconf 88' lang='lat' dir='ltr'><strong>bm,</strong></span> <span class='ocrx_word' id='word_1_883' title='bbox 1674 2876 1709 2911; x_wconf 85' lang='lat' dir='ltr'><strong>pb</strong></span> <span class='ocrx_word' id='word_1_884' title='bbox 1724 2881 1751 2904; x_wconf 89' lang='lat' dir='ltr'><strong>et</strong></span> <span class='ocrx_word' id='word_1_885' title='bbox 1765 2877 1862 2908; x_wconf 79' lang='lat' dir='ltr'><strong>Savil.,</strong></span> 
     </span>
    </p>
   </div>
   <div class='ocr_carea' id='block_1_119' title="bbox 1077 2909 1339 2945">
    <p class='ocr_par' dir='ltr' id='par_1_119' title="bbox 1077 2909 1339 2945">
     <span class='ocr_line' id='line_1_120' title="bbox 1077 2909 1339 2945; baseline -0.004 -8"><span class='ocrx_word' id='word_1_886' title='bbox 1077 2911 1138 2941; x_wconf 77' lang='grc' dir='ltr'>τοὺς</span> <span class='ocrx_word' id='word_1_887' title='bbox 1151 2909 1339 2945; x_wconf 80' lang='grc' dir='ltr'>τελεωτέρους.</span> 
     </span>
    </p>
   </div>
  </div>
