2027 3135
206 189 259 217 653

686 196 810 225 ORATIO
831 198 910 226 XLV.
930 215 963 220 ——
983 201 1014 228 IN
1035 202 1196 231 SANCTUM
1215 203 1360 231 PASUHA.

1768 206 1822 235 6'54

202 248 232 273 οὑ
246 247 328 273 καλὸν
350 248 377 274 δὲ
393 250 448 281 τοῖς
471 250 664 287 ἁπλουστέροις
686 254 725 280 ἔτι
737 273 744 286 ,
761 255 809 280 καὶ
825 255 874 291 τὴν
897 255 989 290 ἔφεσιν

1044 265 1118 294 cepta
1131 260 1376 296 (contemplationis
1389 260 1472 292 enim,
1490 266 1519 287 ut
1539 261 1596 295 ipse
1619 261 1822 297 contemplanda

202 293 366 330 λιχνοτέροις
377 303 383 310 ·
403 296 498 331 ὥσπερ
510 298 569 324 οὐδὲ
582 299 666 334 τροφὴ
681 300 770 326 τελεία
783 301 922 337 λυσιτελὴς
935 304 989 334 τοῖς

202 340 317 371 ἁπαλοῖς
335 341 373 372 (2)
391 342 431 368 ἔτι
442 362 449 374 ,
470 344 516 369 καὶ
532 344 669 379 δεομένοις
685 346 830 379 γάλακτος.
867 347 942 374 Ἐπεὶ
960 348 989 374 δὲ

204 385 293 421 φθόνῳ
312 386 451 418 διαΰόλου,
470 389 515 415 καὶ
530 390 656 423 γυναικὸς
672 392 803 427 ἐπηρείᾳ,
818 393 852 427 ἦν
871 402 900 419 τε
923 389 990 419 ἔπα-

204 431 260 462 θεν.
276 432 314 464 ὡς
328 433 507 470 ἁπαλωτέρα,
526 436 572 462 καὶ
592 436 625 471 ἣν
643 439 833 472 προσήγαγεν,
849 439 886 470 ὡς
907 439 988 466 πιθα-

203 477 310 513 νωτέρα
335 478 397 513 (φεῦ
420 480 469 514 τῆς
486 480 555 515 ἐμῆς
571 481 727 514 ἀσϐενείαςί
754 483 807 518 ἐμὴ
830 484 884 519 γὰρ
905 485 920 519 ή
942 484 988 510 τοῦ

203 523 404 558 προπάτορος),
422 525 471 560 τῆς
495 525 543 560 μὲν
561 527 668 562 ἐντολῆς
684 528 828 555 ἐπελάθετο
841 529 890 564 τῆς
905 529 990 556 δοθεί-

203 576 252 603 σης
262 589 269 599 ,
299 569 346 594 καὶ
359 570 463 605 ἡττήθη
483 571 532 606 τῆς
550 573 650 607 μικρᾶς
666 573 801 606 γεύσεωςυ
821 575 888 609 ὁμοῦ
901 575 930 602 δὲ
941 575 988 602 τοῦ

202 615 250 649 τῆς
264 614 338 650 ζωῆς
349 616 428 649 ξύλου
442 636 449 648 ,
465 618 511 644 καὶ
531 618 578 644 τοῦ
600 619 763 654 παραδείσου
776 642 782 651 ,
799 621 845 647 καὶ
859 621 905 647 τοῦ
919 621 987 649 Θεοῦ

201 660 246 686 διὰ
262 661 312 695 τὴν
326 661 426 689 κακίαν
446 662 583 698 ὲξόριστος
597 665 719 698 γίνεται,
747 667 793 692 καὶ
810 667 873 698 τοὺς
886 667 988 702 δερμα-

201 707 291 738 τίνους
315 707 495 742 ἀμφιέννυται
515 709 649 744 χιτῶνας,
678 711 742 742 ἴσως
764 712 814 747 τὴν
833 713 988 749 παχυτέραν

205 752 305 787 σάρκα,
322 754 369 779 καὶ
386 754 502 789 Ονητὴν,
521 755 567 781 καὶ
581 756 743 783 ἀντίτυπον·
762 758 808 783 καὶ
821 758 899 784 τοῦτο
915 759 990 795 πρῶ-

203 806 248 824 Ιτον
262 799 392 832 γινώσκει
404 801 452 835 τὴν
468 801 535 827 ἰδίαν
547 802 688 838 αἰσχύνην,
701 804 747 830 καὶ
761 804 815 830 ἀπὸ
836 805 903 831 Θεοῦ
924 805 990 841 κρύ-

203 853 312 872 πτεται.
325 846 466 881 Κερδαίνεν
478 848 527 882 μέν
540 857 566 874 τι
584 848 731 879 κάνταῦθα.
747 850 792 876 τὸν
806 849 928 883 θάνατον,
944 852 990 878 καὶ

202 892 232 917 τὸ
246 892 407 927 διακοπῆναι
421 893 470 929 τὴν
483 895 631 930 ἁμαρτίαν,
650 896 693 922 ἵνα
708 896 745 931 μὴ
760 895 892 923 ἀθάνατον
955 897 984 924 τὸ

202 938 298 964 κακόν.
320 939 375 965 Καὶ
387 939 490 972 γίνεται
504 940 705 976 φιλανθρωπία,
724 941 740 976 ὴ
754 942 883 977 τιμωρίαΔ
911 942 989 969 Οὕτω
1004 934 1025 961 Β

167 1005 169 1011 λ
201 984 254 1019 γὰρ
267 984 397 1020 πείθομαι
413 986 451 1022 (3)
467 985 592 1018 κολάζειν
606 987 681 1013 Θεόν.

1041 314 1181 341 assequor,
1199 307 1256 334 haec
1279 306 1359 333 arbor
1381 310 1450 338 erat,
1471 307 1503 333 ad
1518 314 1599 340 quam
1615 308 1648 334 iis
1663 307 1726 334 solis
1750 313 1822 342 tutus

1039 351 1120 386 851
1140 357 1182 378 est
1206 358 1345 384 ascensus,
1374 351 1419 386 qui
1440 351 1521 378 animi
1552 351 1643 379 habitu
1669 353 1822 387 perfectiori

1039 398 1127 432 sunt);
1159 397 1365 431 haudquaquam
1402 402 1491 424 autem
1515 398 1585 424 bena
1614 398 1822 432 simplicioribus

1039 442 1127 469 adhuc
1156 441 1265 475 animis,
1284 447 1365 476 atque
1394 441 1514 476 appetitu
1544 442 1657 469 avidiori
1683 445 1820 478 prmditis;

1039 488 1264 521 quemadmodum
1286 494 1337 514 nec
1357 486 1492 521 perfectus
1514 495 1546 514 ac
1566 487 1667 515 Solidus
1685 489 1760 516 cibus
1788 491 1822 517 iis

1039 532 1175 564 conducit,
1199 533 1243 566 qui
1267 537 1358 560 tenera
1382 533 1469 560 adhuc
1492 538 1572 560 aetate
1601 538 1674 566 sunt,
1701 535 1822 570 lacleque

1039 585 1108 612 opus
1134 578 1243 605 habent.
1269 578 1413 614 Postquam
1432 584 1521 606 autem
1544 579 1643 606 diaboli
1666 580 1777 612 invidia,
1796 585 1824 608 et

1039 622 1133 650 fraude
1146 622 1216 650 facta
1229 623 1345 655 mulieri,
1365 631 1456 658 quam,
1469 629 1496 651 et
1509 628 1537 651 ut
1554 624 1660 651 mollior
1678 632 1757 659 passa
1769 631 1822 657 est,

1038 673 1075 700 et,
1093 673 1122 694 ut
1143 669 1176 695 ad
1200 669 1414 703 persuadendum
1438 670 1676 703 accommodatior,
1705 672 1824 698 admovit

1041 714 1068 749 (ο
1093 714 1276 741 inlirtnitatetn
1303 714 1408 741 meam!
1434 722 1520 742 meam
1549 715 1621 741 enim
1650 715 1718 742 duco
1743 715 1824 749 primi

1039 760 1157 794 parentis
1172 760 1387 794 inﬁrmitatem),
1407 761 1512 795 accepti
1530 761 1646 787 mandati
1664 761 1774 792 oblitus,
1797 767 1825 788 et

1040 805 1102 832 huic
1119 807 1208 839 gustui
1223 807 1320 833 acerbo
1339 807 1489 840 acquievit,
1514 811 1568 833 tum
1587 807 1666 834 simul
1679 812 1706 834 et
1720 815 1734 834 a
1753 807 1824 842 ligno

1039 851 1111 883 vitae,
1130 854 1157 877 et
1174 858 1189 877 a
1212 850 1347 885 paradiso,
1364 856 1391 878 et
1413 851 1447 878 ab
1464 852 1521 886 ipso
1538 852 1592 879 Deo
1604 856 1715 887 propter
1728 859 1825 886 pecca-

1041 899 1096 921 tum
1113 894 1266 928 expellitur,
1283 901 1310 921 et.
1330 895 1457 928 pelliceas
1478 895 1582 922 lunicas
1599 896 1693 927 induit,
1709 896 1759 922 hoc
1773 901 1824 927 est,

1043 943 1158 969 fortasse
1172 943 1334 969 crassiorem
1354 951 1473 977 carnem,
1491 949 1517 970 et
1529 944 1679 977 mortalem,
1694 951 1725 971 ac
1740 944 1825 970 refra-

1043 987 1175 1020 ctariam;
1192 988 1363 1022 primumque
1378 988 1570 1022 turpitudinem
1593 995 1668 1015 suam
1694 989 1824 1023 agnoscit,

163 1057 166 1062 _
201 1037 228 1058 et
244 1040 258 1058 a
284 1033 339 1060 Deo
357 1041 385 1061 se
410 1035 591 1062 abscondit”.
610 1035 698 1070 Atque
719 1036 762 1063 hic
781 1043 887 1070 quoque
907 1040 996 1063 tamen
1020 1040 1146 1068 mortem,
1178 1043 1209 1063 ac
1235 1037 1338 1071 peccati
1359 1037 1543 1071 praecisionem
1556 1037 1702 1069 elucratur,
1720 1045 1753 1064 ne
1768 1043 1826 1063 ma-

201 1075 256 1103 lum
289 1077 441 1106 immortale
466 1080 511 1106 sit.
548 1079 584 1107 Ita
614 1087 693 1115 pmna
713 1081 771 1115 ipsa
806 1081 834 1108 in
872 1081 1085 1109 misericordiam
1130 1082 1223 1109 cessit.
1257 1081 1302 1109 Sic
1335 1082 1406 1109 enim
1456 1083 1538 1110 Deum
1567 1083 1694 1118 supplicia
1728 1084 1827 1111 inferre

200 1130 310 1150 censeo.

235 1168 281 1196 ϐ’.
305 1169 415 1201 Πολλοῖς
436 1170 464 1196 δὲ
477 1170 633 1203 παιδευθεὶς
648 1170 780 1207 πρότερον
805 1171 866 1198 ἀντι
886 1171 990 1198 πολλῶν

200 1214 255 1240 τῶν
268 1215 485 1252 ἁμαρτημάτων,
500 1213 538 1243 ὧν
552 1217 568 1252 ὴ
583 1217 631 1252 τῆς
644 1217 744 1249 κακίας
756 1217 817 1253 ῥίζα
829 1217 990 1253 ἐϐλάστησε,

200 1261 272 1288 κατὰ
291 1261 437 1297 διαφόρους
461 1263 551 1294 αἰτίας
567 1263 614 1290 καὶ
639 1263 773 1298 χρόνους,
796 1264 884 1300 λόγῳ,
907 1264 990 1300 νόμῳ,

201 1307 367 1345 προφήταις,
383 1309 552 1343 εὐεργεσίαις
563 1329 570 1341 ,
582 1309 707 1341 ἀπειλαῖς
716 1329 723 1342 ,
737 1310 855 1346 πληγαῖς
865 1331 873 1340 ,
886 1310 990 1343 ὕδασιν,

201 1352 378 1388 ὲμπρησμοῐς
390 1374 397 1386 ,
413 1354 542 1390 πολέμοις
552 1375 558 1385 ,
575 1356 680 1387 νίκαις,
696 1356 790 1391 ἥτταις
801 1376 807 1388 ,
824 1356 946 1392 σημείοις
961 1355 990 1389 ἐξ

202 1399 337 1433 οὐρανοῦ,
359 1401 483 1435 σημείοις
502 1401 531 1434 ἐξ
547 1402 644 1441 ἀέρος,
670 1403 701 1428 ἐκ
716 1402 777 1437 γῆς.
794 1402 826 1428 ἐκ
845 1401 989 1436 Θαλάττης,

203 1445 320 1480 ἀνδρῶν,
338 1445 451 1478 πολεων,
469 1446 563 1478 ἐθνῶν,
572 1446 744 1478 ἀνελπίστοις
757 1446 928 1481 μεταϐολαῖς,
944 1447 990 1481 ὑφ’

203 1487 242 1516 ὧν
267 1491 427 1526 ὲκτριῧῆναι
445 1492 494 1527 τὴν
522 1491 620 1519 κακίαν
644 1492 675 1518 τὺ
701 1491 916 1527 σπουδαζόμενον
939 1490 990 1528 ἦν·

203 1536 280 1568 τέλος
291 1557 298 1568 ,
316 1537 489 1572 ἰσχυροτέρου
504 1537 587 1564 δεῖται
609 1537 755 1572 φαρμάκου
771 1537 817 1564 ἐπὶ
832 1537 991 1573 δεινοτέροις

203 1584 260 1613 τοῖς
277 1583 499 1618 ἀρρωστήμασιν,
512 1583 725 1618 ἁλληλοιρονίαις,
743 1584 884 1619 μοιχείαις,
901 1584 994 1618 ἐπιορ-

205 1628 276 1660 κίαις
289 1649 297 1659 ,
318 1628 512 1664 ἀνδρομανίαις
525 1649 532 1659 ,
556 1628 586 1655 τὸ
620 1629 729 1656 πάντων
746 1629 858 1664 ἔσχατον
874 1629 928 1656 τῶν
945 1637 995 1654 κα-

206 1673 262 1700 κῶν
281 1674 328 1700 καὶ
341 1673 449 1708 πρῶτον
461 1694 469 1705 ,
491 1673 707 1709 εἰδωλολατρίαις
723 1673 760 1709 (4)
772 1694 779 1705 ,
795 1674 841 1700 καὶ
858 1675 890 1708 τῇ
913 1681 995 1708 μετα-

207 1718 280 1745 θέσει
295 1719 344 1754 τῆς
371 1720 582 1755 προσκυνήσεως
603 1720 657 1746 ἀπὸ
675 1720 722 1746 τοῦ
745 1720 926 1754 πεποιηκότος
949 1719 995 1745 ἐπὶ

206 1765 240 1791 τὰ
269 1766 416 1800 κτίσματα,
444 1765 555 1796 Ταῦτα,
585 1766 678 1800 ἐπειδὴ
701 1765 822 1800 μείζονος
839 1765 924 1791 ἐδεῖτο
948 1764 994 1791 τοῦ

208 1811 395 1847 βοηθήματος,
431 1812 551 1847 μείζονος
579 1814 627 1840 καὶ
662 1812 800 1847 τυγχάνει.
834 1811 870 1838 Τὸ
897 1811 924 1837 δὲ
948 1809 993 1846 ἦν,

208 1858 288 1889 αὐτὸς
307 1859 320 1884 ό
337 1858 383 1884 τοῦ
398 1858 465 1885 Θεοῦ
480 1859 583 1892 Λόγος,
600 1860 614 1886 ὁ
639 1856 801 1894 προαιώνιος
814 1878 820 1890 ,
841 1858 855 1883 ὁ
870 1857 994 1892 ἀόρατος,

208 1903 222 1928 ὁ
238 1903 440 1938 ἀπερίληπτος,
456 1904 470 1929 ό
483 1903 626 1938 ἀσώματος
638 1922 645 1935 ,
660 1904 676 1938 ὴ
694 1904 725 1930 ὲκ
742 1903 791 1938 τῆς
806 1903 893 1938 ἀρχῆς
913 1902 994 1937 ἀρχὴ,

207 1948 238 1974 τὸ
254 1949 286 1974 ἐκ
308 1948 356 1974 τοῦ
378 1949 466 1982 φωτὸς
498 1949 571 1983 φῶς,
596 1950 613 1984 ἡ
630 1949 706 1984 πηγὴ
730 1949 779 1984 τῆς
796 1949 867 1984 ζωῆς
885 1950 931 1975 καὶ
947 1948 996 1983 τῆς

208 1993 369 2025 ἀθανασίας,
383 1994 413 2020 τὸ
424 1995 569 2029 ἐκμαγεῖον
580 1995 627 2021 τοῦ
641 1995 796 2031 ἀρχετύπου
810 1995 859 2029 (5),
876 1995 892 2030 ή
907 1995 944 2030 μὴ
957 1995 995 2030 (6)

208 2040 353 2076 κινουμένη
375 2042 510 2076 σφραγὶς,
535 2043 551 2076 ὴ
576 2041 785 2076 ἀπαράλλακτος
798 2041 896 2073 εἰκὼν,
922 2043 936 2067 ὁ
949 2042 995 2068 τοῦ

209 2085 317 2120 Πατρὸς
332 2086 394 2120 ὄρος
407 2086 454 2112 καὶ
470 2085 547 2119 λόγος
558 2107 564 2118 ,
579 2087 623 2112 ἐπὶ
639 2086 689 2120 τὴν
710 2086 778 2112 ἰδίαν
793 2086 886 2113 εἰκόνα
902 2087 995 2121 χωρεῖ,

209 2131 360 2166 καὶκσάρκα
375 2132 454 2166 φορεῖ
466 2131 510 2157 διὰ
523 2131 573 2166 τὴν
589 2131 679 2166 σάρκα
689 2151 696 2163 ,
713 2131 761 2156 καὶ
774 2130 847 2166 ψυχῇ
860 2131 942 2166 νοερᾷ
958 2131 995 2165 (7)

208 2177 252 2203 διὰ
275 2177 325 2211 τὴν
346 2177 416 2211 ὲμὴν
430 2177 518 2212 ψυχὴν
535 2177 673 2212 μίγνυται,
695 2176 734 2211 τῷ
755 2176 839 2211 ὁμοίῳ
854 2176 885 2202 τὸ
905 2176 996 2211 ὅμοιον

1074 1171 1121 1198 IX.
1142 1170 1232 1198 Multis
1260 1174 1349 1197 autem
1381 1171 1456 1205 pritts
1491 1171 1590 1203 modis,
1614 1176 1722 1205 propter
1744 1170 1826 1198 multa

1039 1221 1162 1251 peccata,
1184 1223 1244 1250 qua;
1264 1223 1297 1243 ex
1314 1216 1371 1243 vitii
1391 1215 1481 1243 radice
1494 1216 1665 1251 pullularunt,
1680 1217 1826 1243 secundum

1040 1263 1160 1290 diversas
1188 1269 1285 1289 musas
1311 1265 1338 1288 et
1364 1266 1483 1296 tempora
1508 1262 1666 1297 castigatus,
1691 1269 1826 1293 sermone,

1041 1309 1110 1344 lege,
1136 1309 1286 1343 prophetis,
1313 1308 1462 1341 beneﬁciis,
1483 1309 1744 1341 comminationibus,
1772 1309 1828 1344 pla-

1043 1356 1095 1391 gis,
1120 1356 1207 1390 aquis,
1238 1355 1379 1388 incendiis,
1412 1355 1499 1387 bellis,
1531 1355 1660 1388 victoriis,
1695 1355 1826 1388 cladibus,

1043 1401 1128 1435 signis
1153 1408 1169 1428 e
1189 1401 1268 1433 cmlo,
1290 1400 1375 1436 signis
1399 1408 1430 1427 ex
1446 1407 1519 1432 aere,
1536 1408 1567 1428 ex
1588 1405 1669 1434 terra,
1696 1408 1728 1427 ex
1749 1400 1826 1431 mari,

1044 1448 1193 1480 hominum,
1212 1446 1329 1480 urbium,
1351 1447 1481 1482 gentium,
1503 1446 1646 1480 insperatis
1670 1446 1828 1473 mutationi-

1044 1492 1104 1525 bus,
1127 1500 1186 1528 quze
1205 1493 1296 1520 omnia
1322 1500 1355 1519 eo
1374 1492 1527 1525 tendebant,
1542 1497 1570 1518 ut
1585 1492 1685 1519 malitia
1704 1496 1829 1519 contere-

1045 1543 1136 1570 relur;
1158 1539 1279 1566 validiori
1296 1539 1404 1565 tandem
1423 1538 1616 1565 medicamento
1641 1542 1748 1572 propter
1766 1544 1828 1572 gra-

1045 1585 1134 1612 viores
1161 1585 1270 1612 morbos
1299 1592 1366 1618 opus
1396 1583 1495 1611 habere
1525 1584 1619 1618 coepit,
1650 1575 1776 1610 nimirum
1795 1582 1830 1609 ob

1046 1634 1153 1657 mutuas
1181 1630 1282 1661 caedes,
1314 1629 1457 1662 adulteria,
1485 1628 1614 1664 periuria,
1640 1631 1829 1662 pracposteram

1045 1676 1193 1709 libidinem,
1210 1681 1248 1708 et,
1264 1676 1334 1711 quod
1356 1675 1474 1702 omnium
1489 1675 1619 1702 malorum
1637 1679 1787 1701 extremum
1799 1681 1831 1700 ac

1045 1722 1161 1757 primum
1186 1726 1236 1754 est,
1265 1721 1398 1749 idolorum
1426 1721 1538 1753 cultum,
1569 1720 1788 1754 adorationisque
1814 1725 1830 1746 a

1045 1768 1174 1795 Creatore
1189 1767 1221 1794 ad
1237 1773 1376 1794 creaturas
1390 1766 1685 1799 translationem.Quaz,
1703 1764 1830 1799 quoniam

1046 1813 1133 1848 majus
1145 1812 1272 1839 auxilium
1293 1812 1478 1846 requirebant,
1498 1811 1584 1844 majus
1611 1811 1691 1837 etiam
1719 1816 1831 1842 accepe-

1046 1863 1120 1885 runt.
1134 1858 1189 1885 Hoc
1207 1864 1295 1885 autem
1312 1861 1371 1884 erat
1393 1857 1449 1891 ipse
1470 1856 1516 1883 Dei
1540 1856 1633 1888 Filius,
1660 1855 1703 1882 ille
1725 1854 1830 1881 saeculis

1047 1905 1191 1939 antiquior,
1220 1904 1264 1931 ille
1291 1903 1442 1935 invisibilis,
1473 1903 1516 1929 ille
1539 1901 1829 1936 incomprehensibilis,

1047 1949 1091 1976 ille
1106 1949 1366 1983 ineorpOreus,illud
1381 1956 1413 1976 ex
1428 1947 1560 1982 principio
1576 1946 1747 1982 principium,
1764 1944 1830 1973 illud

1046 2002 1079 2021 ex
1102 1994 1203 2021 lumine
1219 1994 1319 2025 lumen,
1340 1993 1384 2020 ille
1401 1993 1460 2020 fons
1478 1993 1539 2019 vita:
1562 1997 1588 2019 et
1609 1991 1829 2023 immortalitatis,

1047 2040 1091 2067 illa
1115 2040 1252 2074 archetypi
1275 2039 1425 2075 expressio,
1448 2038 1511 2065 illud
1537 2038 1677 2065 immotum
1702 2036 1828 2072 sigillum,

1048 2085 1091 2112 illa
1109 2093 1157 2119 per
1177 2086 1266 2112 omnia
1293 2084 1389 2112 similis
1407 2085 1506 2119 imago,
1532 2084 1577 2110 ille
1591 2083 1680 2111 Patris
1701 2083 1831 2110 terminus

1047 2137 1075 2159 et.
1087 2135 1168 2166 ratio,
1186 2133 1239 2165 ille,
1254 2133 1374 2167 inquam,
1393 2132 1426 2159 ad
1449 2131 1591 2166 imaginem
1616 2137 1693 2158 suam
1717 2137 1747 2156 se
1767 2136 1832 2156 con-

1048 2179 1109 2212 fert,
1136 2186 1300 2213 carnemque
1318 2179 1407 2205 rarnis
1427 2184 1508 2205 causa
1532 2177 1610 2212 gerit,
1635 2181 1662 2204 et
1679 2184 1739 2203 cum
1755 2175 1832 2202 intel-

209 2221 411 2257 ἀναιαθαίρων.
423 2222 467 2247 καὶ
480 2221 568 2247 πάντα
580 2221 693 2255 γίνεται,
707 2220 776 2256 πλὴν
788 2221 837 2255 τῆς
850 2221 992 2256 ἁμαρτίας,

1048 2221 1154 2248 lectuali
1170 2222 1259 2248 anima
1283 2226 1391 2255 propter
1409 2221 1636 2247 animam.meam
1651 2219 1783 2254 jungitur,
1803 2224 1848 2251 ut.

209 2267 368 2302 ἄνθρωπος·
387 2267 498 2302 κυηϐεὶς
514 2268 562 2302 μὲν
577 2268 608 2293 ἐκ
625 2267 674 2302 τῆς
689 2266 838 2301 Παρθένου,
851 2266 897 2292 καὶ
908 2265 996 2300 ψυχὴν

210 2313 258 2340 καὶ
273 2314 362 2349 σάρκα
383 2313 621 2349 προκαθαρθείσης
636 2312 674 2347 τῷ
696 2311 835 2346 Πνεύματι
855 2311 919 2347 (ἔδει
932 2310 996 2346 γὰρ,

211 2360 258 2386 καὶ
273 2359 398 2393 γέννησιν
419 2359 584 2394 τιμηθῆναι,
601 2359 648 2385 καὶ
665 2357 811 2393 παρθενίαν
824 2357 996 2392 προτιμηθῆ-

211 2406 278 2437 ναι),
292 2405 430 2441 προελθὼν
442 2405 470 2431 δὲ
484 2405 549 2435 Θεὸς
567 2404 635 2439 μετὰ
647 2405 695 2439 τῆς
712 2402 889 2438 προσλήψεως
901 2423 907 2435 ,
924 2402 952 2429 ἒν
966 2403 998 2429 ἐκ

211 2451 257 2478 δύο
273 2451 329 2478 τῶν
341 2451 480 2483 ἐναντίων,
498 2451 598 2485 σαρκὸς
611 2450 659 2477 καὶ
673 2449 826 2484 πνεύματος
843 2448 880 2484 (8)
893 2468 900 2480 ,
914 2445 951 2475 ὧν
967 2448 998 2474 τὸ

213 2499 262 2533 μὲν
279 2498 379 2524 coam
391 2519 398 2531 ,
412 2498 442 2525 τὸ
456 2498 485 2524 δὲ
499 2497 613 2533 ὲθεώθη.
657 2496 689 2522 ’Ὼ
705 2495 755 2531 τῆς
772 2494 867 2529 καινῆς
885 2494 996 2530 μίξεωςί

214 2544 246 2569 Ὢ
262 2544 311 2579 τῆς
330 2543 482 2579 παραδόξου
496 2543 636 2578 κράσεωιί
660 2541 688 2567 '0
707 2539 761 2572 ὢν,
780 2540 898 2574 γίνεταια
925 2539 971 2565 καὶ
985 2540 999 2565 ὁ

249 2623 270 2638 ¹⁹
288 2623 354 2650 Gen.
375 2622 441 2654 tn,l
459 2629 516 2656 sqq.

250 2699 290 2735 (2)
311 2698 458 2735 'Anrdoa'q.
477 2697 523 2735 Sic
541 2703 656 2735 quatuor
667 2697 763 2732 Regg.,
780 2704 826 2725 sex
842 2695 931 2727 Colb.,
947 2699 999 2723 etc.

214 2735 243 2762 lu
256 2733 315 2766 ἑά..
330 2734 435 2764 ἁπλοῖς,
454 2742 463 2758 ι
479 2733 656 2766 simplicibus.
677 2742 686 2758 ι

262 2769 290 2803 5)
306 2769 454 2803 ιιείθομαι.
475 2768 587 2803 Comm,
599 2768 653 2802 ἐγὼ
671 2766 810 2803 πείθομαι.

262 2771 290 2803 5)
306 2771 454 2803 ιιείθομαι.
475 2771 579 2800 l;omb.,
599 2771 653 2802 εγὼ
671 2771 810 2802 πείθομαι.

251 2771 290 2839 is;
302 2803 560 2836 Εὶδωλολατρίαις.
581 2802 647 2838 Reg.
669 2803 705 2837 ph
724 2809 750 2830 et
763 2801 810 2829 0r.
828 2802 853 2835 Ι,
870 2800 1006 2827 εἰδωλολα-

217 2839 332 2875 τρείαις.

253 2875 292 2908 (5)
321 2873 508 2907 Ἀρχετύπου.
523 2871 604 2900 Coisl.
628 2873 640 2899 Ι
669 2872 754 2905 addit,
772 2871 900 2904 κάλλους,
920 2880 929 2897 ι
948 2871 1006 2906 pul-

218 2907 379 2936 chritudinis
400 2908 538 2942 archetypi
555 2907 705 2942 expressio.
729 2917 738 2934 ι

1047 2266 1135 2293 simile
1159 2273 1206 2301 per
1223 2267 1310 2293 simile
1334 2271 1468 2300 repurget,
1491 2271 1571 2300 atque
1590 2266 1706 2293 humana
1730 2265 1834 2296 onmia,

1047 2317 1158 2346 excepto
1169 2317 1291 2346 peccato,
1304 2314 1584 2348 suscipit;conceptus
1599 2312 1706 2347 quidem
1722 2319 1755 2338 ex
1767 2310 1832 2338 Vir-

1048 2359 1120 2393 gine,
1135 2358 1226 2385 animo
1238 2363 1264 2385 et
1279 2366 1361 2385 carne
1372 2367 1385 2385 a
1405 2358 1506 2393 Spiritu
1523 2356 1710 2392 praepurgata(
1727 2364 1788 2383 nam
1806 2361 1838 2383 et.

1050 2405 1249 2438 generationem
1279 2404 1380 2431 honore
1410 2403 1488 2436 allici,
1511 2407 1538 2431 et
1562 2403 1741 2437 virginitatem
1762 2409 1832 2435 pra:-

1051 2449 1114 2476 l‘erri
1125 2449 1206 2484 852
1223 2450 1391 2485 oportebat);
1409 2457 1567 2489 progressus
1581 2454 1670 2476 autem
1689 2449 1761 2476 Deus
1771 2455 1834 2475 cum

1051 2501 1188 2529 assumpta
1217 2497 1394 2529 humanitate,
1426 2504 1508 2523 unum
1528 2504 1560 2523 ex
1580 2496 1683 2523 duobus
1710 2495 1780 2522 inter
1805 2501 1838 2521 se

1052 2541 1203 2574 contrariis,
1224 2549 1306 2568 carne
1321 2542 1446 2569 nimirum
1462 2547 1488 2569 et
1508 2542 1614 2576 spiritu,
1632 2547 1747 2576 quorum
1766 2539 1836 2566 alte-

1052 2729 1069 2764 ἢ
1094 2695 1130 2764 (ᾖ)
1152 2695 1187 2721 Ἠ
1197 2694 1251 2728 μή.
1269 2694 1315 2721 Sic
1332 2694 1415 2729 Regg.
1435 2702 1492 2726 om,
1515 2701 1548 2728 pn
1568 2698 1596 2720 et
1620 2692 1702 2720 Savil.
1726 2692 1754 2719 In
1778 2693 1836 2726 ed.,

1089 2740 1108 2764 μ
1130 2750 1135 2755 ·
1285 2763 1291 2764 ,
1427 2763 1432 2764 ,
1636 2763 1639 2764 ,
1748 2763 1752 2764 ,

1089 2740 1108 2766 μ

1090 2763 1127 2799 (7)
1143 2763 1195 2791 Kal
1209 2763 1295 2798 ψυχῇ
1312 2763 1409 2800 νοερᾷ.
1425 2763 1499 2796 Pan,
1515 2764 1562 2800 κα).
1575 2763 1781 2800 ψυχήνῗνοεράν.

1090 2798 1127 2837 (8)
1141 2800 1257 2837 quxdq
1271 2799 1320 2837 καὶ
1340 2800 1517 2837 πνεύμᾳτρς..
1540 2798 1646 2832 Optime
1662 2798 1767 2837 ﬂectas
1787 2804 1840 2837 βξ.

1054 2833 1148 2869 ponit:
1171 2834 1390 2870 Ἀνθρωπότητος
1406 2833 1453 2862 καὶ
1470 2834 1594 2870 Θεότητος
1605 2843 1611 2850 ’
1629 2843 1638 2860 ι
1658 2834 1724 2861 (lum
1739 2833 1840 2862 divini-

1057 2873 1111 2899 late
1124 2876 1150 2899 et
1166 2871 1340 2898 humanitate.
1361 2879 1370 2895 ι
