2027 3135
200 181 254 209 655

825 180 854 208 s.
875 179 1037 208 caecos"
1057 156 1227 207 rusowci

1773 178 1826 206 6'55

199 248 258 267 rum
282 239 409 267 deitatem
430 239 515 272 dedit,
539 239 654 267 alterum
671 239 787 275 accepit.
803 240 825 268 0
845 248 941 268 novam
961 244 987 267 et

1038 240 1182 271 ἄκτιστος,
1197 238 1339 271 κτίζεται·
1352 236 1400 265 καὶ
1414 237 1429 264 ὁ
1444 235 1602 272 ἀχώρητος,
1619 236 1747 271 χωρεῖται
1757 256 1765 268 ,
1782 234 1827 262 διὰ

195 286 344 313 inauditam
378 286 539 314 misluraml
556 286 578 315 Ο
596 287 781 314 admirandam
808 287 984 321 temperatio-

194 333 272 359 nem!
292 332 342 365 Qui
357 337 408 364 est,
424 333 453 360 fit
468 342 474 359 :
497 334 541 367 qui
561 333 699 360 increatus
715 337 769 364 est,
786 337 897 360 creatur
915 342 923 360 :
939 333 984 367 qui

194 379 267 404 nullo
282 379 340 405 loro
353 379 484 406 contineri
503 384 601 413 potest,
620 379 773 406 interventu
789 379 885 406 animae
906 380 986 407 intel-

194 423 332 455 lectualis,
364 423 434 450 inter
461 424 627 451 divinitatem
659 424 803 459 carnisque
832 424 983 451 crassitiem

195 469 352 503 interjeitm,
373 470 535 496 continetur.
553 470 603 503 Qui
625 469 692 497 alios
706 470 784 502 ditat,
808 477 909 505 pauper
926 471 982 497 eili-

193 514 279 545 citnr;
297 515 388 541 carnis
411 514 482 541 enim
503 522 569 542 mea:
589 520 774 549 paupertatem
791 515 875 548 subit,
893 520 921 542 ιιι
935 522 984 550 ego

193 560 303 587 deitatis
327 560 410 595 ipsius
429 568 493 595 opes
505 567 665 595 consequar.
684 561 734 595 Qui
753 561 847 596 plenus
861 566 911 594 est,
928 561 985 588 exi-

193 605 316 638 nanitur;
336 613 384 632 sua
399 606 470 633 enim
487 606 571 640 gloria
588 606 621 633 ad
637 606 719 634 breve
740 611 845 641 tempus
860 606 986 633 exinani-

193 655 248 682 tur,
275 655 305 678 ut
330 651 503 686 plenitudinis
528 652 612 686 ipsius
638 659 688 686 ego
713 652 846 687 particeps
873 652 983 679 eﬂiciar.

193 697 321 730 Qttzenam
349 698 390 724 lia:
412 698 540 725 bonitatis
555 698 676 724 divitiat?
697 697 836 730 Quodnam
857 706 919 733 erga
942 705 985 725 me

193 742 369 778 mysterium?
388 743 510 770 Divinam
533 742 675 778 imaginem
699 741 802 777 accc'pi,
823 751 872 771 nec
892 749 983 771 custo-

193 788 258 815 divi.
276 788 415 816 lliemcam
431 796 539 816 carnem
559 789 667 824 accipit,
682 794 711 816 ut
731 794 759 816 et
781 790 887 824 imagini
915 790 986 817 salu-

193 837 292 866 tem,et
304 834 377 860 carni
389 834 618 861 immortalitatem
634 833 747 866 adierat;
763 835 910 862 secundum
922 842 986 862 con-

193 879 307 906 sortium
336 879 474 906 nobiscum
502 880 569 911 iuit,
596 883 624 907 et
652 880 759 914 quidem
794 881 876 915 priori
907 881 985 915 longe

197 925 393 952 admirabilius.
409 925 475 952 Tum
493 926 564 952 enim
584 926 610 953 id
641 925 712 960 quod
743 926 916 960 praestantius
937 934 1014 959 erat,

1039 286 1125 322 μέσης
1139 285 1230 321 ψυχῆς
1246 285 1343 320 νοερᾶς
1359 282 1554 320 μεσιτευούσης
1570 281 1676 317 θεότητι
1695 282 1744 308 καὶ
1761 289 1829 318 σαρ-

1037 332 1084 364 κὸς
1097 332 1232 367 παχύτητι
1245 340 1252 347 ·
1265 331 1312 357 καὶ
1323 331 1337 356 ό
1353 329 1514 361 πλουτίζων,
1527 327 1660 363 πτωχεύει
1670 337 1676 343 ·
1690 327 1826 362 πτωχεύῃ

1036 378 1090 413 γὰρ
1100 378 1149 413 τὴν
1164 376 1233 412 ἐμὴν
1245 377 1344 412 σάρκα,
1361 376 1393 402 ἵν’
1407 375 1462 409 ἐγὼ
1475 375 1618 410 πλουτήσω
1631 374 1667 409 (9)
1680 374 1728 410 τὴν
1741 373 1825 401 αὐτοῦ

1036 422 1160 458 θεότητα.
1178 422 1232 448 Καὶ
1244 422 1259 447 ὁ
1275 421 1391 456 πλήρης,
1406 420 1532 447 κενοῦται
1543 429 1550 436 ⁶
1570 419 1694 446 κενοῦται
1707 419 1763 455 γὰρ
1776 419 1827 455 τῆς

1036 467 1132 494 ἑαυτοῦ
1156 467 1234 502 δόξης
1251 468 1296 493 ἐπὶ
1313 466 1411 502 μικρὸν
1433 466 1507 503 (10),
1529 466 1562 492 ἵν’
1579 465 1633 500 ἐγὼ
1645 465 1694 500 τῆς
1717 465 1824 491 ἐκείνου

1037 513 1182 548 μεταλάὸω
1197 512 1362 548 πληρώσεως
1373 511 1440 547 (11).
1468 511 1516 543 Τίς
1531 511 1545 537 ὁ
1562 511 1677 542 πλοῦτος
1691 511 1740 545 τῆς
1757 511 1824 545 ἀγα-

1037 559 1164 595 θότητος;
1179 559 1205 585 τί
1219 559 1249 584 τὸ
1265 559 1328 594 περὶ
1343 558 1393 593 ἐμὲ
1412 558 1491 584 τοῦτο
1508 558 1672 592 μυστήριον;
1700 556 1823 583 Μετέλα-

1035 605 1081 632 6ον
1091 606 1140 641 τῆς
1153 606 1266 638 εἰκόνος,
1283 605 1330 632 καὶ
1344 605 1394 631 οὐκ
1408 603 1528 638 ἐφύλαξα
1538 612 1546 619 '
1562 602 1765 638 μεταλαμϐάνει
1775 602 1825 637 τῆς

1036 653 1106 688 ὲμῆς
1119 653 1231 688 σαρκὸς,
1243 652 1286 678 ἴνα
1302 651 1349 678 καὶ
1364 651 1413 686 τὴν
1430 650 1521 677 εἰκόνα
1537 650 1621 686 σώσῃ,
1638 649 1684 675 καὶ
1700 648 1749 684 τὴν
1763 648 1825 684 σάρ-

1036 706 1072 724 κα
1096 698 1257 734 ἀθανατίσῃ.
1292 697 1426 732 Δευτέραν
1446 695 1502 730 (12)
1523 696 1646 722 κοινωνεί
1670 694 1824 725 κοινωνίαν,

1035 745 1102 771 πολὺ
1127 744 1176 779 τῆς
1201 743 1337 779 προτέρας
1362 741 1596 777 παραδοξοτέραν·
1615 740 1668 775 ὅσῳ
1689 740 1750 766 τότε
1775 739 1825 775 μὲν

1037 789 1084 816 τοῦ
1099 789 1252 825 κρείττονος
1268 788 1402 824 μετέδωκε
1418 807 1425 819 ,
1453 786 1500 813 νῦν
1516 786 1544 813 δὲ
1561 786 1763 822 μεταλαμϐάνει
1778 785 1825 812 τοῦ

1036 837 1168 872 χείρονος.
1198 834 1282 861 Τοῦτο
1295 834 1342 860 τοῦ
1363 833 1494 869 προτέρου
1511 832 1723 868 θεοειδέστερον·
1746 831 1826 858 τοῦτο

1036 883 1093 913 τοῖς
1106 880 1168 907 νοῦν
1184 879 1290 915 ἔχουσιν
1307 879 1471 914 ὑψηλότερον
1484 878 1551 912 (15).

1036 927 1112 954 nobis
1131 925 1273 960 impertiit;
1291 929 1318 951 at
1338 932 1408 951 nunc
1433 924 1502 959 ejus,
1527 924 1598 959 quod
1624 924 1744 951 deterius
1768 928 1825 958 est,

196 973 332 1008 particeps
343 973 401 1007 ipse
416 973 454 1000 tit.
471 972 527 1000 Hoc
539 973 620 1008 priori
637 973 682 1000 illo
698 973 832 1005 divinius;
849 973 900 1000 hoc
915 975 983 1008 apud
1003 975 1127 1001 cordatos
1146 974 1218 999 viros
1230 972 1314 999 multo
1332 971 1481 999 sublimius.

232 1018 266 1046 Χ.
288 1018 341 1046 Sed
358 1026 486 1054 quorsum
504 1019 572 1050 haec,
589 1018 712 1045 dicturus
727 1023 770 1045 est
786 1018 899 1045 fortasse
914 1019 983 1053 quis~

1073 1017 1109 1045 l’.
1130 1016 1210 1044 ’Δλλὰ
1233 1017 1259 1043 τί
1288 1015 1389 1043 τούτων
1417 1017 1500 1052 ἡμῖν,
1524 1016 1594 1051 τάχα
1622 1016 1655 1043 ἂν
1685 1016 1756 1042 εῖποι
1785 1024 1830 1049 τις

194 1065 266 1099 piam
291 1072 323 1091 ex
346 1065 397 1096 his,
415 1064 460 1098 qui
479 1064 580 1097 majore
607 1072 672 1099 erga
701 1063 800 1091 festum
823 1064 914 1091 studio
937 1064 985 1091 du-

195 1115 303 1143 cuntur,
329 1109 524 1143 t‘ervidiorique
547 1110 638 1136 animo
662 1109 764 1143 praaditi
781 1109 862 1136 sunt?
881 1109 984 1144 Equum

195 1155 229 1181 ad
257 1160 358 1181 metam
387 1153 515 1186 stimula;
544 1154 578 1181 de
596 1154 693 1188 iisque,
721 1161 781 1188 qua:
815 1154 894 1188 hujus
923 1154 985 1181 festi

196 1201 270 1230 sunt,
291 1203 319 1225 et
338 1199 372 1226 ob
389 1205 450 1233 qua:
464 1198 507 1225 hic
529 1198 693 1231 assideuius,
714 1199 864 1226 orationem
881 1199 914 1226 ad
937 1206 986 1226 nos

196 1244 322 1272 bnbeJta
333 1252 396 1272 vero
411 1245 520 1278 faciam,
531 1245 583 1273 etsi
599 1245 678 1280 paulo
691 1245 773 1273 altius
787 1253 899 1273 exorsus
914 1253 984 1278 sum,

197 1291 237 1317 sic
259 1290 384 1318 nimirum
402 1295 430 1318 et
460 1291 565 1318 ratione
588 1295 616 1317 et
646 1298 739 1318 amore
765 1290 984 1325 perpellentibus.

200 1336 256 1363 Nec
269 1345 333 1364 vero
350 1336 398 1364 abs
418 1345 457 1370 re,
472 1341 501 1364 ut
516 1337 621 1372 opinor,
634 1337 727 1369 fuerit,
747 1337 873 1364 studiosis
891 1342 918 1364 et
936 1337 987 1364 ho-

198 1382 266 1410 nesti
294 1383 398 1416 eupidis
423 1383 578 1410 hominibus
600 1383 634 1409 de
660 1383 769 1410 nomine
799 1383 858 1417 ipso
878 1382 986 1410 Pascha!

201 1429 324 1462 quaedam
341 1428 458 1463 praefari.
475 1428 502 1456 ld
518 1429 589 1456 enim
603 1436 657 1455 non
668 1429 896 1456 contemnendum
911 1428 986 1455 addi-

198 1479 348 1501 tamentum
379 1475 490 1502 auribus
519 1474 611 1502 fuerit.
634 1474 691 1501 Hoc
720 1474 835 1508 Pascha,
859 1475 922 1508 hoc,
947 1475 987 1501 iti-

197 1527 290 1552 quam,
314 1527 442 1554 magnum
470 1525 496 1547 et
517 1520 711 1552 venerandum,
737 1519 859 1547 Phascha
877 1520 911 1547 ab
932 1519 984 1546 He-

199 1565 278 1592 braeis
302 1565 377 1600 juxta
404 1573 497 1592 eorum
520 1564 639 1599 linguam
664 1565 835 1598 nominatur;
857 1573 917 1600 quae
934 1573 983 1592 vos

198 1612 339 1638 transitum
365 1611 485 1643 sonat“,
502 1611 631 1637 historica
656 1611 764 1645 quidem
790 1612 904 1643 ratione,
925 1619 986 1646 pro-

197 1661 258 1689 pter
272 1656 453 1684 lsraelitarum
471 1665 504 1684 ex
519 1657 636 1693 .ﬁgypto
659 1659 685 1684 in
700 1658 881 1685 Cliananzeam
898 1658 985 1693 regio-

198 1709 258 1727 nem
274 1701 362 1736 fugam
382 1707 409 1729 et
425 1703 613 1737 migrationem
627 1712 636 1730 :
654 1703 695 1730 sin
716 1708 805 1730 autetn
820 1703 985 1738 spiritualein
1000 1692 1020 1721 (ἶ

199 1753 308 1772 sensum
322 1752 490 1780 spectemus,
509 1754 618 1782 propter
634 1754 754 1776 nostram
771 1756 804 1776 ex
820 1748 862 1775 his
877 1748 988 1776 inferio-

199 1791 275 1818 ribus
300 1792 332 1819 ad
355 1793 505 1827 superiora,
527 1798 607 1829 atque
631 1794 664 1821 ad
683 1794 871 1828 promissionis
890 1799 989 1821 terrain

199 1838 416 1872 progressionem
432 1845 459 1866 et
475 1847 626 1867 ascensum.
641 1840 717 1873 Quod
733 1848 796 1867 vero
811 1841 837 1866 in
851 1840 989 1874 permultis

201 1882 349 1917 Scriptura:
365 1884 433 1911 locis
455 1885 586 1912 accidisse
608 1886 798 1920 comperimus,
810 1884 891 1920 853
904 1889 933 1911 ut
944 1892 991 1911 vo-

199 1929 295 1956 cabula
314 1931 436 1964 quiedam
450 1930 483 1957 ab
498 1930 647 1958 obscuriori
663 1938 742 1957 sensu
759 1931 791 1957 ad
814 1931 986 1965 apertiorem,

200 1979 282 2009 atque
291 1975 324 2002 ab
333 1976 432 2003 duriori
446 1984 513 2004 sono
524 1977 556 2003 ad
566 1977 756 2011 elegantiorem
771 1977 912 2003 immutata
922 1976 987 2008 sint,

201 2019 272 2046 idem
298 2020 342 2046 hic
360 2028 468 2055 quoque
485 2021 632 2056 contigisse
657 2021 906 2048 animadvertimus.
927 2020 989 2053 Qui-

201 2066 261 2093 dam
280 2066 352 2093 enim
373 2067 520 2094 salutiferae
538 2068 672 2102 passionis
694 2075 791 2095 nomen
806 2068 857 2095 hoc
869 2073 930 2095 esse
945 2075 988 2094 ar-

201 2111 306 2145 bitrati,
323 2120 356 2140 ac
372 2113 467 2141 deinde
480 2121 527 2148 per
544 2114 641 2141 litterae
658 2123 677 2149 φ
695 2114 722 2141 in
740 2123 770 2148 π,
785 2119 812 2141 et
825 2122 842 2140 κ
857 2114 883 2141 in
896 2122 912 2148 χ
931 2120 989 2141 mu-

237 2214 354 2242 “Exod.
372 2221 421 2247 xtl,
442 2215 484 2242 11.

250 2302 277 2337 9)
292 2303 467 2337 Πλουτιήσω.
486 2303 552 2338 Reg.
569 2304 615 2336 ph.
630 2303 774 2330 πλουτίσω.

253 2338 293 2373 10)
314 2339 378 2365 Ἐπὶ
394 2340 509 2374 μικρόν.
534 2349 543 2365 ι
562 2339 720 2374 Parumper,
735 2338 876 2371 tantillum,
891 2338 986 2371 paulu-

202 2373 256 2400 lum
271 2381 319 2400 sua
335 2373 474 2408 imijestate
486 2375 650 2406 exinanitur,
663 2373 677 2400 ⁷»
695 2381 790 2409 nempe
802 2381 850 2409 per
862 2375 990 2402 lncarna-

202 2410 315 2437 tionem.

242 2443 298 2480 (11)
314 2444 508 2477 Πληρώσεως.
527 2445 593 2478 Reg.
610 2445 637 2477 d,
653 2445 831 2480 πληρότητος.

229 2479 299 2540 IN?
319 2480 475 2522 Aeuzépar.
492 2481 537 2507 Sic
552 2480 634 2516 Regg.
650 2478 773 2514 bnifph,’
784 2478 878 2512 Savil.,
892 2482 945 2506 etc.
961 2479 988 2506 ln

239 2533 258 2540 ..
292 2523 409 2540 ευτεοον.

203 2522 258 2546 ευ..
277 2522 409 2546 οευτερον.

240 2523 532 2584 (1ὥει1λῖἕέἲὶὀτερον.
559 2550 607 2577 llic
632 2550 774 2581 desinunt,
800 2557 860 2584 quae
890 2556 924 2576 ex
947 2556 988 2576 or.

203 2592 308 2612 xxxvui
329 2590 447 2611 inutuata
463 2585 585 2618 superius
605 2587 765 2612 notavimus.

240 2620 295 2655 (14)
316 2620 403 2646 Ἀνίλά
420 2621 448 2646 τί
468 2620 588 2647 τούτων.
605 2639 612 2647 .
626 2642 632 2648 .
649 2639 656 2647 .
667 2620 870 2654 βιασαμένων.
886 2618 948 2646 Haec
963 2623 989 2645 et

205 2656 346 2687 tnterjerta
362 2664 454 2682 rursus
470 2656 606 2689 desumpta
626 2664 659 2682 ex
679 2663 720 2682 or.
734 2663 835 2682 x.\x"lll
849 2655 899 2682 sub
909 2655 988 2681 linem

205 2697 233 2717 It.
253 2690 294 2717 10.
313 2690 387 2721 Pan,
411 2690 490 2716 Ἀλλὰ
501 2691 626 2718 τίτοῦτο.

315 2726 485 2762 Διᾳλαϐεἷνε
498 2726 562 2762 Reg.
581 2727 635 2757 bitt,
651 2725 848 2762 προδιαλαῦεῖν.

246 2761 302 2795 (16'|
322 2760 426 2787 Φάσκα
442 2760 504 2794 τοῖς
522 2760 678 2795 Ἑϐραίοις-ξ
693 2763 737 2788 Sic
753 2767 806 2788 tres
824 2760 917 2794 ωηιξη
937 2764 991 2786 tres

206 2796 282 2823 Colb.
299 2801 326 2823 et
345 2795 399 2823 Jes.
416 2798 500 2829 Quam
515 2796 668 2828 lectionem,
688 2805 720 2824 ex
738 2796 911 2829 sequentibus
922 2815 928 2826 ,
944 2802 991 2829 ge-

209 2831 318 2858 nuinam
344 2831 518 2858 arbitrantur.
548 2831 651 2858 llcbraai
678 2839 793 2865 namque
821 2831 871 2857 hoc
890 2830 989 2856 festum

209 2867 411 2900 nuncupabant,
426 2870 495 2896 nos.
511 2866 536 2892 id
551 2871 602 2898 est,
622 2876 631 2892 ι
649 2866 777 2898 Phesacll,
796 2865 898 2900 Phase,
910 2865 991 2892 Plias-

208 2901 271 2929 cha.
293 2899 308 2927 r
323 2900 426 2934 Cra-ce,
443 2901 581 2933 διάϐασις·
609 2901 711 2935 Latine,
733 2901 869 2928 transitus.
890 2899 918 2927 In
933 2900 988 2933 ed.,

1027 1065 1091 1091 ’τῶν
1117 1063 1177 1090 λίαν
1204 1062 1353 1098 φιλεόρτων
1376 1062 1424 1088 καὶ
1446 1061 1633 1098 Θερμοτέρων;
1659 1062 1756 1088 Κέντει
1780 1061 1826 1089 τὸν

1038 1109 1126 1136 πῶλον
1142 1109 1207 1144 περὶ
1221 1108 1270 1143 τὴν
1284 1107 1401 1135 νύσσαν·
1424 1106 1459 1134 τὰ
1483 1107 1533 1142 τῆς
1549 1107 1646 1143 ἑορτῆς
1665 1109 1730 1144 ἡμῖν
1750 1108 1827 1143 φιλο-

1037 1155 1124 1189 σόφει,
1151 1155 1198 1181 καὶ
1211 1151 1252 1185 οἷς
1283 1153 1507 1189 προκαθεζόμεοα
1539 1155 1668 1190 σήμερον,
1693 1154 1779 1181 Τοῦτο
1793 1154 1826 1190 δὴ

1037 1199 1083 1227 καὶ
1101 1200 1222 1234 ποιήσω,
1239 1199 1285 1225 καὶ
1304 1199 1329 1225 εί
1347 1199 1443 1234 μικρὸν
1462 1199 1564 1226 ἄνωθεν
1579 1200 1706 1235 ἠρξάμην
1718 1220 1726 1232 ,
1755 1199 1827 1226 οὕτω

1037 1245 1082 1272 τοῦ
1097 1245 1175 1279 λόγου
1186 1245 1290 1272 καὶτοῦ
1302 1245 1384 1272 πόθου
1394 1245 1566 1280 βιασαμένων
1574 1245 1641 1281 (14).
1649 1246 1686 1272 Οὐ
1698 1247 1788 1281 χεῖρον
1798 1245 1827 1272 δὲ

1038 1292 1103 1324 ἴσως
1120 1293 1176 1323 τοῖς
1190 1291 1352 1326 φιλομαοέσι
1367 1291 1414 1318 καὶ
1428 1291 1584 1325 φιλοκάλοις
1599 1292 1663 1327 περὶ
1679 1291 1730 1326 τῆς
1743 1300 1828 1327 προσ-

1036 1337 1150 1373 ηγορίας
1162 1337 1247 1372 αὐτῆς
1261 1336 1307 1363 τοῦ
1320 1336 1415 1371 Πάσχα
1428 1336 1532 1372 βραχέα
1550 1336 1685 1364 διαλαὸεἶν
1700 1337 1767 1373 (15).
1777 1337 1826 1364 Γέ-

1037 1391 1108 1409 νοιτο
1117 1382 1171 1418 γὰρ
1185 1382 1217 1409 ἂν
1233 1382 1262 1409 οὐ
1275 1381 1374 1416 φαῦλον
1388 1381 1466 1409 τοῦτο
1475 1383 1535 1414 ταῖς
1548 1383 1642 1415 ἀκοαῖς
1656 1383 1818 1411 ἐπεισόδιον.

1037 1428 1074 1454 Τὸ
1098 1429 1193 1463 Πάσχα
1205 1428 1294 1461 τοῦτο,
1315 1428 1346 1454 τὸ
1364 1428 1434 1464 μέγα
1450 1437 1479 1455 τε
1497 1429 1545 1456 καὶ
1558 1429 1716 1464 σεϐάσμιον,
1730 1430 1826 1456 Φάσκα

1036 1476 1093 1506 τοῖς
1113 1475 1248 1510 Ἑϐραίοις
1261 1474 1317 1510 (16)
1334 1474 1583 1510 προσαγορεύεται,
1599 1475 1669 1502 κατὰ
1682 1475 1732 1511 τὴν
1752 1475 1826 1502 ὲκεί-

1037 1529 1090 1548 νων
1103 1521 1211 1557 φωνήν·
1228 1521 1304 1556 δηλοῖ
1319 1520 1347 1547 δὲ
1367 1521 1383 1556 ἡ
1399 1520 1475 1556 φωνὴ
1490 1520 1538 1556 τὴν
1554 1521 1708 1548 διάϐασιν
1726 1521 1827 1557 ίστορι-

1037 1566 1093 1598 κῶς
1110 1567 1160 1602 μὲν
1172 1587 1180 1600 ,
1194 1565 1239 1593 διὰ
1252 1566 1302 1602 τὴν
1318 1567 1347 1600 ἐξ
1364 1567 1502 1601 Αἰγύπτου
1522 1567 1589 1602 πρὸς
1602 1567 1651 1602 τὴν
1669 1567 1827 1593 Χαναναίαν

1037 1613 1126 1648 φυγὴν
1139 1612 1186 1639 καὶ
1200 1612 1256 1648 (17)
1273 1613 1473 1647 μετανάστασιν
1483 1620 1490 1627 ·
1512 1612 1704 1648 πνευματικῶς
1720 1612 1749 1639 δὲ
1759 1633 1766 1644 ,
1783 1612 1827 1639 διὰ

1037 1658 1086 1693 τὴν
1110 1659 1143 1685 ἐκ
1167 1658 1220 1684 τῶν
1247 1658 1322 1685 κάτω
1338 1658 1406 1694 πρὸς
1431 1658 1465 1685 τὰ
1488 1658 1561 1690 ἄνω,
1578 1658 1624 1686 καὶ
1647 1658 1696 1693 τὴν
1710 1659 1762 1694 γῆν
1777 1659 1828 1694 τῆς

1037 1703 1203 1738 ἐπαγγελίας
1219 1705 1330 1738 πρόοδον
1347 1705 1394 1731 καὶ
1410 1704 1551 1731 ἀνάϐασιν.
1574 1705 1662 1740 Ὅπερ
1675 1704 1704 1730 δὲ
1724 1704 1827 1730 πολλαο

1038 1750 1086 1785 χοῦ
1100 1750 1150 1784 τῆς
1163 1751 1274 1786 Γραφῆς
1293 1750 1398 1786 συμὸὰν
1417 1750 1535 1786 εὕρομεν
1546 1771 1554 1783 ,
1582 1749 1635 1776 ἀπὸ
1656 1750 1710 1777 τῶν
1722 1750 1827 1784 ἀσαφε-

1039 1796 1142 1832 στέρων
1163 1796 1378 1832 μεταποιηθέντα
1403 1796 1464 1824 τινὰ
1490 1795 1546 1822 τῶν
1570 1795 1710 1831 ὀνομάτων
1733 1796 1781 1822 ἐπὶ
1796 1795 1827 1822 τὺ

1039 1841 1205 1876 σαφέστερον
1215 1862 1222 1874 ,
1244 1841 1260 1877 ἢ
1281 1841 1335 1868 τῶν
1346 1842 1546 1878 ἀγροικοτέρων
1561 1841 1616 1876 (18)
1629 1842 1675 1867 ἐπὶ
1687 1841 1717 1867 τὸ
1728 1841 1828 1876 εὐσχη-

1041 1887 1213 1922 μονέστερον,
1225 1887 1303 1914 τοῦτο
1315 1887 1454 1914 κάνταῦθα
1465 1887 1684 1923 τεθεωρήκαμεν.
1702 1887 1756 1913 Τοῦ
1772 1887 1827 1922 γὰρ

1038 1932 1174 1968 σωτηρίου
1194 1933 1297 1965 πάθους
1318 1933 1403 1969 ὖνομα
1417 1933 1472 1969 (19)
1487 1934 1565 1960 τοῦτο
1579 1932 1647 1960 εἷναί
1666 1941 1739 1965 τινες
1750 1932 1827 1967 νομὶ-

1038 1986 1151 2010 σαντες,
1171 1975 1231 2005 εἶτα
1253 1978 1468 2014 ὲξελληνίζοντες
1486 1979 1540 2014 (20)
1555 1979 1604 2014 τὴν
1618 1979 1726 2014 φωνὴν,
1755 1978 1826 2005 κατὰ

1037 2022 1086 2058 τὴν
1098 2022 1145 2049 τοῦ
1159 2023 1196 2057 φῖ
1205 2024 1274 2060 πρὸς
1285 2024 1316 2050 τὸ
1330 2024 1377 2058 πῖ,
1406 2025 1453 2051 καὶ
1472 2024 1519 2051 τοῦ
1531 2024 1634 2052 κάππα
1658 2024 1726 2060 πρὸς
1746 2024 1777 2051 τὸ
1796 2024 1828 2059 χῖ

1039 2069 1216 2104 μεταποίησιν
1227 2090 1235 2103 ,
1255 2070 1363 2104 Πάσχα
1376 2070 1426 2106 τὴν
1439 2071 1546 2106 ἡμέραν
1561 2071 1825 2106 προσηγορεύκασιν.

1040 2114 1242 2150 Παραλαῦοὗσα
1257 2115 1285 2142 δὲ
1299 2117 1316 2151 ἡ
1329 2116 1458 2152 συνήθεια
1470 2117 1519 2152 τὴν
1534 2117 1634 2152 φωνὴν,
1650 2116 1827 2152 ἰσχυροτέραν

1003 2305 1025 2332 D
1039 2303 1135 2339 Πάσχα
1147 2305 1203 2335 τοῖς
1222 2303 1364 2339 Ἑϐραίοις.

1075 2337 1131 2374 (1⁷7)
1148 2339 1251 2374 Φυπνὴν
1266 2337 1326 2374 καί.
1343 2337 1439 2374 Savil,,
1460 2339 1550 2374 φυγήν
1561 2347 1592 2364 τε
1606 2337 1663 2365 καί.

1055 2373 1131 2436 é(is)
1159 2373 1393 2409 Ἀγροικοτέρων.
1415 2373 1460 2401 Sic
1473 2375 1550 2401 codd.
1570 2374 1599 2400 In
1613 2374 1670 2406 ed.,
1687 2373 1826 2410 ἅγροικω-

1071 2418 1134 2436 οων.

1038 2418 1134 2436 τειιων.

1149 2444 1266 2476 Πὰθους
1285 2444 1387 2481 ἄνοιξα,
1405 2449 1458 2471 etc.
1476 2443 1533 2471 Vox
1549 2453 1558 2470 ι
1571 2443 1681 2481 Pascha
1695 2453 1704 2470 ι
1721 2441 1755 2481 ab
1765 2439 1827 2481 Ἠε-

1038 2476 1109 2506 bra-0
1121 2476 1230 2507 nomine
1243 2484 1311 2510 nos.
1326 2476 1445 2510 I'Pliase,
1461 2489 1469 2505 ι
1487 2488 1533 2506 seu
1551 2489 1561 2504 ι
1571 2478 1704 2511 Phaselis,
1717 2486 1726 2501 ι
1746 2476 1771 2502 id
1784 2481 1825 2503 est

1040 2516 1184 2546 transitus.
1209 2515 1353 2541 derivatur.
1378 2514 1454 2547 Apud
1469 2515 1593 2545 Graecos,
1621 2513 1724 2548 longius
1745 2512 1826 2548 aber-

1041 2555 1144 2579 rarunt.
1154 2549 1198 2584 qni
1216 2549 1313 2584 linguae
1323 2546 1461 2576 Hebraicae
1475 2550 1604 2584 imperiti,
1617 2546 1709 2576 vocem
1721 2546 1825 2584 Φάξκα,

1040 2593 1054 2610 a
1078 2581 1169 2611 verbo'
1185 2581 1279 2612 Cra-evo
1301 2584 1425 2619 πάσχειν,
1450 2581 1521 2617 puti,
1551 2585 1726 2611 deduxerunt.
1758 2581 1826 2608 Hinc

1039 2619 1184 2653 Gregorius
1198 2620 1281 2646 dicit:
1301 2628 1310 2644 ι
1327 2619 1377 2646 Per
1392 2620 1487 2646 litteraI
1499 2628 1518 2654 φ
1533 2620 1558 2646 in
1573 2628 1604 2650 π,
1621 2624 1647 2646 et
1664 2628 1681 2645 κ
1694 2620 1719 2645 in
1734 2627 1752 2653 χ
1769 2625 1826 2643 ιιιιι-

1041 2655 1178 2686 tationem,
1201 2655 1269 2681 hanc
1285 2662 1377 2681 vorent
1399 2655 1432 2681 ad
1450 2655 1565 2688 linguam
1582 2655 1703 2681 Graecam
1720 2660 1827 2688 accom-

1041 2691 1190 2721 modantes,
1213 2691 1282 2716 hanc
1308 2689 1378 2715 diem
1403 2687 1505 2716 Pascha
1532 2690 1712 2716 nominarunt.
1739 2687 1826 2714 rCla-

1042 2725 1096 2751 rior
1113 2730 1200 2751 autem
1227 2725 1321 2750 ruisset
1346 2724 1390 2751 hic
1413 2725 1499 2757 locus,
1519 2725 1541 2751 si
1569 2724 1720 2757 Theologus
1740 2723 1825 2749 dixis-

1040 2765 1082 2786 set
1097 2768 1104 2785 :
1122 2769 1131 2784 ‹
1150 2759 1202 2786 Per
1215 2759 1311 2786 littera:
1333 2763 1352 2789 Ξ)
1373 2759 1398 2785 in
1422 2767 1452 2791 π,
1468 2765 1495 2786 et
1512 2765 1532 2789 rt
1550 2760 1576 2786 iu
1598 2768 1613 2794 χ
1639 2758 1826 2789 mutationem,

1041 2795 1110 2822 hanc
1128 2802 1230 2827 vocem,
1245 2799 1315 2826 m9,
1336 2794 1368 2821 ad
1394 2794 1510 2829 linguam
1529 2794 1651 2821 Graeam
1672 2799 1826 2820 accommo-

1039 2830 1146 2856 dantes.
1168 2838 1177 2854 )
1206 2836 1258 2856 etc.

1164 2849 1433 2899 ’ἐξέῆίιηι-ίζοντες.
1463 2864 1490 2892 Ιιι
1519 2863 1670 2896 nonnullis,
1703 2861 1827 2898 Ἐλληνί-

1040 2908 1144 2931 σαντες.
