2027 3135
148 190 199 217 637

625 189 755 220 ORATIO
775 192 854 221 XLV.
875 210 910 215 ——
927 193 964 222 IN’
983 194 1148 224 SANCTUM
1168 196 1313 224 PASCHA.

1719 199 1771 227 658

147 248 259 283 εποίησε
269 268 278 280 ,
295 247 516 283 προστρεχούσης
528 248 576 284 τῆς
590 248 642 276 τῶν
658 249 764 278 πολλῶν
780 252 879 288 ἀκοῆς,
896 253 933 285 ὡς

989 254 1125 288 tationem,
1147 255 1219 283 hanc
1232 263 1326 283 vocem
1341 255 1373 283 ad
1389 255 1506 291 linguam
1523 256 1643 285 Graacam
1665 265 1772 286 accom-

147 292 333 328 εὐσεϐεστέρῳ
348 292 386 327 τῷ
401 293 513 328 ῥήματι.

988 299 1136 334 modantes,
1166 301 1238 329 hunc
1265 301 1336 328 diem
1356 301 1460 328 Pascha
1486 303 1667 334 nominarunt.
1684 305 1773 340 Atque

148 341 204 367 haec
217 348 270 367 vox
295 344 387 374 postea
417 341 610 368 c0n5uetudine
636 347 718 377 atque
740 351 790 371 usu
805 344 964 373 conﬁrmata
993 351 1046 381 est,
1074 349 1244 377 multitudine
1267 349 1391 378 videlicet
1415 351 1466 378 hoc
1487 351 1609 385 verbum,
1631 357 1661 380 ut
1686 354 1773 389 magis

147 389 231 422 pium.
244 388 347 414 calculo
355 395 404 415 suo
417 390 616 422 comprobante.

182 433 223 459 Μ’
250 434 343 459 Πάν-α.
392 434 405 459 ὲ
454 431 465 441 ⁷
520 434 533 460 ὸ
591 435 604 460 ό
801 434 812 445 ⁷
881 437 914 454 ρ·“

227 453 235 460 .
315 451 323 459 .
371 443 390 468 μ
407 442 421 459 ν
438 442 483 460 ουν
503 442 517 460 τ
535 443 548 459 ν
576 443 589 460 ν
608 444 666 470 μον,
692 437 771 463 σκιὰν
787 445 856 463 ειναι
886 447 934 464 ..ων

149 478 300 514 μελλόντων
325 479 372 505 καὶ
388 479 548 514 νοουμένων,
572 481 585 506 6
601 480 671 512 θεῖος
698 482 856 514 Ἀπόστολος
882 482 935 518 πρὸ

147 523 225 558 ἡμῶν
243 524 410 559 ἀπεφὴνατο.
428 524 482 550 Καὶ
500 525 514 550 6
529 526 701 560 χρηματίσας
721 528 774 562 πρὸ
788 527 881 553 τούτου
897 528 935 562 τῷ

147 568 261 594 Μωῡσεῖ
271 567 347 600 θεὸς,
371 568 452 602 ἡνίκα
472 568 536 603 περὶ
557 568 658 595 τούτων
673 569 841 604 ἐνομοθέτει·
863 571 935 604 Ὅρα

147 613 212 648 γὰρ,
232 613 310 648 φησι,
337 613 473 647 ποιήσεις
491 613 589 640 πάντα
611 614 686 642 κατὰ
699 615 751 642 τὸν
765 616 860 642 τύπον
883 617 936 642 τὸν

148 657 305 692 δειχθέντα
328 666 378 684 σοι
405 658 439 684 ὲν
454 658 495 690 τῷ
519 659 579 693 ὄρει
592 666 600 673 ·
618 661 802 696 σκιαγραφίαν
817 661 877 688 τινὰ
889 663 936 688 καὶ

148 704 336 739 προχάραγμα
347 705 401 730 τῶν
416 705 538 740 ἀοράτων
553 706 734 740 παραδεικνὺς
749 707 783 734 τὰ
797 708 933 743 ὁρώμενα.

126 739 127 750 ‘
148 749 204 774 Καὶ
216 748 354 783 πείθομαι,
371 739 456 784 μηδὲν
467 750 538 784 εἰκῆ,
555 739 622 785 μηδὲ
636 751 795 785 ἀλογίστως,
810 739 876 788 μηδὲ
888 762 936 788 χα-

126 796 129 831 “
150 794 264 829 μερπῶς
277 795 380 821 τούτων
392 795 449 826 (21)
465 795 648 831 διατετάχθαι,
670 798 737 832 μηδὲ
751 798 868 832 ἀναξίως
886 800 936 835 τῆς

147 839 197 865 τοῦ
220 839 287 866 Θεοῦ
304 840 475 875 νομοθεσίας,
493 841 540 868 καὶ
552 842 602 878 τῆς
618 843 756 875 Μωῠσέως
772 845 932 880 ὑπουργίας

149 887 173 912 εἰ
191 887 237 912 καὶ
251 886 369 921 χαλεπὸν
382 887 482 922 ἑκάστῃ
500 887 554 915 τῶν
569 888 662 920 σκιῶν,
680 889 797 925 ἑκάστην
810 890 934 926 ὲςρευρεῖν

149 930 266 967 θεωρίαν
288 932 328 963 εἰς
345 931 442 958 λεπτὸν
456 932 512 967 (⁵22)
530 933 727 960 καταϐαίνοντα
740 955 747 966 ,
761 935 811 961 ὅσα
825 943 855 961 τε
872 935 936 970 περὶ

149 978 199 1012 τῆς
222 977 325 1012 σκηνῆς
345 978 438 1011 αὐτῆς,
463 978 510 1004 καὶ
531 979 637 1014 μέτρων
651 979 718 1014 (*25),
735 980 782 1006 ml.
797 980 872 1015 ὕλης,
889 981 936 1006 καὶ

147 1024 203 1049 τῶν
214 1023 347 1058 αίρόντων
375 1023 462 1050 ταῦτα
476 1024 594 1051 Λευῖτῶν
608 1034 637 1051 τε
649 1026 695 1051 καὶ
704 1026 875 1061 λειτουργῶν,
888 1027 936 1053 ὅσα

147 1077 177 1095 τε
190 1069 253 1104 περὶ
262 1069 372 1101 Θυσιῶν,
384 1069 432 1095 καὶ
445 1069 611 1105 καθαρσίων,
621 1071 668 1096 καὶ
677 1071 872 1106 ἀφαιρεμάτων
880 1071 936 1107 (24)

147 1114 358 1150 νενομοθέτηται
369 1123 376 1130 '
392 1115 439 1141 καὶ
456 1115 546 1150 μόνοις
562 1113 631 1142 εἶναι
649 1115 773 1152 θεωρητὰ
792 1118 846 1148 τοῖς
868 1117 937 1144 κατά

148 1159 269 1186 Μωῡσὲα
293 1160 343 1195 τὴν
368 1160 478 1196 ἀρετὴν,
506 1161 523 1196 ἦ
543 1161 583 1187 ὅτι
601 1161 743 1195 ἐγγυτάτω
765 1162 814 1196 τῆς
832 1162 935 1188 ἐκείνου

149 1204 328 1237 παιδεύσεως.
350 1206 426 1232 Ἐπεὶ
440 1207 487 1233 καὶ
503 1207 532 1232 ἐν
547 1206 620 1242 αὐτῷ
633 1206 672 1242 τῷ
682 1206 739 1242 ὄρει
756 1207 820 1239 Θεὸς
834 1207 938 1243 ἀνθρώ-

149 1257 211 1280 ποις
223 1250 400 1283 φαντάζεται,
412 1250 441 1276 τὺ
456 1250 506 1285 μέν
519 1260 545 1277 τι
555 1250 724 1278 καταϐαίνων
731 1252 811 1283 αὐτὸς
820 1252 871 1287 τῆς
881 1253 937 1287 (25)

149 1294 253 1326 οἰκείας
271 1296 425 1330 περιωπῆς,
441 1295 472 1321 τὸ
486 1296 515 1322 δὲ
535 1297 608 1331 ἡμᾶς
618 1297 727 1331 ἀνάγων
741 1297 773 1323 ὲκ
783 1298 831 1332 τῆς
848 1298 937 1324 κάτω-

150 1340 196 1366 θεν
214 1340 270 1375 (26)
298 1341 504 1372 ταπεινώσεως,
529 1342 573 1368 ἴνα
588 1343 698 1378 χωρηοῇ
730 1343 846 1378 μετρίως
871 1344 936 1378 γοῦν

150 1386 235 1421 θνητῇ
252 1386 331 1420 φύσει
346 1387 413 1422 ('27),
434 1387 479 1413 καὶ
494 1388 556 1414 ὅσον
572 1389 700 1422 ἀσφαλὲς,
714 1390 727 1415 6
740 1389 889 1424 ἀχώρητος.
900 1390 937 1416 Οὐ

150 1432 206 1467 γὰρ
219 1430 274 1459 οἷόν
286 1441 316 1458 τε
331 1432 417 1464 ἄλλως
434 1434 461 1459 ἐν
480 1434 603 1469 περινοίᾳ
622 1434 689 1460 Θεοῦ
708 1435 833 1469 γενέσθαι
848 1435 936 1470 σώμαι

150 1486 196 1509 τος
208 1477 302 1503 ὐλικοῦ
318 1477 365 1503 καὶ
386 1477 496 1512 δεσμίου
519 1477 566 1504 νοῦ
591 1478 676 1513 πάχος
693 1479 729 1514 μὴ
746 1478 936 1514 βοηθούμενον.

151 1524 218 1549 Τότε
239 1523 340 1555 τοίνυν,
355 1522 385 1549 οὺ
404 1523 505 1554 πάντες
521 1523 572 1558 τῆς
595 1523 680 1558 αὐτῆς
705 1523 864 1556 ἀξιωθέντες
879 1523 939 1558 φαί-

151 1577 241 1594 νονται
255 1567 360 1600 τάξεώς
376 1576 405 1594 τε
429 1568 476 1594 καὶ
490 1568 609 1599 στάσεως
621 1577 628 1583 '
646 1568 703 1595 ἀλλ’
726 1570 740 1595 6
755 1569 803 1603 μὲν
814 1569 873 1604 τῆς,
887 1570 900 1594 6
911 1569 939 1595 δὲ
953 1558 973 1587 c

150 1614 211 1648 τῆς,
227 1614 295 1649 πρὸς
323 1614 431 1649 μέτρον,
460 1612 555 1649 οἶμαι,
584 1614 633 1649 τῆς
661 1614 757 1641 ἑαυτοῦ
781 1614 939 1650 καθάρσεως

151 1660 284 1690 ἕκαστος·
311 1660 337 1686 οἱ
363 1659 391 1685 δὲ
407 1660 453 1686 καὶ
467 1661 640 1687 παντάπασιν
665 1660 875 1696 ἀπεληλαμένοι,
893 1660 940 1686 καὶ

153 1707 238 1741 μόνης
256 1706 364 1733 ἀκούειν
390 1706 440 1740 τῆς
467 1706 570 1733 ἄνωθεν
590 1707 680 1742 φωνῆς
708 1705 938 1742 συγχωρούμενοι,

152 1752 210 1778 ὅσοι
237 1751 380 1788 θηριώδεις
403 1752 449 1778 τὸν
478 1752 589 1787 τρόπον,
618 1752 664 1779 καὶ
688 1751 766 1779 θείων
784 1752 940 1788 μυστηρίων

152 1797 266 1830 ἀνάξιοι.

1022 427 1069 455 XI.
1085 428 1231 456 Enimvero
1249 429 1333 464 legem
1350 429 1503 456 universam
1515 449 1523 463 ,
1541 429 1705 464 futurorum,
1731 435 1776 459 at-

987 480 1040 507 que
1066 481 1169 506 eorum,
1192 481 1251 508 quae
1276 474 1366 501 animo
1390 479 1418 501 et
1444 475 1548 502 ratione
1574 475 1772 510 intelliguntur,

989 519 1111 545 umbram
1123 519 1214 550 fuisse.
1231 519 1337 547 divinus
1352 520 1497 554 Apostolus
1512 525 1575 548 ante
1588 529 1636 548 nos
1652 529 1773 556 pronun-

984 563 1104 590 tiavit“.
1122 565 1161 591 Ac
1192 565 1264 592 Deus
1289 565 1385 598 etiam,
1400 566 1446 600 qui
1467 566 1552 601 Moysi
1580 572 1642 594 ante
1664 567 1773 595 oracula

984 609 1077 641 edidit,
1089 617 1149 636 cum
1166 610 1200 638 de
1215 610 1258 638 his
1290 611 1371 638 rebus
1392 611 1466 646 leges
1484 611 1523 638 illi
1556 613 1747 647 praescriberet
1764 622 1771 640 :

989 653 1064 686 Vide,
1077 655 1173 690 inquit.
1187 661 1215 683 ut
1232 657 1321 683 omnia
1340 656 1424 690 facias
1444 657 1525 691 juxta
1545 657 1692 692 exentpiar,
1704 659 1774 693 quod

988 700 1035 726 tibi
1057 700 1083 726 in
1111 706 1196 728 monte
1224 706 1354 728 ostensum
1384 706 1421 728 est
1436 701 1477 734 ";
1495 709 1526 728 ea
1544 702 1684 735 nimirum,
1713 709 1774 736 qua:

988 752 1096 781 aspectu
1122 747 1286 780 sentiuntur,
1311 747 1389 782 quasi
1419 747 1656 775 adumbrationem
1678 755 1774 782 quam-

989 791 1049 817 dam
1063 796 1090 818 et
1102 791 1306 819 deliueationem
1322 799 1416 819 earum
1433 800 1524 820 rerum
1537 811 1545 825 ,
1563 799 1623 827 qua}
1635 793 1773 820 oculorum

988 843 1095 863 sensum
1117 837 1240 872 fugiunt,
1254 845 1314 866 esse
1338 838 1495 866 ostendens.
1510 837 1603 872 Atque
1630 838 1693 866 illud
1714 846 1775 873 per-

952 879 973 907 Β
987 890 1094 909 suasum
1110 884 1206 916 habeo,
1224 883 1292 910 nihil
1307 888 1420 916 temere,
1443 891 1493 910 nec
1507 884 1715 918 inconsiderate,
1732 885 1774 912 ni—

989 929 1023 955 hil
1042 928 1177 956 humiliter
1191 934 1271 963 atque
1283 929 1398 963 abiecte,
1416 929 1482 956 nihil
1495 929 1610 964 denique
1629 929 1683 958 Deo
1697 930 1776 964 legis-

988 974 1073 1001 lalore
1091 982 1122 1001 ac
1138 975 1260 1002 ministro
1279 974 1371 1010 Moyse
1389 983 1483 1010 parum
1500 976 1608 1010 dignum
1620 996 1628 1007 ,
1645 976 1775 1004 indictum

988 1024 1068 1053 atque
1080 1020 1258 1047 constitutum
1282 1027 1360 1054 esse;
1378 1021 1489 1048 tametsi
1516 1020 1622 1048 diﬂicile
1641 1021 1711 1048 factu
1728 1022 1777 1054 sit,

989 1071 1017 1093 ut
1029 1074 1104 1093 suam
1123 1067 1220 1100 cuique
1242 1067 1345 1094 umbrae
1361 1074 1393 1094 ac
1405 1067 1498 1102 ﬁgura:
1513 1067 1668 1101 allegoriam
1695 1075 1777 1096 exco-

988 1112 1114 1145 gitemus,
1130 1112 1283 1139 minutatim
1308 1113 1341 1139 ad
1358 1112 1464 1147 singula
1490 1112 1697 1145 descendentes.
1715 1120 1777 1148 qua:

989 1161 1044 1184 tum
1063 1158 1096 1184 de
1111 1166 1173 1184 arca
1190 1159 1247 1191 ipsa
1263 1163 1290 1185 et
1311 1159 1446 1186 mensuris
1464 1163 1491 1186 et
1506 1159 1618 1186 materia
1634 1164 1661 1186 et
1673 1159 1777 1186 Levitis

988 1211 1020 1230 ac
1035 1204 1166 1231 ministris
1191 1212 1249 1231 eam
1270 1205 1460 1239 gestantibus;
1483 1209 1539 1232 tum
1554 1205 1633 1233 etiam
1649 1207 1681 1233 de
1694 1206 1779 1234 sacri-

989 1250 1056 1276 liciis
1069 1256 1096 1277 et
1117 1249 1324 1277 lustrationibus
1349 1254 1430 1285 atque
1444 1250 1629 1278 oblationibus
1641 1250 1699 1285 lege
1717 1257 1779 1279 san-

988 1296 1040 1323 cita
1060 1300 1143 1323 sunt:
1161 1303 1222 1331 quae
1240 1296 1348 1331 quidem
1377 1296 1410 1324 iis
1436 1297 1503 1324 solis
1529 1296 1676 1330 conspicua
1698 1300 1778 1328 sunt,

988 1342 1034 1376 qui
1056 1342 1155 1368 virtute
1179 1341 1299 1377 Moysem
1319 1341 1451 1374 referunt,
1473 1341 1514 1369 vel
1526 1342 1559 1368 ad
1570 1341 1629 1375 ejus
1640 1341 1775 1369 eruditio-

988 1395 1050 1414 nem
1062 1389 1182 1422 proxime
1194 1387 1335 1414 accedunt.
1350 1386 1418 1414 Nam
1441 1387 1468 1414 in
1492 1388 1550 1422 ipso
1561 1395 1669 1422 quoque
1687 1390 1778 1414 monte

990 1430 1060 1458 Deus
1084 1431 1238 1458 hominibus
1264 1436 1392 1465 apparet,
1420 1431 1515 1465 partim
1540 1432 1572 1459 de
1596 1431 1703 1466 specula
1728 1439 1778 1459 sua

990 1477 1047 1512 ipse
1069 1477 1191 1503 nonnihil
1216 1477 1395 1510 descendens,
1421 1478 1520 1512 partim
1548 1485 1597 1505 nos
1619 1485 1650 1504 ex
1673 1482 1780 1505 terrena

991 1522 1162 1556 depressione
1183 1523 1211 1549 in
1226 1523 1309 1549 altum
1325 1524 1452 1556 evehens,
1476 1528 1504 1550 ut
1523 1531 1538 1550 a
1561 1523 1667 1550 mortali
1683 1529 1779 1551 natura

993 1569 1087 1596 leviter
1105 1569 1213 1601 saltem,
1242 1573 1269 1596 et
1293 1574 1428 1602 quatenus
1452 1574 1537 1596 tutum
1557 1574 1607 1602 est,
1630 1569 1782 1604 incompre-

993 1616 1130 1643 hensibilis
1143 1616 1186 1642 ille
1201 1616 1379 1650 concipiatur.
1398 1615 1490 1650 Neque
1502 1616 1573 1643 enim
1589 1616 1667 1644 aliter
1681 1617 1781 1643 terreni

991 1662 1111 1696 corporis
1133 1669 1165 1688 at:
1189 1662 1286 1688 utentis
1312 1662 1410 1688 vincite
1433 1662 1572 1689 crassities
1588 1662 1671 1689 Deum
1691 1662 1783 1689 conci-

991 1715 1056 1742 pere
1081 1711 1179 1742 potest,
1202 1707 1252 1734 nisi
1277 1707 1405 1734 divinitus
1421 1707 1571 1741 adjuvetur.
1590 1707 1667 1735 Tunc
1690 1708 1782 1743 igitur,

992 1761 1043 1780 non
1054 1754 1146 1780 eodem
1164 1758 1234 1780 statu
1250 1759 1332 1787 atque
1347 1753 1442 1780 ordine
1455 1761 1550 1780 omnes
1566 1753 1660 1787 dignos
1673 1745 1778 1780 habitos

993 1797 1076 1826 fuisse
1091 1803 1217 1832 constat;
1234 1805 1327 1824 verum
1344 1798 1416 1825 hunc
1431 1798 1492 1831 alio,
1508 1799 1581 1825 illum
1597 1798 1660 1829 alio,
1682 1806 1779 1824 unum-

152 1854 298 1881 quemque,
317 1852 346 1875 ut
361 1848 466 1882 opinor,
497 1855 546 1882 pro
567 1847 734 1883 purgationis
763 1855 818 1874 sua:
835 1848 913 1874 modo
929 1855 959 1874 ac
980 1848 1093 1875 ratione.
1120 1848 1234 1881 Quidam
1258 1847 1341 1883 854,
1365 1848 1445 1874 etiam
1470 1854 1580 1881 prorsus
1610 1847 1782 1880 arcebantur,

155 1894 275 1929 ipsisque
295 1895 368 1922 vocis
383 1902 415 1922 ex
437 1894 491 1922 allo
506 1895 636 1921 duntaxat
659 1892 799 1920 audienda
837 1898 958 1928 potestas
994 1893 1084 1927 ﬁebat,
1107 1894 1232 1920 nimirum
1259 1894 1302 1925 iis,
1328 1893 1374 1928 qui
1396 1892 1519 1921 belluinis
1546 1897 1625 1920 erant
1649 1892 1780 1926 moribus,

154 1943 307 1977 divinisque
325 1942 462 1978 mysteriis
481 1941 594 1976 indigni.

188 1991 239 2017 IB'.
250 1991 344 2025 Ὅμως
352 1990 380 2016 δὲ
393 1991 478 2026 μέσην
488 1987 640 2024 χωροῦντες
650 1988 730 2023 ἡμεῖς
745 1986 799 2014 τῶν
812 1995 842 2013 τε
857 1987 945 2022 πάντη

153 2038 315 2072 παχυτέρων
334 2036 382 2072 τὴν
410 2037 538 2069 διάνοιαν,
567 2035 615 2062 καὶ
644 2034 698 2060 τῶν
725 2034 794 2068 ἄγαν
813 2033 944 2069 θεωρητι-

153 2083 210 2109 κῶν
227 2083 282 2118 (‘28)
299 2092 328 2110 τε
342 2084 389 2109 καὶ
403 2082 575 2118 ἀνηγμένων,
591 2082 636 2108 ἴνα
654 2081 720 2116 μήτε
737 2080 876 2112 παντελῶς
893 2081 942 2116 ἀρ-

153 2130 198 2163 γοὶ
218 2129 265 2156 καὶ
287 2129 409 2164 ἀκίνητοι
436 2128 571 2164 μένωμεν,
590 2127 658 2162 μήτε
675 2126 878 2162 περιεργότεροι
896 2126 943 2152 τοῦ

1029 1985 1085 2012 ΧΙΙ.
1106 1984 1161 2012 Nos
1178 1988 1267 2010 tamen
1283 1983 1369 2010 media
1387 1982 1502 2017 quadam
1519 1983 1559 2009 via
1577 1982 1647 2009 inter
1658 1989 1714 2013 eos,
1731 1981 1778 2016 qui

995 2031 1131 2059 crassiore
1150 2029 1260 2056 omnino
1276 2028 1384 2064 ingenio
1402 2032 1474 2061 Slltll,
1498 2032 1525 2055 et
1549 2035 1605 2058 eos.
1630 2027 1675 2061 qui
1699 2026 1783 2054 nimio

992 2076 1230 2111 contemplationis
1245 2079 1274 2102 et
1287 2075 1425 2109 anagogize
1436 2074 1524 2101 studio
1543 2074 1689 2105 ducuntur,
1709 2073 1781 2099 ince-

992 2124 1096 2154 dentes,
1125 2126 1154 2149 ut
1179 2129 1228 2148 nec
1245 2128 1355 2156 prorsus
1374 2120 1474 2147 inertes
1496 2127 1529 2147 ac
1552 2119 1649 2153 torpidi
1671 2125 1782 2145 manea-

153 2174 260 2206 δέοντος
276 2172 361 2209 ὦμεν,
378 2174 423 2200 καὶ
451 2173 505 2200 τῶν
528 2172 715 2208 προκειμένων
733 2172 865 2198 ἔκπτωτοι
891 2171 938 2198 καὶ

993 2177 1062 2202 mus,
1085 2176 1134 2196 nec
1156 2175 1249 2195 rursus
1272 2167 1434 2194 curiosiores
1454 2166 1555 2198 simus,
1574 2173 1653 2200 quam
1673 2172 1723 2199 par
1735 2164 1783 2198 sit,

153 2220 289 2255 ἀλλότριοι
301 2220 342 2251 (τὸ
356 2220 404 2255 μὲν
419 2219 472 2255 γὰρ
493 2218 636 2245 Ἰουδαϊκόν
660 2226 719 2249 πως
736 2217 782 2244 καὶ
803 2217 939 2250 ταπεινὸν,

153 2266 184 2292 τὸ
198 2266 227 2292 δὲ
238 2265 458 2301 ὀνειροκριτικδν,
473 2265 519 2290 καὶ
533 2263 632 2299 ὁμοίως
648 2262 789 2298 ἀμφότερα
804 2271 940 2297 κατεγνω‹

154 2311 270 2347 σμένα)·
299 2311 371 2338 οὕτω
396 2311 460 2346 περὶ
483 2310 585 2336 τούτων
605 2308 792 2344 διαλεξόμεθα,
817 2309 887 2335 κατά
907 2309 938 2335 τὸ

153 2356 219 2390 ἡμῖν
231 2355 352 2389 ἐφικτὸν,
368 2355 416 2381 κα.)⁸
435 2354 465 2380 οὺ
482 2354 541 2381 λίαν
557 2353 680 2385 ἔκτοπον,
692 2352 751 2378 οὐδὲ
764 2354 819 2384 τοῖς
833 2352 939 2384 πολλοῖς

153 2401 365 2434 καταγέλαστον.
387 2400 542 2435 Ἠγούμεθα
553 2399 608 2434 (29)
625 2399 690 2434 γὰρ,
701 2399 793 2434 ἐπειδὴ
808 2399 940 2430 πεσόντας

190 2470 212 2486 ¹¹
228 2470 317 2498 Colos.
331 2478 361 2502 ιι,
382 2469 426 2495 1⁵1.
465 2468 488 2484 ’³
501 2467 586 2496 Exod.
601 2474 664 2500 xxv,
679 2466 723 2494 io.

189 2538 246 2573 (21)
265 2536 426 2572 Χαμερπῶς
440 2537 563 2573 τούτων.
585 2535 628 2573 Sic
642 2534 725 2570 Regg.
745 2534 801 2573 _bm.
819 2534 865 2573 ph,
882 2533 942 2573 alii-

152 2569 205 2609 que
221 2569 321 2609 ptumi,
340 2569 437 2609 decent
447 2572 534 2601 Colli..
550 2571 697 2609 etc._l)_eest
706 2569 809 2609 τούτων
823 2569 906 2609 ined.

190 2604 247 2641 (ἓέ)
269 2609 320 2640 ΕΙς
343 2607 472 2638 λεπτόν,
493 2612 545 2633 etc.
572 2615 581 2630 ι
605 2605 753 2631 Minutatim
778 2604 810 2630 ad
839 2604 943 2641 singula

153 2643 359 2670 desrcmlo-ntes.
377 2652 385 2668 ι
402 2642 493 2668 Billius
507 2652 512 2668 :
531 2650 540 2666 ι
558 2641 692 2667 subtiliter
706 2640 738 2666 ad
751 2647 782 2666 ea
794 2640 883 2665 omnia
897 2640 944 2666 de-

158 2679 328 2705 δειιιιιιιιιιιιις.
352 2687 361 2702 ι

191 2713 247 2747 (25)
268 2711 399 2745 Μὲγρωγ.
431 2720 440 2736 ι
457 2710 494 2738 Dc
522 2710 664 2742 mensuris,
687 2708 941 2736 dimensionibus.»

154 2747 214 2774 Bill.
231 2758 237 2774 ί
253 2757 262 2773 t
276 2749 308 2772 ιίρ
327 2748 415 2772 Itititlo.
431 2755 440 2771 )

190 2782 247 2817 (24)
275 2780 501 2815 Ἄραιρεμάτων.
526 2789 535 2804 ι
558 2779 604 2817 De
615 2777 754 2806 subductis
776 2778 945 2805 victimarum

153 2814 333 2852 paratumst
350 2817 481 2852 sacerdoti
497 2814 629 2852 ascriptis.
644 2823 656 2852 ε

189 2852 246 2886 (25)
270 2851 337 2884 Τῆς.
354 2851 381 2876 lu
396 2851 566 2886 quibusdam,
627 2848 684 2886 τῆς.

190 2884 249 2922 (26)
269 2886 424 2922 Κάτωρενη
438 2885 465 2911 In
483 2884 627 2922 nonnullis,
644 2884 728 2922 αιᾴτω.

190 2916 246 2957 (27)
269 2920 371 2954 Θνητῆ
386 2921 486 2954 φύσει.
505 2928 514 2945 t
529 2919 551 2946 A
567 2918 672 2946 mortali
687 2924 792 2946 natura.
807 2927 816 2944 ι
830 2916 945 2951 Quidam

992 2221 1073 2250 atque
1089 2222 1101 2241 a
1125 2214 1264 2249 proposito
1284 2216 1444 2248 argumento
1460 2211 1618 2239 excidamus
1642 2214 1668 2237 et
1681 2216 1779 2244 evage-

991 2269 1052 2289 mur
1088 2260 1216 2296 (alterum
1248 2259 1320 2286 enim
1357 2257 1499 2285 Iudaicum
1527 2255 1726 2291 quodammodo
1753 2258 1782 2281 et

991 2307 1136 2341 abjectum,
1149 2306 1264 2333 alterum
1279 2305 1400 2339 ineptum
1414 2308 1440 2331 et
1451 2303 1616 2331 somniorum
1629 2302 1781 2336 coniectore

991 2353 1099 2387 dignum
1128 2356 1180 2384 est,
1206 2358 1239 2378 ac
1255 2355 1399 2384 utrumque
1429 2357 1520 2383 parem
1540 2347 1777 2383 reprehensionem

992 2396 1139 2431 meretur);
1154 2396 1186 2423 ad
1203 2396 1274 2423 hunc
1287 2395 1394 2423 modum
1409 2394 1442 2421 de
1456 2395 1498 2421 his
1513 2395 1603 2424 rebus,
1617 2399 1665 2427 pro
1679 2391 1776 2418 virium

993 2532 1083 2562 (‘ntltL,
1101 2530 1216 2566 γεννητῇ
1239 2529 1328 2564 φύσει,
1347 2537 1357 2554 t
1377 2535 1391 2556 a
1407 2532 1494 2555 creata
1510 2531 1614 2554 natura.
1630 2535 1639 2552 ι
1660 2524 1705 2552 Sic
1719 2524 1783 2560 legit

992 2567 1096 2593 Billius.

1029 2601 1084 2636 (9.8)
1105 2601 1207 2636 317:!er
1220 2597 1413 2636 θεωρητικῷν,
1436 2602 1489 2636 ιξιεἱ
1509 2594 1784 2636 Contulieﬁsitishltttlnc

993 2629 1081 2663 locum
1101 2643 1134 2662 ex
1145 2629 1250 2661 'Budaao
1267 2629 1311 2661 ἐὶιί
1321 2634 1409 2670 reddit
1422 2642 1433 2670 :_
1444 2641 1455 2670 t_
1471 2632 1520 2670 Qui
1539 2631 1614 2657 valde
1630 2629 1784 2670 spirituales

996 2677 1069 2703 sunt,
1098 2671 1272 2704 provectiqlle
1289 2668 1383 2699 animi,
1411 2667 1556 2694 altissimos
1582 2673 1614 2692 ex
1634 2666 1782 2698 Scripturis

994 2714 1090 2734 sensus
1104 2705 1223 2731 eliciunt.
1245 2713 1254 2728 ι

1032 2740 1091 2776 (ἳθ),
1112 2739 1279 2776 Ἠπυύμεοα,
1296 2742 1348 2776 etc.
1369 2737 1512 2776 t_Diil_icilis
1525 2741 1552 2764 et
1573 2736 1697 2776 obscura.
1710 2743 1720 2759 ι
1736 2742 1784 2776 .n-

995 2772 1053 2810 quit
1071 2772 1216 2804 Nicetasft
1235 2773 1326 2810 hujus
1343 2772 1392 2800 laci
1421 2773 1527 2810 videtur
1551 2778 1612 2810 esse
1637 2772 1784 2810 sententia,

995 2805 1056 2845 quia
1082 2810 1167 2843 longis
1191 2807 1480 2845 liyperbatiseoncisa
1502 2813 1544 2845 est
1568 2806 1624 2832 Ιιωε
1649 2805 1785 2845 periodus.

996 2838 1073 2873 l'ltinc
1104 2838 1191 2871 autem
1214 2838 1328 2870 sensum
1350 2843 1437 2870 habet.
1461 2841 1661 2870 Existimamus,
1689 2838 1787 2873 inquit,

995 2881 1121 2915 quoniam
1150 2886 1234 2915 usque
1257 2878 1289 2905 ad
1314 2877 1490 2915 idololatriam
1507 2876 1622 2915 prolapsi
1637 2875 1786 2915 fueramus.

995 2908 1012 2943 al
1017 2921 1080 2950 tque
1096 2908 1209 2943 excitari
1224 2921 1272 2942 nos
1285 2912 1404 2948 erigique
1424 2908 1574 2947 oportebat,
1595 2910 1694 2939 idcirco
1707 2908 1787 2936 nobis
