2027 3135
229 163 284 193 659

855 163 883 190 S.
903 163 1042 191 GREGOR
1049 165 1068 192 ll
1089 165 1261 193 THEOLOGI

1810 164 1860 191 (iii)

231 226 383 256 nostrarum
397 220 516 252 modulo,
535 227 587 248 non
606 219 685 247 nimis
706 220 822 247 absurde
836 228 886 248 nec
909 221 1021 249 ridicule

1075 223 1149 257 ἡμᾶς
1161 224 1192 250 ὲκ
1204 224 1254 257 τῆς
1270 221 1406 257 ἁμαρτίας
1416 220 1446 247 τὸ
1461 221 1507 247 ἀπ’
1521 219 1618 255 ἀρχῆς,
1629 220 1674 246 καὶ
1683 219 1727 245 διὰ
1740 219 1791 254 τῆς
1808 221 1863 255 ἡδο.

231 269 405 295 disseremus.
431 267 467 294 lta
482 267 554 294 enim
570 267 759 295 existimamus
777 276 784 294 :
802 268 1021 303 quandoquidem

231 321 280 340 nos
302 320 348 348 per
368 317 508 348 peccatum
533 313 566 339 ah
584 313 662 339 initio
679 312 756 347 lapsi,
773 318 854 348 atque
877 314 1022 348 voluptatis

232 359 354 386 illecehra
381 367 465 393 usque
493 359 524 385 ad
551 358 684 385 idolorum
713 359 815 386 cultum
847 367 879 387 ac
904 360 1022 388 nefarios

232 413 344 432 cruores
360 406 481 439 subrepti
498 405 645 438 fueramus,
657 413 704 439 per
717 405 820 432 viscera
832 405 1023 434 misericordia

234 452 280 479 Dei
305 451 392 479 Patris
411 453 508 479 nostri.
535 451 579 485 qui
607 451 733 484 hominis,
759 452 824 478 tanti
848 459 943 479 manus
968 460 1023 480 sua:

233 498 343 532 opiﬁcii,
355 499 490 533 jacturam
514 497 601 524 facere
623 506 675 524 non
691 498 831 530 sustinuit,
856 498 977 525 revocari
992 507 1023 526 ac

234 545 260 571 in
287 545 429 580 pristinum
461 549 560 570 statum
585 543 691 570 restitui
719 544 870 578 oportebat.
897 544 1020 577 Quonam

233 589 316 624 igitur
329 595 407 625 pacto
431 589 504 616 illum
527 588 680 621 reformari,
701 589 800 622 quidve
824 589 898 616 ﬁeri?
922 589 1022 625 Negligi

234 636 341 670 quidem
361 635 494 662 acriorem
511 634 682 666 medicinam,
698 639 790 669 utpote
809 635 842 661 ad
856 635 1022 669 persuaden-

233 681 295 708 dum
324 681 412 708 miuus
442 681 577 713 idoneam,
609 685 636 707 et
658 687 728 714 qum,
760 679 795 707 ob
827 680 1022 708 diuturniorem

233 726 316 754 animi
342 731 484 758 tumorem,
510 733 649 753 excaecare
675 726 771 761 possit,
794 725 846 752 leni
877 732 966 753 autem
992 735 1023 754 ac

234 771 350 806 benigno
367 770 546 797 medicamine
564 771 715 804 procurari,
735 774 764 796 nt
788 770 947 805 erigerctnr.
970 770 1023 797 Ne-

234 824 286 850 que
301 816 373 843 enim
390 816 506 849 plantatn
522 815 660 842 incurvam
672 835 681 847 ,
702 816 818 842 subitam
842 811 1022 850 inﬂexionem,

235 870 382 896 manusque
393 862 520 897 erigentis
531 862 684 889 violentiam
696 862 767 890 ferre
788 862 838 897 (sic
852 863 924 890 enim
936 863 1024 897 potius

1073 269 1121 303 νῆς
1136 267 1289 299 κλαπέντας
1310 268 1406 303 μέχρις
1427 264 1654 300 είδωλολατρείας,
1669 266 1715 292 καὶ
1732 266 1788 292 τῶν
1801 266 1862 293 ἀθέ-

1074 321 1151 348 σμων
1168 314 1304 349 αἱμάτων,
1318 313 1371 339 ἔδει
1384 312 1464 338 πάλιν
1476 311 1668 346 ἀνακληθῆναι,
1683 311 1731 337 καὶ
1744 312 1812 346 πρὸς
1834 313 1863 338 τδ

1074 360 1188 394 ἀρχαῖον
1219 357 1424 392 ἐπαναχθῆναι,
1453 357 1497 384 διὰ
1525 356 1665 391 σπλάγχνα
1690 356 1782 387 ἐλέους
1796 357 1862 383 Θεοῦ

1073 405 1181 441 Πατρὸς
1195 404 1283 440 ἡμῶν,
1295 404 1346 430 οὐκ
1356 403 1540 438 ἀνασχομένου
1553 403 1722 438 ζημιωθῆναι
1737 402 1862 429 τοσοῦτον

1073 451 1155 487 ἔργον
1180 451 1230 485 τῆς
1247 450 1350 482 οἰκείας
1375 451 1466 486 χειρδς
1481 450 1526 476 τὸν
1550 450 1702 485 ἄνθρωπον.
1725 449 1790 482 Πῶς
1818 448 1863 476 οὖν

1073 496 1292 531 ἀναπλασθῆναι,
1308 496 1353 522 καὶ
1370 496 1396 522 τί
1415 495 1558 530 γενέσθαις
1577 495 1614 522 Τὸ
1625 497 1674 531 μὲν
1687 497 1800 532 σφοδρὸν
1814 497 1863 531 τῆς

1075 542 1196 577 ἰατρείας
1214 541 1269 576 (50)
1287 541 1548 576 ἀποδοκιμασθῆναι,
1567 541 1605 573 ὡς
1619 541 1679 568 οὗτε
1694 543 1799 573 πεῖσον,
1817 543 1864 568 καὶ

1074 587 1244 624 προσπλῆξαι
1258 587 1417 622 δυνάμενον,
1435 587 1477 613 διὰ
1489 587 1539 622 τὴν
1548 588 1579 613 ἐκ
1590 586 1636 613 τοῦ
1651 587 1747 622 χρόνου
1760 587 1863 621 igua-itu-

1074 643 1127 665 σιν,
1145 633 1183 668 τῷ
1200 633 1227 660 δὲ
1248 633 1345 668 ἡμέρῳ
1363 633 1410 659 καὶ
1431 631 1614 668 φιλανθρώπῳ
1636 633 1685 667 τῆς
1714 633 1863 667 θεραπείας

1073 679 1286 714 οἰκονομηθῆναι
1303 679 1370 714 πρὸς
1393 679 1587 713 ἐπανόρθωσιν.
1604 679 1677 713 Μηδὲ
1691 679 1744 714 γὰρ
1759 678 1792 704 ἂν
1807 679 1862 714 (51)

1074 725 1190 761 πτόρθον
1215 725 1290 758 λοξὸν
1320 726 1441 758 ἐνεγκεῖν
1455 724 1555 759 ἁθρόαν
1571 724 1728 760 μετάκλιπιν
1744 725 1800 759 (ΒΞ)
1816 725 1863 752 καὶ

1075 770 1135 806 βίαν
1149 770 1240 806 χειρὸς
1257 770 1462 804 ἀπευθυνούσης
1482 770 1590 804 (θᾶττον
1670 770 1692 796 τ’
1708 770 1742 796 ἃν
1755 771 1863 805 πληγῆ-

1074 826 1128 848 ναι,
1141 816 1157 852 ἢ
1172 815 1347 851 ὀρθωθῆναι),
1361 816 1430 851 μήτε
1443 816 1524 842 ῐππον
1534 816 1591 851 (55)
1601 816 1701 851 θερμὸν
1716 817 1763 842 καὶ
1781 817 1864 850 ὑπερ

1075 862 1156 897 ήλικα
1177 862 1286 897 χαλινοῦ
1309 862 1464 897 τυραννίδα,
1483 862 1544 897 δίχα
1567 862 1639 893 τινὸς
1659 862 1806 893 κολακείας
1818 863 1864 888 καὶ

235 907 303 939 fore,
316 912 342 934 ut
360 907 471 934 laedatur
486 912 567 941 atque
589 907 762 942 infringatur,
788 916 868 941 quam
888 914 916 935 ut
931 909 1022 943 eriga-

1075 907 1292 942 ποππυσμάτων.
1313 907 1362 934 Διὰ
1372 907 1450 933 τοῦτο
1461 907 1562 934 δίδοται
1575 907 1655 942 νόμος
1669 909 1734 942 ἡμῖν
1750 909 1791 939 εἰς
1802 908 1865 942 βοή-

235 953 302 985 tur),
314 961 362 980 nec
375 960 473 986 equum
487 953 672 987 praeferocem,
685 953 780 988 acjam
795 959 874 981 :ctate
885 954 1022 989 aliquanto

235 999 450 1033 provectiorem.
483 998 550 1026 freni
582 999 751 1034 tyrannidem
794 999 933 1034 perferre,
972 1000 1021 1027 nisi

234 1045 331 1072 blanda
348 1045 463 1079 quadam
479 1049 506 1072 et
526 1045 696 1072 adulahunda
715 1053 794 1072 manu
814 1046 1020 1079 permulceatur.

235 1089 381 1124 PrOpterea
397 1089 482 1120 nobis.
511 1090 657 1124 adjumenti
675 1098 768 1122 causa,
787 1090 827 1117 lex
844 1090 934 1124 datur,
951 1091 1022 1118 velut

235 1135 351 1162 maceria
371 1137 504 1169 quazdam,
531 1135 600 1162 inter
623 1136 706 1162 Deum
735 1140 814 1170 atque
842 1135 911 1162 idola
939 1137 1022 1163 inter-

232 1181 359 1216 jecta,ab
375 1181 417 1208 his
433 1182 541 1215 quidem
558 1189 606 1208 nos
624 1181 772 1214 abducens,
789 1181 820 1208 ad
838 1181 910 1208 illum
932 1185 1021 1210 autem

237 1235 377 1255 revocans.
394 1229 431 1255 Ac
445 1227 580 1262 paululum
600 1227 728 1261 quiddam
744 1228 831 1262 primo
848 1227 976 1262 indulget,
995 1233 1023 1255 ut

237 1271 322 1305 majus
344 1271 468 1305 accipiat.
491 1269 629 1298 Sacriﬁcia
650 1272 683 1297 ad
710 1275 815 1306 tempus
839 1273 974 1305 concedit,
994 1279 1023 1301 ut

1075 952 1160 985 θειαν,
1175 952 1230 980 οἷόν
1240 962 1265 980 τι
1291 953 1474 988 διατείχισμα,
1497 953 1577 988 μέσον
1594 953 1660 979 Θεοῦ
1675 954 1721 979 καὶ
1735 953 1862 982 είδὼλων,

1074 998 1128 1025 τῶν
1146 999 1195 1034 μὲν
1217 998 1331 1033 ἀπάγων
1353 1000 1438 1034 ἡμᾶς,
1455 999 1523 1034 πρὸς
1539 999 1567 1024 δὲ
1584 999 1628 1025 τὸν
1641 999 1796 1033 ἐπανάγων.
1811 999 1865 1026 Καὶ

1075 1046 1211 1080 συγχωρεῖ
1223 1054 1248 1072 τι
1265 1045 1362 1081 μικρὸν
1377 1046 1424 1072 ἀπ’
1439 1045 1538 1081 ἀρχῆς,
1554 1046 1597 1072 ἴνα
1613 1045 1643 1071 τὸ
1661 1046 1752 1080 μεῖζον
1782 1045 1863 1082 λάϐῃ.

1074 1091 1215 1127 Συγχωρεί
1242 1091 1291 1122 τὰς
1317 1091 1410 1122 θυσίας
1430 1092 1508 1124 τέως,
1531 1092 1564 1117 ἶν’
1588 1092 1781 1127 ὲγκαταστήσῃ
1808 1091 1864 1126 (54)

1076 1136 1159 1162 Θεόψ
1177 1136 1283 1166 ἔπειτα,
1303 1137 1384 1172 ἡνίκα
1403 1137 1507 1172 καιρὸς,
1536 1137 1673 1174 καταλύσῃ
1685 1138 1731 1164 καὶ
1744 1138 1795 1169 τὰς
1819 1138 1865 1164 θυ-

1078 1183 1148 1214 σίας,
1168 1182 1256 1217 σοφῶς
1281 1182 1457 1209 ὑπαλλάττων
1482 1184 1554 1218 ἡμᾶς
1577 1185 1637 1215 ταῖς
1664 1183 1735 1210 κατὰ
1766 1183 1864 1218 μικρὸν

1078 1229 1234 1265 ὑφαιρέσεσι
1248 1229 1315 1263 (55),
1331 1229 1377 1254 καὶ
1395 1229 1521 1263 μετάγων
1533 1219 1618 1256 ὲπὶῚτὸ
1633 1229 1800 1264 Εὑαγγέλιον
1815 1229 1861 1264 ἤδη

1077 1275 1318 1310 γεγυμνασμένους
1333 1275 1400 1311 πρὸς
1416 1275 1581 1303 εὐπείθειαν.

237 1319 319 1345 Deum
333 1319 358 1345 in
377 1319 453 1345 nobis
466 1319 582 1352 inserat;
605 1327 637 1346 ac
653 1324 756 1354 postea,
786 1328 847 1347 cum
880 1322 1050 1350 commodum
1071 1324 1161 1358 tuerit,
1178 1325 1236 1358 ipsa
1249 1331 1356 1358 quoque
1375 1323 1508 1351 sacriﬁcia
1526 1324 1558 1350 de
1581 1322 1669 1350 medio
1687 1322 1774 1354 tollat,
1797 1322 1864 1349 mira

236 1363 370 1396 sapientia
388 1370 436 1397 per
450 1364 546 1390 tacitas
567 1363 766 1391 snbtractiones
791 1365 896 1393 animos
931 1371 1038 1395 nostros
1057 1369 1157 1396 sensim
1184 1369 1340 1402 immutans,
1362 1369 1444 1405 855
1472 1375 1552 1404 atque
1568 1369 1601 1396 ad
1616 1368 1791 1404 Evangelium
1812 1374 1864 1396 tra-

237 1412 347 1441 ducens.
369 1411 425 1446 jam
449 1411 482 1438 ad
497 1412 676 1440 obediendum
702 1415 864 1442 exercitatos
889 1419 916 1443 et
935 1417 1115 1446 assuefactus.

277 1457 345 1484 XIII.
362 1457 408 1485 Sic
423 1457 504 1493 igitur
517 1462 599 1492 atque
615 1459 657 1485 his
676 1459 709 1485 de
735 1460 834 1493 causis,
857 1460 900 1488 lex
923 1463 1024 1497 scripta
1038 1467 1059 1494 c

237 1503 388 1530 introducta
404 1509 455 1535 est,
480 1503 512 1530 ad
527 1503 664 1531 Christum
689 1512 739 1532 nos
763 1505 897 1533 deducens
917 1516 924 1540 ;
945 1511 1026 1539 atque

238 1549 307 1581 lucc,
321 1554 350 1576 ut
362 1557 419 1575 mea
433 1550 485 1576 Iert
502 1550 645 1583 sententia,
668 1551 862 1579 sacriﬁciorum
884 1558 925 1581 est
944 1554 1024 1581 ratio.

241 1595 274 1623 Ut
289 1600 378 1621 autem
394 1596 533 1630 sapientia:
544 1596 589 1623 Dei
602 1596 822 1632 profunditatem,
833 1603 913 1634 atque
927 1600 1027 1635 imper—

237 1641 434 1675 vestigabilium
457 1642 540 1676 ipsius
558 1642 719 1676 indiciorum
745 1644 853 1671 divitias
872 1645 1018 1681 intelligas,

239 1694 273 1713 ne
285 1693 316 1713 ea
333 1686 441 1720 quidem
458 1687 579 1722 mysterii
600 1695 712 1721 prorsus
726 1690 848 1724 expertia
869 1695 896 1717 et
914 1691 1026 1725 inutilia,

237 1736 263 1760 el
290 1731 316 1759 in
340 1732 412 1758 nudo
432 1740 464 1759 ac
489 1733 602 1768 simplici
629 1735 759 1770 sanguine
782 1736 870 1763 deﬁxa
895 1737 1026 1771 reliquit:

239 1785 332 1804 verum
349 1785 444 1812 magna
458 1777 511 1809 illa,
525 1783 563 1810 et,
574 1784 704 1813 quantum
715 1781 748 1807 ad
763 1781 876 1814 primam
891 1786 1026 1815 naturam,

239 1823 439 1855 immactabilis,
456 1829 484 1850 ut
494 1824 530 1850 ita
544 1825 650 1864 loquar,
662 1826 783 1858 victima,
798 1826 928 1861 legalibus
941 1829 1027 1854 sacri—

239 1869 307 1896 ﬁciis
341 1870 458 1896 immista
489 1876 546 1901 esu
579 1870 643 1903 illa,
679 1871 808 1905 inquam.
844 1880 895 1899 non
924 1873 1028 1908 exigam

238 1915 378 1950 cujusdam
405 1916 488 1950 partis
513 1917 587 1944 orbis
603 1922 748 1948 terrarum,
771 1926 821 1945 nec
845 1919 877 1945 ad
901 1919 1027 1954 exiguum

240 1966 356 1994 tempus,
384 1961 430 1988 sed
459 1961 539 1988 totius
557 1963 647 1988 mundi
671 1971 807 1997 nunquam
826 1964 1027 1992 intermorilnra

238 2005 364 2040 expiatio.
381 2005 494 2032 Proinde
505 2014 590 2040 agnus
601 2007 708 2040 quidem
725 2007 858 2042 accipitur
871 2008 903 2042 “,
920 2015 1028 2044 propter

239 2051 422 2080 innocentiam
435 2053 588 2086 veterisque
602 2053 730 2080 nuditalis
743 2055 940 2083 indumentum.
955 2056 1028 2084 Talis

240 2099 314 2125 enim
337 2104 378 2126 est
395 2099 502 2126 victima
524 2100 566 2126 illa
590 2108 637 2131 pro
653 2100 730 2127 nobis
754 2108 833 2134 erasa,
856 2109 915 2136 qua:
937 2102 1028 2130 incor~

1117 1463 1167 1491 ll".
1184 1464 1262 1491 Οὕτω
1277 1465 1326 1501 μὲν
1340 1462 1387 1491 οὖν
1401 1465 1447 1492 καὶ
1459 1464 1504 1490 διὰ
1516 1463 1613 1495 ταῦτα,
1628 1462 1751 1497 εἰσῆλθεν
1766 1463 1781 1489 ὁ
1799 1471 1866 1498 γρα-

1078 1509 1143 1541 πτὸς
1158 1511 1248 1545 νόμος,
1266 1511 1390 1545 συνάγων
1413 1511 1487 1546 ἡμᾶς
1511 1511 1549 1541 είς
1568 1509 1696 1544 Χριστὸν,
1717 1509 1764 1534 καὶ
1789 1505 1866 1540 οὗτος

1075 1555 1130 1582 τῶν
1143 1555 1241 1582 θυσιῶν
1257 1557 1271 1582 ὁ
1285 1546 1372 1590 λόγος,
1397 1556 1434 1589 ὡς
1447 1558 1461 1583 ὁ
1476 1556 1540 1591 ἐμὸς
1555 1555 1632 1589 λόγος
1647 1554 1713 1590 (56).
1735 1555 1779 1586 Ὡς
1790 1554 1824 1581 ἂν
1839 1555 1867 1581 δὲ

1076 1601 1106 1627 τὸ
1123 1602 1171 1636 τῆς
1182 1602 1276 1636 σοφίας
1292 1602 1373 1637 βάθος
1383 1603 1421 1637 μὴ
1431 1603 1514 1637 ἀγνοῇ
1520 1610 1542 1633 ς,
1561 1602 1608 1627 καὶ
1621 1601 1665 1627 τὺν
1679 1600 1794 1626 πλοῦτον
1813 1600 1867 1626 τῶν

1077 1647 1287 1682 ἀνεξιχνιάστων
1311 1648 1395 1675 αὑτοῦ
1409 1648 1561 1683 κριμάτων,
1578 1647 1638 1673 οὐδὲ
1651 1646 1752 1677 ταύτας
1770 1655 1868 1672 παντε-

1077 1690 1130 1722 λῶς
1151 1691 1275 1727 ἀνιέρους
1303 1693 1420 1728 ἀφῆκεν,
1437 1692 1497 1718 οὐδὲ
1513 1692 1678 1724 ἀσυντελείς,
1695 1691 1755 1717 οὐδὲ
1786 1692 1866 1727 μέχρι

1077 1735 1154 1770 ψιλοῦ
1174 1737 1320 1771 προῖούσας
1332 1737 1378 1763 τοῦ
1396 1737 1512 1772 αἵματος
1524 1745 1532 1752 ·
1544 1736 1611 1762 ἀλλὰ
1625 1736 1656 1762 τὸ
1671 1736 1742 1771 μέγα
1755 1736 1812 1770 (57)
1822 1737 1868 1762 καὶ

1077 1781 1174 1808 ἄθυτον
1189 1782 1297 1817 ἱερεῖον,
1316 1782 1348 1809 ἵν’
1369 1782 1455 1813 οὕτως
1470 1781 1550 1814 εἴπω,
1575 1782 1637 1808 ὅσον
1660 1781 1707 1807 ἐπὶ
1720 1783 1754 1817 τῇ
1772 1781 1868 1817 πρώτῃ

1078 1826 1167 1860 φύσει,
1183 1829 1243 1858 ταῖς
1257 1830 1382 1863 νομικαῑς
1397 1828 1502 1860 Θυσίαις
1516 1827 1765 1863 ἐγκαταμέμικται,
1776 1828 1823 1854 καὶ
1838 1828 1867 1853 οὐ

1079 1873 1178 1908 μικροῦ
1204 1874 1303 1909 μέρους
1321 1874 1370 1909 τῆς
1386 1875 1559 1909 οἰκουμένης,
1573 1874 1633 1900 οὐδὲ
1663 1874 1731 1908 πρὸς
1760 1873 1867 1907 ὀλίγον.

1077 1919 1145 1946 ἀλλὰ
1160 1919 1260 1950 παντὸς
1273 1919 1320 1945 τοῦ
1336 1919 1438 1954 κόσμου
1453 1920 1500 1946 καὶ
1523 1918 1677 1950 διαιωνίζον
1704 1919 1868 1954 καθάρσιον.

1078 1964 1126 1990 Διά
1151 1964 1206 1999 (58)
1222 1964 1301 1991 τοῦτο
1326 1965 1494 2000 λαμῦάνεται
1520 1965 1655 2000 πρόϐατον
1681 1965 1746 2000 μὲν,
1762 1965 1807 1991 διὰ
1820 1964 1870 1999 τὴν

1077 2010 1205 2043 ἀκακίαν,
1231 2010 1278 2037 καὶ
1304 2011 1334 2037 τὸ
1358 2010 1460 2046 ἔνδυμα
1489 2011 1538 2046 τῆς
1555 2012 1672 2046 ἀρχαίας
1690 2011 1867 2046 γυμνώσεως.

1078 2055 1204 2082 Τοιοῦτον
1216 2057 1271 2091 γὰρ
1285 2056 1316 2082 τὸ
1332 2057 1402 2092 ὑπὲρ
1418 2056 1497 2092 ἡμῶν
1514 2058 1638 2091 σφάγιον,
1652 2057 1755 2092 ἔνδυμα
1764 2057 1870 2092 ἀφθαρ-

1080 2102 1150 2135 σίας,
1166 2104 1213 2130 καὶ
1226 2102 1266 2134 ὃν,
1280 2104 1328 2130 καὶ
1340 2103 1395 2138 (59)
1411 2103 1586 2139 καλούμενον.
1601 2104 1710 2130 Τέλειον
1719 2104 1759 2135 δὲ,
1774 2104 1805 2130 οὗ
1827 2103 1870 2130 διὰ

243 2144 373 2178 ruptionis
404 2145 599 2180 indumentum,
628 2151 656 2173 ut
685 2154 778 2174 revera
802 2151 852 2180 est,
871 2148 1025 2182 appellatur.

1082 2149 1130 2184 τὴν
1143 2149 1258 2177 Θεόττιτα
1272 2149 1362 2185 μόνον,
1387 2147 1421 2185 ἧς
1441 2150 1516 2176 οὐδὲν
1528 2149 1692 2186 τελεώτερον
1718 2150 1787 2186 (40),
1802 2150 1870 2177 ἀλλά

279 2225 301 2241 “
308 2225 392 2253 Exod.
404 2233 454 2258 xtt,
476 2225 492 2253 '5
507 2233 567 2261 sqq.

240 2287 358 2310 veterem
382 2283 467 2318 legem
499 2283 588 2320 datam
609 2291 679 2315 esse,
701 2292 762 2311 cum
787 2285 838 2312 alia
860 2285 941 2312 multa
958 2292 1026 2320 prze~

240 2324 327 2352 ευριπ,
345 2326 403 2352 quae
418 2326 467 2344 nos
484 2320 517 2345 ab
531 2318 661 2345 idolorum
675 2320 748 2354 cultu
764 2320 939 2352 abducebant,
954 2318 1028 2346 com-

241 2354 413 2387 plectentem,
441 2360 494 2379 tum
525 2361 554 2380 ea
582 2354 674 2387 ctiam,
700 2362 759 2387 quae
784 2356 817 2382 ad
833 2355 1026 2382 sacriﬁciorum

241 2389 371 2415 rationem
390 2389 571 2422 pertinebant,
590 2399 599 2414 ι
620 2394 673 2417 etc.
695 2389 764 2416 Billii
780 2398 842 2416 vero
867 2392 1028 2424 interpreta-

243 2424 314 2451 tione
326 2425 416 2450 omnia
434 2424 627 2450 disturbantur.
645 2423 690 2451 Sic
706 2425 777 2452 enim
793 2425 873 2452 vertit
888 2434 893 2452 :
913 2435 922 2450 ε
938 2426 1029 2458 Quan-

241 2459 384 2492 doquidem
398 2460 468 2485 enim
487 2467 545 2490 nos,
565 2459 598 2485 ab
617 2459 694 2486 initio
709 2468 757 2492 per
773 2466 913 2494 peccatum
928 2461 1027 2494 lapsos,

241 2499 323 2528 atque
340 2501 353 2519 a
373 2494 506 2527 voluptate
522 2501 607 2528 usque
624 2494 656 2520 ad
673 2495 802 2522 idolorum
816 2495 916 2522 cultum
932 2503 963 2521 ac
979 2504 1026 2521 ne-

242 2528 326 2556 farios
338 2536 458 2559 cruores,
479 2529 619 2565 Subreptos
627 2534 662 2565 _et
677 2530 905 2565 circumscriptos,
920 2535 1029 2564 pr0pter

243 2565 346 2590 viscera
360 2564 549 2590 misericordiae
569 2565 613 2590 Det
627 2563 716 2592 Patris
737 2563 1027 2597 nostri,'tanti’inanus

242 2599 417 2633 sumopiﬁcii,
437 2599 485 2625 hoc
501 2604 552 2632 est,
572 2599 699 2631 hominis,
714 2602 846 2633 jacturam
868 2600 957 2627 facere
976 2608 1028 2627 non

242 2634 409 2665 sustinentis,
425 2635 558 2665 revocari.
579 2638 659 2668 atque
679 2635 704 2661 in
726 2641 841 2662 veterem
863 2641 962 2662 statum
984 2643 1027 2662 re-

243 2669 316 2694 stitui
329 2669 481 2702 oportebat,
498 2669 567 2696 hanc
586 2670 612 2696 in
636 2676 669 2696 eo
696 2671 871 2698 instanraudo
895 2671 1027 2697 rationem

245 2703 337 2740 initam
354 2711 422 2740 esse
441 2705 636 2736 existimamus,
650 2710 700 2740 rut,
719 2706 823 2732 acriore
849 2710 929 2740 atque
949 2713 1027 2739 aspe-

244 2739 315 2774 riore
329 2739 458 2765 medicina
478 2740 626 2773 improbata
644 2739 685 2773 (ut
706 2748 765 2774 qua:
779 2748 832 2767 non
852 2742 928 2767 modo
950 2742 1028 2767 Iidem

245 2773 357 2809 iactura,
379 2775 436 2804 sed,
453 2780 562 2808 propter
584 2773 750 2801 contractum
774 2777 902 2809 temporis
923 2776 1029 2802 diutur-

245 2808 329 2834 nitate.
346 2813 489 2840 tumorem,
512 2809 627 2836 Iortasse
648 2809 730 2836 etiam
752 2808 874 2836 morbum
891 2811 1029 2838 exulcera-

245 2847 304 2883 tura
318 2842 412 2883 esset),
433 2843 484 2870 leni
503 2851 534 2870 ac
549 2844 618 2871 facili
628 2845 819 2883 medicamenti
830 2852 927 2879 genere
947 2846 1029 2880 ipsius

246 2881 430 2912 resipIScentia
446 2884 634 2912 procuraretur
649 2887 655 2906 :
676 2887 762 2914 neque
779 2881 862 2913 enim,
883 2889 892 2906 ι
908 2884 960 2908 etc.

1115 2282 1169 2316 (50)
1187 2283 1337 2316 ‘Iatpslac.
1357 2282 1438 2310 Coisl.
1463 2283 1573 2312 Iaddit.
1595 2283 1674 2315 τέως,
1694 2283 1838 2310 «interim.
1858 2292 1866 2308 ι

1114 2318 1169 2352 (5ί)
1191 2319 1250 2344 Ἂν.
1271 2319 1349 2345 Deest
1365 2320 1390 2345 in
1404 2318 1450 2346 Or.
1466 2319 1492 2346 Ι.

1115 2352 1170 2388 (52)
1191 2353 1385 2380 Μετὰκλισιν.
1405 2353 1450 2380 Sic
1465 2353 1529 2388 Reg.
1545 2353 1592 2387 ph,
1608 2357 1670 2380 octo
1684 2353 1774 2384 uolt»,
1793 2352 1868 2383 PaL.

1079 2394 1131 2416 etc.
1148 2398 1156 2413 ι
1173 2389 1344 2415 lnllexionem
1363 2389 1388 2414 in
1408 2388 1518 2415 alteram
1534 2393 1648 2423 partem.
1664 2397 1673 2413 ι
1695 2388 1722 2414 lu
1734 2389 1779 2416 ed.
1793 2395 1868 2419 vero,

1081 2423 1257 2459 μετάκλησιν,
1274 2433 1283 2448 ‹
1294 2423 1430 2459 accitum.
1451 2433 1460 2450 ι

1114 2459 1170 2493 (55)
1191 2459 1216 2484 Μ
1223 2458 1273 2492 ἠτε
1287 2458 1390 2484 ἳππίν.
1418 2458 1463 2485 Sic
1480 2458 1545 2493 Reg.
1562 2458 1608 2492 ph,
1632 2462 1689 2485 tres
1714 2457 1868 2490 Colb.,etc.

1080 2494 1108 2521 ln
1126 2494 1187 2520 Par.
1207 2496 1261 2524 ed.,
1278 2494 1344 2528 μήτε
1363 2494 1457 2520 ἵππου.

1115 2529 1170 2565 (5ί)
1192 2528 1250 2565 "Ir:
1261 2528 1484 2563 ὲγκαταστήσῃ.
1502 2529 1596 2556 Comb.
1612 2537 1619 2556 :
1636 2536 1648 2554 α
1665 2533 1693 2554 ιιι
1707 2528 1790 2554 Deum
1807 2535 1871 2554 cott-

1079 2566 1183 2594 stitnat,
1199 2569 1228 2589 ut
1241 2564 1286 2590 Dei
1301 2572 1409 2590 sensum
1435 2564 1647 2598 religionemque
1662 2567 1775 2590 statuat.
1793 2572 1803 2588 ι

1114 2600 1171 2635 (55)
1194 2597 1396 2632 Ὑφαιρέσεσι.
1418 2597 1498 2625 ϐοἱειζ
1528 2599 1538 2626 l
1559 2599 1648 2631 addit,
1672 2598 1719 2625 καὶ
1738 2597 1868 2632 ὑφέςεσι,

1081 2643 1091 2660 ι
1117 2635 1314 2660 snbtractiones
1330 2639 1356 2660 et
1369 2634 1577 2660 imminutioncs.
1595 2643 1604 2659 ν

1114 2669 1170 2704 (56)
1195 2670 1241 2701 Ὦς
1254 2668 1355 2704 ὁνὲμᾲς
1367 2669 1467 2703 λόγος.
1489 2669 1662 2704 ιιιεςγιίεειιιιι
1678 2668 1703 2694 in
1718 2667 1765 2695 0r.
1785 2668 1807 2704 Ι,

1115 2705 1170 2740 (57)
1198 2703 1290 2740 Ἀλλὰ
1308 2703 1338 2729 τὸ
1353 2703 1438 2738 μέγα,
1453 2709 1513 2740 Δξιεί
1540 2703 1729 2740 νίῠεγᾼιιιιιυίι
1753 2704 1778 2740 in
1799 2703 1869 2740 hanc

1079 2737 1240 2770 orationem,
1258 2739 1294 2766 De
1306 2737 1430 2772 perpetua
1448 2738 1572 2765 Ecclesia;
1594 2739 1647 2772 [ille
1665 2739 1735 2764 circa
1755 2737 1863 2765 Eucha-

1080 2777 1190 2805 risuam,
1208 2780 1271 2800 tum.
1294 2774 1325 2805 ΙΙ,
1340 2774 1385 2800 lib.
1404 2781 1427 2799 Vl
1439 2792 1446 2804 ,
1461 2782 1522 2807 cap.
1541 2773 1582 2806 10,
1602 2781 1662 2808 pag.
1678 2773 1741 2799 675.

1114 2810 1170 2843 (58)
1187 2808 1247 2835 Διά.
1264 2808 1310 2836 0r.
1330 2810 1356 2839 I,
1376 2809 1430 2835 Kal.
1446 2808 1498 2834 διὰ.

1115 2845 1170 2877 (59)
1190 2844 1254 2870 Και-
1268 2845 1314 2870 ()r.
1330 2844 1340 2870 1
1360 2845 1441 2870 addit.
1462 2842 1514 2875 ἀεί,
1541 2853 1549 2868 ι
1564 2849 1678 2875 semper.
1695 2851 1704 2867 ι

1117 2880 1172 2914 (ίθ)
1201 2879 1388 2912 Τελεώτερον.
1406 2878 1469 2914 Reg.
1484 2881 1537 2911 bm,
1556 2877 1729 2912 τελειότερον.
