2027 3135
149 157 195 183 661

629 152 758 180 ORATIO
778 152 858 181 XLV.
878 169 913 173 —
931 151 964 179 IN
985 151 1149 180 SANC’I'UM
1169 151 1314 180 PASCHA.

1723 155 1777 183 652

148 217 193 245 aut
208 217 253 244 διὰ
271 216 321 251 τὴν
334 215 487 252 πρόσληψιν
499 214 549 250 τὴν
572 214 730 250 χρισθεῖσαν
750 214 869 249 θεότητι.
892 213 939 240 καὶ

994 212 1129 240 Perfectus
1155 218 1254 247 autem,
1284 221 1337 241 non
1361 214 1440 241 modo
1467 218 1576 250 propter
1601 214 1780 246 divinitatem,

148 263 299 298 γενομένην
324 262 393 297 ὅπερ
408 261 443 287 τὸ
460 263 557 297 χρῖσαν
570 260 637 295 (41),
654 260 701 287 καὶ
716 260 810 296 θαρρῶ
830 259 920 293 λέγειν
933 278 940 290 ,

147 310 271 345 όμόϐεον.
287 309 388 344 ’Δρρεν
407 308 446 341 δὲ,
461 302 498 339 ὣς
514 307 584 342 ὑπὲρ
597 307 653 343 (Δὲ)
665 306 714 333 τοῦ
740 306 826 342 Ἀδὰμ
856 314 941 342 προσ-

149 356 294 391 αγόμενον,
309 355 410 390 μᾶλλον
424 354 452 380 δὲ
471 353 517 380 τοῦ
530 352 706 390 (45)στερῤοὖ
717 352 748 379 τὸ
757 352 941 388 στεῤῥότερον,

148 401 193 428 τοῦ
212 400 323 437 πρώτου
337 400 466 432 πεσόντος
483 400 534 426 ὑπὸ
549 400 599 435 τὴν
612 400 761 435 ἁμαρτίαν,
775 399 821 425 καὶ
833 399 873 425 ὅτι
889 398 941 433 μά-

148 446 227 474 λιστα
255 447 338 482 μηδὲν
353 446 431 481 θῆλυ,
449 446 516 481 μηδὲ
532 445 705 480 ἄνανδρον“ὲν
722 444 810 480 ἑαυτῷ
835 444 917 479 φέρον
933 451 941 459 ·

147 494 215 520 ἀλλὰ
238 494 287 520 καὶ
320 493 439 529 ἐκραγὲν
458 492 506 528 βίᾳ
530 492 586 527 (Μ)
606 492 713 527 δεσμῶν
728 490 898 527 παρθενικῶν
912 499 942 517 τε

149 541 196 567 καὶ
219 539 373 575 μητρικῶν,
391 538 461 566 κατὰ
490 538 590 574 πολλὴν
619 538 758 572 ἐξουσίαν,
777 539 824 564 καὶ
847 537 942 572 τεχθὲν

149 585 232 620 ἄρσεν
245 586 277 611 ὲκ
293 585 343 620 τῆς
356 584 531 620 προφήτιδας,
545 584 583 615 ὡς
599 584 713 615 Ἡσαΐας
725 582 940 617 εὐαγγελίζεται.

155 629 308 656 Ἑνιαύσιον
333 629 372 661 δὲ,
387 630 424 661 ὡς
439 629 515 664 ἥλιον
539 629 728 665 δικαιοσύνης,
746 629 763 664 ἢ
781 628 884 655 ἐκεῖθεν
897 629 943 664 ὁρ-

151 673 288 709 μώμενον,
304 674 321 710 ἦ
341 674 381 710 τῷ
393 674 525 710 ὁρωμένῳ
626 674 823 710 περίγραπτον,
837 674 883 700 καὶ
903 675 942 706 είς

149 719 246 746 ἑαυτὸν
263 719 463 755 ἐπιστρέφοντα
475 719 547 755 (Ᾱ6)·
567 719 698 757 στέφανόν
713 728 741 746 τε
761 719 942 755 χρηστότητος

150 765 356 800 εὐλογούμενον,
371 765 418 791 καὶ
427 764 594 800 πανταχόθεν
607 766 663 792 ἴσον
676 766 765 801 ἑαυτῷ
774 766 821 792 καὶ
831 766 922 801 ὅμοιον
933 774 939 780 ·

149 812 179 837 οὺ
196 811 276 846 μόνον
285 811 322 843 δὲ,
335 811 402 837 ἀλλὰ
416 811 462 838 καὶ
475 811 513 843 ὡς
525 810 674 845 ζωογονοῦν
686 811 742 846 (47)
755 811 800 838 τὸν
815 810 868 837 τῶν
884 811 944 846 ἀρε-

150 857 204 883 τῶν
224 857 280 892 (48)
296 856 407 889 κύκλον,
423 856 511 891 ἠπίως
529 857 751 892 ἐπιμιγνυμένων
777 856 823 883 καὶ
847 865 942 892 κιρνα-

152 903 240 938 μένων
249 903 390 938 ἀλλήλαις,
404 902 479 938 νόμῳ
507 902 597 937 φιλίας
615 903 662 928 καὶ
679 902 793 935 τάξεως.
809 902 940 937 Ἀμωμον
960 896 980 923 Β

149 950 178 976 δὲ
205 949 253 976 καὶ
281 949 436 984 ἀκίϐδηλον,
465 949 502 980 ὡς
531 949 728 985 θεραπευτικὸν
752 948 864 984 μώμων,
898 949 945 975 καὶ

149 997 203 1023 τῶν
230 996 285 1023 ἀπὸ
309 996 407 1027 κακίας
434 995 633 1031 ἐλαττωμάτων
670 996 717 1022 καὶ
751 995 942 1031 μολυσμάτων.

149 1041 182 1068 Et
209 1042 264 1076 γὰρ
299 1042 345 1068 καὶ
370 1042 420 1073 τὰς
452 1042 591 1078 ἁμαρτίας
616 1041 696 1077 ἡμῶν
728 1041 842 1068 ἀνέλαϐε
861 1061 867 1073 ,
897 1041 945 1068 καὶ

150 1088 199 1121 τὰς
226 1088 321 1119 νόσους
343 1088 504 1120 ἐϐάστασεν,
527 1087 585 1114 ἀλλ’
606 1088 656 1114 οὐκ
685 1087 764 1119 αὐτός
781 1096 807 1114 τι
828 1087 944 1113 πέπονθε

147 1134 204 1160 τῶν
230 1133 380 1169 Θεραπείας
405 1133 497 1167 ἀξίων.
528 1133 694 1169 Ἐπειράσοη
724 1134 773 1168 μὲν
801 1133 855 1169 γὰρ
872 1132 942 1160 κατὰ

149 1180 249 1210 πάντα.
268 1180 327 1206 καθ’
345 1180 492 1216 ὁμοιότητα
508 1179 556 1215 τὴν
574 1179 719 1215 ἡμετέραν,
741 1179 827 1215 χωρὶς
853 1179 942 1215 ἁμαρ-

149 1226 210 1257 τίας
220 1225 259 1252 δέ.
283 1225 314 1252 Ὀ
330 1226 384 1260 γὰρ
398 1225 496 1259 διώξας
511 1225 542 1252 τὸ
554 1226 648 1260 φαῖνον
663 1226 692 1251 ἐν
708 1226 741 1261 τῇ
759 1224 855 1260 σκοτίᾳ
870 1225 938 1260 φῶς,

148 1271 180 1297 οὺ
195 1270 356 1296 κατέλαϐεν.

994 267 1045 292 qua
1062 259 1291 293 niltilperfectius,
1303 260 1349 287 sed
1364 260 1444 287 etiam
1462 264 1571 294 propter
1582 260 1779 288 humanitatem

994 305 1132 333 divinitate
1147 311 1266 338 tutelam,
1284 306 1407 340 idemque
1424 306 1557 339 effectam,
1577 307 1646 340 quod
1659 307 1684 333 id
1696 315 1710 334 ιι
1725 315 1780 342 quo

994 356 1074 378 uncta
1103 355 1154 384 est,
1182 357 1273 386 atque,
1299 357 1328 379 ut
1349 352 1479 379 audacter
1496 353 1600 386 loquar,
1614 353 1737 388 ὁμόθεον,
1753 355 1781 382 id

993 402 1044 429 est,
1063 397 1140 424 simul
1156 397 1248 424 Deum.
1264 397 1399 425 Masculus
1418 403 1517 431 autem,
1545 404 1573 426 ut
1588 399 1632 433 qui
1649 407 1696 434 pro
1711 401 1782 428 Ada-

993 452 1038 471 mo
1054 444 1224 479 potissimum
1242 444 1382 476 offeratur,
1401 452 1493 472 verum
1515 445 1559 471 illo
1576 445 1653 471 firmo
1668 446 1782 478 firmior,

993 498 1053 518 cum
1081 491 1125 518 ille
1150 491 1253 525 primus
1277 491 1303 518 in
1334 496 1473 526 peccatum
1505 491 1595 525 lapsus
1620 492 1673 523 sit;
1704 497 1784 525 atque

994 537 1125 572 imprimis
1144 538 1215 573 quod
1243 538 1310 565 nihil
1336 539 1475 570 muliebre,
1505 537 1571 565 nihil
1599 537 1679 565 molle
1705 543 1785 572 alque

993 581 1179 611 effeminatum
1198 589 1302 618 gestet;
1336 592 1460 611 verume
1479 584 1606 618 virgineis
1616 589 1643 610 et
1656 584 1784 612 maternis

993 630 1107 656 vinculis
1123 637 1171 664 pro
1182 634 1314 664 potestate
1341 638 1372 656 ac
1397 630 1422 656 vi
1445 630 1575 664 eruperit,
1591 635 1619 656 et
1636 630 1783 662 maswlus,

993 681 1023 702 ut
1036 676 1178 703 annuntiat
1192 675 1273 703 Isaias
1286 676 1320 708 ¹⁵,
1335 684 1368 703 ex
1381 675 1550 710 prophetissa
1565 680 1644 702 natus
1665 676 1709 702 sit.
1728 675 1784 702 Au—

993 721 1098 748 niculus
1114 729 1204 756 porro,
1221 729 1249 749 ut
1264 722 1303 750 sol
1319 721 1447 756 justiti.e,
1479 721 1520 748 vel
1545 729 1560 748 e
1583 721 1652 748 casio
1675 728 1784 755 progre-

993 766 1080 798 diens,
1104 766 1155 800 vel,
1181 773 1310 801 quantum
1340 768 1373 795 ad
1398 772 1500 802 partem
1525 774 1601 798 eam,
1624 774 1682 801 quae
1699 766 1784 793 oculis

993 811 1122 844 cernitur,
1138 812 1359 847 circumscriptus
1372 820 1404 840 ac
1418 813 1557 845 definitus,
1573 817 1598 839 et
1612 813 1645 839 ad
1665 812 1784 846 seipsum

995 858 1124 884 rediens:
1142 863 1223 893 atque
1243 859 1306 886 item
1327 863 1356 885 ut
1378 858 1553 893 benignitatis
1575 865 1676 885 corona
1699 858 1782 885 bene-

995 903 1065 930 dicta
1079 904 1111 935 ",
1125 905 1252 939 omnique
1265 912 1297 932 ex
1311 909 1386 939 parte
1402 905 1452 932 sibi
1466 905 1561 931 similis
1573 909 1599 931 et
1611 903 1740 939 aequalis:
1753 911 1786 931 ac

994 954 1124 982 praaterea
1154 955 1183 978 ut
1208 951 1355 983 virtutum,
1386 958 1445 984 qum
1469 950 1596 978 amicitiae
1623 950 1784 984 ordinisque

981 993 1051 1028 .lege
1076 994 1172 1021 leniter
1197 996 1355 1030 placideque
1383 996 1453 1023 inter
1480 1003 1509 1023 se
1534 995 1734 1030 coniunguntur
1756 1001 1785 1021 et

993 1041 1213 1074 commiscentur,
1245 1042 1339 1069 orbem
1374 1041 1548 1076 progiguens.
1590 1040 1782 1067 [inmaculatus

995 1085 1104 1120 insuper
1121 1091 1148 1114 et.
1169 1087 1352 1121 incorruptus.
1377 1091 1404 1114 ut
1423 1088 1469 1122 qui
1493 1093 1593 1119 mcvos,
1618 1091 1643 1114 et
1661 1086 1737 1119 vitia,
1759 1090 1786 1113 et

996 1132 1090 1159 sordes
1104 1140 1118 1159 ει
1141 1138 1250 1166 peccato
1267 1139 1425 1166 titanantes,
1450 1138 1536 1162 curet.
1562 1132 1691 1166 Quamvis
1713 1133 1785 1160 enim

996 1183 1104 1213 peccata
1122 1185 1211 1207 nostra
1238 1180 1397 1215 susceperit,
1414 1184 1440 1207 et
1473 1179 1578 1206 Inorbos
1593 1177 1786 1213 portaverit",

995 1224 1052 1259 ipse
1068 1229 1156 1252 tamen
1170 1225 1234 1252 nihil
1249 1233 1353 1259 eorum,
1377 1233 1437 1260 qum
1453 1225 1536 1260 856
1550 1224 1698 1251 curationis
1715 1223 1785 1250 indi-

994 1275 1067 1305 gent.
1086 1278 1228 1306 perpessus
1243 1277 1293 1300 est.
1318 1272 1451 1300 Teutalus
1473 1277 1514 1299 est
1538 1271 1611 1298 enim
1632 1278 1679 1306 per
1697 1271 1786 1297 omnia

151 1325 200 1352 pro
209 1317 384 1345 similitudine
397 1321 499 1350 nostra,
515 1321 644 1345 caeterum
659 1317 761 1352 absque
777 1322 888 1352 peccato
903 1317 934 1344 *³.
956 1317 1002 1345 llle
1015 1319 1099 1354 enim,
1113 1321 1159 1355 qui
1187 1321 1275 1348 lucem
1289 1320 1315 1348 in
1342 1321 1461 1348 tenebris
1472 1320 1604 1347 lucentem
1622 1320 1643 1335 "
1660 1326 1788 1354 persecu-

152 1371 196 1391 tus
207 1369 261 1395 est,
278 1372 337 1391 eam
354 1364 561 1398 haudquaquam
575 1365 790 1400 comprehendit.

187 1409 235 1436 lA'.
254 1410 286 1436 Τί
300 1411 357 1442 ἔτη
383 1411 445 1444 Μὴν
462 1411 512 1445 μὲν
538 1412 678 1446 εἰσάγεται
706 1412 825 1448 πρῶτος,
844 1412 943 1448 μᾶλλον

1029 1411 1098 1440 XIV.
1129 1412 1198 1446 Quid
1226 1413 1378 1447 praeterea?
1402 1413 1501 1441 Mensis
1530 1412 1638 1448 quidem
1670 1413 1785 1447 primus,

150 1455 189 1486 δὲ,
206 1455 278 1490 ἀρχὴ
293 1455 401 1490 μηνῶν·
418 1455 474 1481 εἴτε
501 1464 544 1487 τις
566 1456 645 1482 τοῦτο
660 1457 724 1492 παρ’
745 1456 883 1492 Ἐὕραίοις
907 1457 944 1484 ὢν

150 1502 198 1528 ἀπ’
216 1501 315 1536 ἀρχῆς,
344 1500 400 1527 εἴτε
428 1500 543 1536 ὓστερον
567 1501 692 1528 ἐντεῦθεν
715 1502 868 1537 γενόμενος,
899 1503 945 1529 καὶ

151 1547 229 1583 παρὰ
242 1547 290 1574 τοῦ
312 1547 462 1583 μυστηρίου
482 1548 512 1574 τὸ
528 1546 598 1574 εἶναι
615 1548 722 1584 πρῶτος
735 1548 835 1576 λαϐὼν.
849 1549 888 1584 Τῇ
902 1548 945 1575 δε-

151 1594 224 1628 κάτῃ
239 1593 268 1619 δὲ
282 1592 329 1619 τοῦ
344 1593 428 1628 μηνός
441 1601 449 1609 ·
459 1590 536 1625 οὗτος
550 1593 605 1629 γὰρ
614 1593 739 1629 ἀριθμῶν
748 1594 943 1629 πληρέστατος,

151 1641 184 1665 ὲκ
202 1639 324 1674 μονάδων
343 1638 439 1675 πρώτη
461 1639 544 1674 μονὰς
557 1640 658 1673 τελεία,
674 1640 720 1667 καὶ
737 1640 884 1675 γεννητικὴ
898 1649 944 1666 τε·

152 1685 300 1720 λεώτητος.
313 1686 486 1720 Δια-τηρεῖται
509 1685 538 1712 δὲ
554 1686 593 1717 είς
608 1685 736 1720 πέμπτην
751 1685 867 1721 ἡμέραν,
881 1686 945 1717 ἴσως

152 1730 194 1756 ὃτι
221 1730 388 1765 καθαρτικὸν
415 1730 570 1766 αἰσθήσεων
590 1731 620 1757 τὺ
634 1730 700 1765 ὲμδν
716 1730 799 1766 θῦμα,
818 1730 847 1763 ἐξ
863 1727 901 1757 ὧν
914 1731 945 1757 τὸ

153 1775 272 1806 πταίειν.
297 1776 344 1802 καὶ
371 1776 435 1811 περὶ
450 1776 484 1808 ἃς
510 1777 524 1803 ὁ
550 1776 679 1811 πόλεμος,
711 1776 901 1811 εἰσδεχομένας
914 1777 945 1804 τὸ

153 1822 265 1857 κέντρον
289 1821 339 1856 τῆς
366 1821 513 1857 ἁμαρτίας.
542 1822 697 1856 Ἐκλέγεται
709 1822 747 1854 δὲ,
763 1822 813 1848 οὐκ
828 1822 881 1848 ἀπὺ
892 1822 945 1850 τῶν

152 1868 244 1904 ἀρνῶν
259 1868 349 1904 μόνον,
366 1868 433 1894 ἀλλὰ
458 1869 504 1894 καὶ
516 1868 562 1894 τοῦ
583 1867 703 1904 χείρονος
719 1868 815 1899 εἴδους,
834 1868 881 1894 καὶ
896 1869 946 1904 τῆς

152 1915 301 1950 ἀριστερᾶς
319 1914 409 1949 χειρὸς
430 1915 485 1941 τῶν
501 1915 614 1950 ἐρίφων,
631 1914 672 1940 ὅτι
693 1914 730 1950 μὴ
744 1914 814 1950 ὑπὲρ
830 1914 884 1940 τῶν
906 1914 944 1940 δι-

153 1960 239 1986 καίων
253 1960 344 1996 μόνον,
362 1960 429 1987 ἀλλὰ
444 1961 490 1986 καὶ
502 1960 556 1995 (49)
572 1959 625 1986 τῶν
642 1959 812 1994 ἁμαρτωλῶν
829 1960 946 1994 σφαγιά-

153 2006 244 2036 ζεται·
260 2005 333 2040 τάχα
343 2006 372 2032 δὲ
389 2007 458 2041 ὑπὲρ
473 2005 574 2032 τούτων
589 2005 636 2032 καὶ
647 2005 737 2036 πλέον,
750 2005 804 2040 ὅσῳ
819 2005 866 2031 καὶ
885 2005 944 2040 μεί-

152 2050 229 2083 ζονος
254 2051 391 2087 χρῄζομεν
423 2051 474 2085 τῆς
499 2050 714 2085 φιλανθρωπίας.
739 2050 902 2085 Θαυμαστὸν
916 2051 944 2077 δὲ

996 1457 1037 1484 τοι
1051 1457 1183 1484 mensium
1197 1457 1285 1492 potius
1307 1457 1468 1492 principium
1497 1458 1631 1485 inducitur
1659 1458 1699 1490 ²⁹;
1727 1458 1785 1485 sive

995 1503 1128 1538 quispiam
1144 1503 1178 1530 ab
1195 1503 1272 1530 initio
1289 1503 1359 1538 apud
1374 1503 1500 1530 Hebraeos
1517 1503 1543 1531 id
1563 1503 1652 1535 fuerit,
1679 1503 1735 1530 sive
1751 1510 1786 1530 cx

995 1556 1026 1576 ea
1043 1556 1072 1576 re
1088 1553 1179 1583 postea
1203 1549 1289 1576 factus
1309 1550 1355 1581 sit,
1379 1555 1460 1584 atque
1475 1550 1508 1577 ab
1522 1550 1572 1577 hoc
1587 1550 1715 1586 mysterio
1736 1550 1785 1577 hoc

996 1595 1141 1630 acceperit,
1155 1600 1183 1622 ut
1197 1595 1321 1630 princeps
1338 1600 1420 1623 esset.
1438 1595 1544 1622 Decima
1561 1600 1650 1622 autem
1667 1595 1785 1623 mensis:

995 1642 1057 1676 quia
1075 1642 1117 1669 hic
1133 1649 1260 1669 numerus
1272 1642 1392 1669 omnium
1408 1641 1637 1674 absolutissimus,
1657 1642 1786 1668 nimirum

995 1695 1026 1714 ex
1045 1687 1194 1715 unitatibus
1212 1688 1301 1714 unitas
1315 1688 1399 1722 prima
1420 1687 1549 1722 perfecta.
1569 1692 1597 1714 et
1613 1687 1787 1722 perfectionis

994 1741 1104 1768 parens.
1120 1733 1282 1760 Asservatur
1292 1741 1374 1769 porro
1388 1733 1415 1760 in
1430 1734 1552 1768 quintum
1570 1733 1652 1766 diem,
1667 1732 1784 1760 fortasse

996 1779 1056 1814 quia
1074 1779 1181 1806 victima
1203 1787 1262 1807 mea
1283 1780 1309 1806 id
1325 1780 1415 1811 habet,
1443 1784 1471 1806 ut
1491 1787 1586 1806 sensus
1610 1783 1751 1814 expurget,
1769 1786 1784 1805 a

996 1825 1093 1860 quibus
1106 1831 1246 1860 peccatum
1262 1825 1360 1857 oritur,
1387 1830 1414 1852 et
1427 1826 1499 1852 circa
1516 1832 1586 1860 quos
1599 1824 1698 1852 bellant
1712 1832 1786 1851 com-

996 1870 1123 1902 mittitur,
1136 1875 1227 1903 utpote
1245 1870 1347 1904 peccati
1366 1869 1490 1896 aculeum
1507 1869 1692 1896 admittentes.
1710 1868 1782 1895 Deli-

996 1915 1069 1951 gitur
1083 1921 1182 1948 autem,
1205 1923 1256 1942 non
1273 1915 1359 1943 solum
1384 1923 1416 1942 ex
1439 1915 1517 1950 agnis
1531 1915 1565 1947 ¹¹,
1588 1914 1635 1942 scd
1652 1914 1734 1941 etiam
1752 1922 1785 1941 ex

996 1961 1120 1988 deteriori
1147 1969 1256 1996 genere,
1290 1968 1322 1988 ex
1341 1961 1425 1988 haedis
1443 1961 1567 1994 scilicet,
1593 1960 1638 1995 qui
1672 1960 1783 1988 sinistra

996 2014 1076 2033 manu
1091 2010 1152 2033 sunt
1164 2007 1204 2039 “;
1234 2007 1295 2040 quia
1319 2013 1371 2033 non
1398 2014 1446 2040 pro
1471 2006 1552 2040 justis
1577 2005 1717 2038 duntaxat,
1737 2005 1784 2032 sed

995 2052 1076 2078 etiam
1090 2058 1138 2085 pro
1155 2051 1341 2085 peccatoribus
1360 2055 1510 2082 mactatur;
1527 2057 1558 2077 ac
1581 2049 1697 2077 fortasse
1713 2050 1785 2084 ipso-

151 2097 240 2128 οὐδὲν,
256 2098 281 2124 εί
298 2098 414 2133 μάλιστα
426 2098 474 2132 μὲν
488 2097 548 2124 κατ’
562 2093 636 2123 οἷκον
646 2096 760 2122 ἕκαστον
773 2095 942 2131 ὲπιζητεῖται

996 2106 1053 2125 rum
1067 2098 1156 2132 potius
1170 2105 1262 2130 causa,
1280 2098 1498 2133 quandoquidem
1511 2097 1607 2130 majori
1629 2096 1784 2123 misericor-

151 2142 183 2168 τὸ
196 2142 344 2177 πρόόατον,
357 2143 419 2168 εἰδὲ
437 2142 485 2178 μὴ.
500 2142 547 2168 καὶ
561 2142 622 2168 κατ’
641 2142 733 2172 οἴκους
748 2141 881 2177 πατριῶν,
898 2141 943 2169 διὰ

151 2188 249 2214 πενίαν
264 2187 455 2223 ἑρανιζόμενον
465 2197 471 2203 ι
484 2187 577 2222 ἐπειδὴ
591 2188 747 2223 κράτιστον,
762 2187 880 2222 μάλιστα
893 2187 943 2222 μὲν

151 2233 234 2260 αὑτὸν
247 2234 362 2261 ἕκαστον
377 2235 472 2270 ἀρκεῖν
485 2233 574 2268 ἐαυτῷ
587 2232 655 2268 πρὸς
669 2232 818 2265 τελείωσιν,
831 2233 878 2260 καὶ
895 2233 942 2260 Θυ-

152 2277 214 2304 σίαν
234 2277 337 2311 ζῶσαν,
356 2279 439 2313 ἁγίαν
451 2279 599 2314 προσάγειν
613 2277 652 2312 τῷ
665 2277 791 2304 καλοῦντι
806 2278 862 2313 (50)
872 2277 942 2314 Θεῷ,

152 2325 270 2350 πάντοτε
285 2325 332 2351 καὶ
358 2323 402 2351 διὰ
427 2325 536 2351 πάντων
562 2322 776 2358 καθιερούμενον
789 2329 797 2337 ·
813 2324 836 2349 εἰ
849 2323 878 2350 δὲ
893 2323 942 2359 μὴ,

188 2372 211 2387 ’⁸
224 2371 278 2397 lsa.
292 2378 350 2402 vin,
366 2370 392 2397 5.
431 2370 453 2386 ¹⁶
472 2369 544 2397 Psal.
569 2376 643 2401 thv,
667 2368 710 2395 12.
751 2369 771 2384 ¹⁷
793 2367 843 2395 lsa.
859 2376 918 2401 LIII,
934 2370 962 2397 4.

150 2413 212 2440 ειμι.
251 2405 393 2432 "ibid.5.
433 2405 456 2420 η
476 2405 571 2432 Matth.
590 2412 653 2436 xxv,
674 2404 718 2431 55.

186 2451 243 2487 (M)
263 2450 386 2487 Χρῖσξιν.
411 2450 456 2487 Sic
484 2449 567 2487 iit-3g.
592 2449 648 2482 bm,
672 2449 716 2484 ph,
741 2448 822 2476 Coisl.
840 2448 869 2481 2,
888 2453 941 2476 etc.

151 2484 279 2514 mendose
293 2487 319 2512 iu
334 2485 396 2511 Par.
409 2485 464 2516 etl.,
476 2484 582 2520 χρῑζαν.

186 2522 242 2557 (Η)
269 2521 317 2557 Ὠς
336 2518 574 2557 ὺπέρτ-δίόῖὶςη,
593 2520 650 2557 bm,
666 2527 711 2557 po,
726 2519 825 2557 aliique
839 2518 939 2553 plures.

151 2553 198 2584 Sic
216 2553 297 2583 etiam
311 2556 376 2589 legit
392 2555 492 2582 Billius.
511 2553 596 2581 Prave
613 2556 639 2581 iu
652 2555 707 2585 ed..
721 2553 825 2588 ὥσπερ.

186 2593 243 2627 (45)
262 2591 387 2622 Μᾶλλον
406 2590 440 2617 δὲ
457 2589 520 2617 τοῦ.
540 2589 625 2625 Regg.
653 2590 710 2621 bm,
737 2589 784 2623 ph,
806 2593 872 2622 etc.,
888 2589 942 2624 μά-

149 2635 229 2654 λιστα
243 2635 302 2653 του.

185 2663 243 2695 (At)
263 2661 317 2688 Καὶ
334 2661 461 2696 ἐκραγὲν
473 2661 537 2694 βίᾳ.
553 2671 562 2687 ι
574 2661 606 2688 Vi
618 2664 745 2694 eruperit,
759 2669 768 2686 ι
784 2660 876 2696 idest,
893 2668 902 2685 ι
914 2659 940 2687 vi

148 2694 255 2724 natura:
269 2697 352 2730 illata,
368 2694 452 2724 illaesa
468 2697 562 2724 matris
575 2696 741 2731 virginitate.
760 2705 769 2721 ι
784 2694 844 2721 Bill.
862 2703 872 2720 ς
884 2696 941 2721 vio-

147 2733 236 2760 lenter
250 2732 380 2764 eruperit.
399 2740 408 2756 ι

183 2767 241 2800 145)
265 2765 428 2800 ὀρωμένῳ.
447 2766 493 2793 Sic
519 2766 602 2801 nega.
625 2774 650 2797 c,
675 2766 703 2797 d,
718 2765 763 2800 ph,
784 2771 838 2792 tres
852 2764 940 2796 (2011)Ἷ

146 2802 230 2829 ϐοἱδι.
247 2801 276 2833 ‘2,
292 2801 348 2828 Jes.
367 2802 411 2828 Sic
422 2802 503 2828 etiam
522 2802 586 2836 legit
603 2801 704 2828 Billius.
726 2801 753 2827 ln
774 2802 828 2833 ed.,
847 2801 940 2836 ὁρμω-

150 2837 234 2872 μένῳ,
248 2846 258 2862 ‹
267 2845 291 2872 νει
304 2837 490 2872 progrediente
502 2837 664 2870 descriptus.
682 2845 691 2861 ι

183 2869 238 2907 (itit
265 2869 516 2905 ’Eizto‘ipéuorta,
543 2869 597 2900 etc.
626 2872 655 2898 In
682 2870 816 2898 nonnullis
843 2869 939 2901 codd.,

995 2144 1037 2170 dia
1052 2151 1119 2178 opus
1139 2144 1279 2172 habemus.
1302 2143 1370 2170 Illud
1385 2148 1473 2170 autem
1498 2143 1608 2170 minime
1633 2143 1783 2169 mirandutn

995 2194 1044 2222 cst,
1058 2189 1130 2223 quod
1143 2189 1262 2217 maxime
1274 2189 1382 2224 quidem
1404 2196 1450 2224 per
1471 2188 1590 2224 singulas
1613 2188 1708 2214 domos
1725 2187 1784 2214 ovis

995 2234 1154 2268 requiritur;
1171 2230 1212 2261 ειη
1227 2235 1325 2265 minus,
1347 2238 1376 2261 at
1402 2238 1476 2261 certe
1491 2242 1538 2268 per
1553 2233 1648 2260 domos
1664 2232 1784 2259 familia-

996 2287 1054 2306 rum
1068 2280 1102 2306 ob
1119 2283 1303 2314 paupertatem
1315 2283 1440 2314 erogatus
1454 2286 1461 2304 :
1477 2276 1696 2312 quandoquidem
1713 2276 1782 2310 opti-

996 2332 1068 2351 mum
1081 2329 1133 2356 est,
1150 2325 1319 2359 potissimum
1332 2325 1440 2358 quidem
1455 2323 1505 2351 sibi
1518 2329 1652 2358 quemque
1668 2321 1701 2348 ad
1723 2328 1785 2355 per-

1013 2370 1034 2386 “
1049 2370 1132 2398 Hebr.
1151 2378 1188 2403 tv,
1201 2370 1244 2397 15.
1297 2369 1319 2384 ¹⁹
1335 2369 1412 2397 Joan.
1436 2377 1455 2403 ι,
1480 2369 1507 2397 5.
1555 2368 1578 2384 ’⁸
1595 2366 1680 2394 Exod.
1700 2373 1750 2397 xu,
1766 2366 1784 2392 2

991 2449 1173 2510 ἐπιστρέφων,
1192 2449 1380 2484 στέφανος,....
1402 2447 1652 2483 εὐλογούμενος.....

1009 2493 1094 2510 αοιος.
1114 2491 1165 2510 etc.

1029 2493 1094 2516 οιος⁹
1114 2491 1165 2511 etc.

1008 2493 1289 2555 Fgﬁj';;corovoﬁr.
1300 2528 1310 2545 ε
1328 2518 1408 2546 Vitali
1428 2519 1481 2547 fetu
1493 2517 1682 2553 progignens.»
1699 2517 1783 2550 Quin-

991 2561 1044 2589 que
1060 2555 1141 2589 ltegg.
1147 2574 1154 2585 .
1169 2554 1321 2588 ζωογονῶν.

1025 2590 1082 2624 (48)
1101 2587 1243 2624 Ἲ⁹Αρετῶνί
1256 2589 1337 2616 Coisl.
1354 2589 1378 2622 i,
1391 2587 1481 2624 ὡρῶν,
1499 2597 1508 2614 ι
1518 2588 1580 2614 anni
1594 2592 1757 2624 temporum,
1769 2597 1779 2613 ›

989 2622 1049 2659 quite
1073 2622 1146 2652 inter
1170 2632 1200 2651 se
1227 2625 1325 2651 leniter
1347 2622 1568 2659 commiscentur.
1592 2622 1686 2659 Neque
1708 2624 1782 2659 enim

991 2657 1080 2687 subita
1105 2661 1138 2687 ab
1162 2668 1215 2686 uno
1235 2660 1373 2686 centrario
1398 2659 1431 2685 ad
1460 2658 1574 2685 alterum
1598 2658 1627 2683 lit
1647 2657 1780 2689 mutatio;

990 2702 1049 2727 nec,
1068 2700 1097 2722 ut
1115 2696 1241 2722 observat
1253 2695 1374 2725 Nicetas,
1387 2694 1431 2728 qui
1446 2693 1517 2720 hunc
1530 2693 1610 2719 etiam
1623 2691 1709 2728 locum
1725 2700 1735 2717 ι
1747 2692 1782 2718 de

990 2730 1133 2757 virtutibus
1149 2740 1158 2756 ι
1176 2730 1296 2764 exponit,
1318 2727 1410 2756 statim
1431 2729 1464 2755 ab
1490 2731 1584 2755 aestate
1602 2727 1636 2754 ad
1665 2727 1781 2754 hiemem

991 2765 1148 2791 transimus.

1026 2799 1081 2835 (to)
1101 2800 1166 2826 Kal.
1186 2799 1303 2835 Savdius
1320 2798 1404 2830 addit,
1421 2797 1503 2835 ᾧπέρ.

1026 2832 1082 2870 (50)
1103 2834 1262 2862 Kadoﬁru.
1284 2834 1412 2869 Hervag.,
1427 2833 1522 2866 ζῶντι,
1538 2841 1548 2859 ι
1562 2832 1672 2860 viventi.
1685 2840 1696 2858 ι
