2027 3135
238 123 290 152 633

852 123 881 150 S.
901 123 1062 151 GREGORII
1082 123 1252 152 THEOLOGI

1813 129 1865 157 6H

237 183 378 211 fectionem
392 181 522 216 sumcere,
538 189 651 217 seseque
666 182 781 210 hostiam
795 189 917 210 sanctam
935 183 1023 210 viven-

1079 183 1125 209 καὶ
1137 184 1277 218 συνεργοῖς
1288 184 1327 215 εἰς
1342 182 1420 210 τοῦτο
1435 183 1593 218 κεχρῆσθαι,
1621 186 1677 216 τοῖς
1692 187 1751 211 κατ’
1763 186 1866 222 ἀρετὴν

236 233 291 256 tem
306 228 410 255 vocanti
425 228 479 255 Deo
492 227 599 261 oﬂ‘erre,
631 232 710 262 atque
723 228 865 263 ejusmodi,
882 236 941 264 qua:
952 237 1023 255 sem-

237 283 294 310 per,
310 280 336 302 et
352 281 400 309 per
411 274 499 301 omnia
515 279 686 301 consecretur
702 283 709 301 :
729 275 769 301 sin
798 275 824 301 id
848 282 902 302 non
932 275 1022 306 datur,

237 328 329 348 eorum
343 321 437 347 saltem
450 327 532 354 opera
547 324 575 347 et
591 320 747 355 adiumento
772 321 804 347 ad
825 328 884 348 eam
899 328 955 348 rem
974 320 1022 351 uti.

1077 229 1218 264 όμογενέσι
1241 230 1288 256 καὶ
1311 230 1472 265 ὁμοτρόποις
1483 229 1552 264 (51).
1565 230 1649 257 Τοῦτο
1659 231 1712 267 γάρ
1728 241 1774 266 μοι
1789 233 1865 259 δοκεῖ

1079 274 1230 310 βούλεσθαι,
1243 276 1273 303 τὺ
1288 276 1425 302 κοινωνεῖν
1433 277 1488 308 τοῖς
1501 268 1614 310 ἔγγιστα
1627 277 1673 304 τοῦ
1689 277 1822 313 θύματος,
1837 280 1863 306 εί

1076 320 1207 356 δεήσειεν.

237 369 284 404 qui
305 369 401 395 virtute
423 369 500 396 nobis
524 368 712 403 consanguinei
736 373 816 400 sunt,
850 368 1024 403 moribusque
1040 369 1200 401 pet-similes.
1217 369 1271 397 Hoc
1285 370 1356 397 enim
1377 369 1441 397 mihi
1474 368 1628 405 signiﬁcare
1655 369 1775 402 videtur,
1790 371 1863 404 quod

239 416 340 442 vicinos
363 414 487 441 sacriﬁcii
511 414 655 448 participes
678 414 736 440 ﬁeri
754 414 823 441 Deus
839 414 970 448 praecipit,
997 413 1020 440 si
1040 413 1076 439 ita
1092 421 1158 448 opus
1170 415 1261 444 fuerit.

275 458 333 486 XV.
358 458 426 486 Hinc
437 466 513 486 sacra
535 466 600 491 nox,
621 459 762 493 noctisque
777 459 866 493 hujus,
881 466 934 493 qua
956 466 1025 493 prm-

239 513 300 532 sens
321 504 376 532 vita
398 504 570 537 suifunditur,
592 504 716 535 inimica,
739 505 766 531 in
791 512 845 539 qua
870 505 1025 539 primigena:

240 551 355 578 tenebrae
374 550 554 585 depelluntur,
570 554 652 584 atque
668 550 758 577 omnia
775 550 800 577 in
816 550 902 576 lucem
914 554 941 576 et
957 549 1027 576 ordi-

240 604 299 622 nem
326 595 493 630 formamque
518 595 661 629 prodeunt.
695 603 726 622 ac
752 595 878 623 confusio
901 603 944 628 ea,
967 602 1026 629 quae

240 642 314 675 prius
342 641 465 675 vigebat,
492 645 617 668 ornatum
642 641 750 675 accipit.
790 641 858 668 Hinc
882 640 1025 675 Egyptum

240 687 367 722 fugimus.
388 688 438 714 hoc
453 692 503 720 est,
525 687 600 714 triste
625 694 725 722 nosque
749 694 915 722 persequens
934 694 1027 721 pecca-

242 738 307 763 tum.
327 741 357 760 ac
372 733 539 760 Pharaonem
554 732 716 760 invisibilem
733 737 888 767 tyrannum,
902 737 929 759 et
941 739 1027 759 sanos

239 786 351 814 operum
361 780 510 814 praefectos,
522 778 555 805 ad
569 785 714 812 supernum
726 778 855 805 mundum
865 777 1027 812 migrantes:

242 832 274 851 ac
290 824 345 851 luto
363 829 389 851 et
413 823 642 852 conﬁciendorum
668 823 782 851 laterum
809 823 900 851 labore
925 823 1026 850 libera-

1109 459 1159 486 IE'.
1188 460 1325 487 Ἐντεῦθεν
1341 462 1357 496 ἡ
1380 462 1440 497 ἱερὰ
1457 461 1504 494 νὺξ
1530 461 1595 496 (52),
1611 461 1716 487 καὶτοῦ
1728 461 1863 495 παρόντος

1075 505 1133 540 βίον
1158 506 1208 541 τῆς
1222 507 1384 543 κεχυμένης,
1401 507 1481 543 τῆσδε
1507 507 1603 538 νυκτὸς
1626 506 1781 538 ἀντίπαλος,
1798 507 1862 532 καθ’

1073 552 1108 587 ἢν
1123 552 1152 578 τὸ
1163 553 1332 587 πρωτόγονον
1345 553 1437 579 λύεται
1450 553 1554 585 σκότος,
1567 552 1613 578 καὶ
1623 553 1662 584 εἰς
1676 551 1732 586 φῶς
1741 551 1862 583 ἅπαντα,

1075 598 1122 624 καὶ¹
1148 597 1234 630 τάξιν,
1253 600 1300 625 καὶ
1324 597 1393 631 εἶδος
1419 599 1543 634 ἔρχεται,
1567 599 1614 625 καὶ
1639 598 1773 633 κόσμονὴ
1795 598 1861 632 πρὶν

1075 643 1196 679 ἀκοσμία
1216 644 1360 679 λαμϐάνει.
1393 644 1531 670 Ἐντεῦθεν
1558 643 1695 677 Αἴγυπτον
1711 643 1860 677 φεύγομεν,

1075 688 1124 724 τὴν
1138 689 1302 724 σκυθρωπὴν
1315 691 1362 726 κα),
1375 689 1521 726 διώκτριαν
1541 689 1688 724 ἁμαρτίαν,
1702 689 1748 715 καὶ
1759 688 1861 723 Φαραὼ

1075 735 1120 761 τὸν
1136 735 1250 770 ἀόρατον
1266 735 1407 771 τύραννον,
1427 736 1473 762 καὶ
1488 736 1551 766 τοὺς
1567 735 1682 770 πικροὺς
1706 734 1860 769 ἐργοδότας,

1076 781 1144 816 πρὸς
1157 781 1202 807 τὸν
1213 781 1269 808 ἄνω
1282 781 1545 816 μετασκευαζόμενοι
1558 781 1658 815 κόσμον
1670 786 1677 793 ·
1692 779 1795 806 καὶτοῦ
1811 789 1863 814 πη-

1077 825 1121 851 λοῦ
1148 825 1257 860 καὶτῆς
1271 825 1409 856 πλινθείας
1436 824 1668 860 ὲλευθεροὺμεθα,
1693 824 1741 858 τῆς
1764 832 1793 850 τε
1812 822 1860 849 τοῦ

243 877 311 901 mur,
325 869 406 904 857
421 869 522 904 paleari
544 869 671 896 nimirum
687 873 715 896 et
727 869 847 896 instabili
866 869 957 896 carnis
972 869 1023 895 hu-

1078 871 1180 906 ἀχύρου
1271 871 1318 897 καὶ
1332 854 1468 906 σφαλερᾶς
1482 854 1746 905 τοῦ-σαρκίου-τοῦθε
1763 869 1863 895 συστά-

239 913 284 947 jus
299 915 500 947 constitutione,
526 922 584 949 quae
602 922 636 942 ne
648 915 766 942 acerosis
781 915 890 950 quidem
912 915 1024 942 rationi-

243 960 292 986 bus
315 959 341 986 in
357 959 448 987 multis
464 960 577 987 validior
600 965 652 988 est.
673 960 742 988 Hinc
768 968 854 996 agnus
880 966 1023 993 mactatur,

241 1009 320 1038 atque
337 1004 407 1030 actio
421 1008 449 1031 et
464 1005 666 1040 contemplatio,
692 1012 738 1032 seu
758 1005 867 1032 habitus
887 1011 914 1032 et
938 1011 1024 1040 actus,

241 1049 357 1082 pretioso
369 1049 499 1083 sanguine
511 1049 671 1084 signantur;
697 1058 758 1077 nam
780 1050 806 1077 hi
828 1050 958 1078 ostiorum
979 1059 1026 1078 no-

239 1097 356 1120 strorum
379 1099 467 1128 postes
481 1099 552 1127 sunt,
578 1095 630 1122 hoc
647 1100 698 1127 est,
724 1097 822 1123 mentis
849 1097 1024 1131 agitationum

240 1143 267 1165 ct
292 1140 457 1174 dogmatum,
484 1147 543 1174 quae
570 1148 602 1167 ex
622 1141 848 1176 contemplatione
871 1148 943 1170 recte
964 1150 1026 1177 ape-

240 1185 346 1212 riuntur
358 1190 437 1220 atque
460 1185 632 1219 clauduntur,
660 1187 877 1222 quandoquidem
901 1196 1026 1222 compre-

241 1231 398 1258 hensionum
413 1239 520 1266 quoque
530 1233 626 1260 modus
642 1232 750 1267 quidam
769 1238 820 1260 est.
838 1234 904 1261 Hinc
918 1240 1024 1268 postre-

241 1285 295 1310 ma,
316 1283 342 1305 et
363 1279 579 1312 persecutoribus
601 1279 757 1313 gravissima
776 1279 862 1314 plaga,
893 1285 1027 1314 nocteque

240 1323 360 1357 profecto
375 1325 452 1360 digna
471 1333 478 1351 :
495 1332 527 1352 ac
541 1324 736 1359 cogitationum
747 1332 856 1352 suarum
874 1326 1026 1353 actionum-

240 1376 292 1403 que
321 1370 497 1404 primogenita
526 1369 598 1406 luget
620 1369 851 1406 AEgyptus(quod
882 1375 909 1398 et
934 1378 1026 1398 semen

240 1415 411 1442 Chaldaicum
437 1416 574 1443 sublatum
600 1421 681 1450 atque
701 1424 858 1450 oppressum
887 1416 1026 1450 Scriptura

239 1465 318 1488 vocat
334 1461 368 1494 “,
383 1466 410 1488 et
423 1462 547 1496 puerulos
568 1460 729 1497 Babylonios
744 1462 777 1489 ad
789 1467 892 1496 petram
907 1462 1027 1490 allisos“

240 1511 268 1533 et
284 1506 412 1542 solutos),
438 1512 518 1542 atque
543 1507 662 1535 clamore
686 1512 713 1535 et
738 1507 931 1535 vociferatione
957 1508 1026 1543 apud

240 1551 380 1587 Egyptios
395 1553 485 1580 omnia
501 1558 645 1587 personant
659 1562 667 1582 :
688 1560 719 1580 ac
731 1557 786 1580 tum
801 1560 815 1580 a
830 1552 907 1580 nobis
919 1553 1024 1581 illorum

240 1599 435 1625 exterminatur
452 1599 568 1631 secedet,
583 1600 718 1627 unctionis
732 1603 803 1627 metu
817 1607 848 1626 ac
861 1600 1023 1629 reverentia.

241 1642 309 1670 llinc
333 1643 492 1671 fermentum
513 1650 617 1679 septem
640 1645 745 1672 dierum
769 1644 856 1679 spatio
878 1645 901 1660 “
920 1645 1028 1672 submo-

241 1693 317 1716 vetur
339 1689 400 1725 (hic
417 1690 488 1717 enim
505 1698 632 1718 numerus
649 1691 770 1718 omnium
793 1690 909 1718 maxime
932 1692 1027 1726 mysti-

240 1742 298 1768 cus,
313 1740 395 1770 atque
412 1736 474 1764 huic
490 1738 589 1763 mundo
602 1735 803 1772 consociatus),
817 1737 868 1764 hoc
881 1742 932 1769 est,
951 1742 1027 1764 vetus

239 1787 269 1808 et
298 1782 375 1809 acida
398 1783 516 1816 pravitas
539 1783 608 1818 (non
636 1783 709 1810 enim
730 1782 814 1815 illud,
833 1783 904 1817 quod
930 1791 1025 1817 panem

239 1827 320 1855 allicit
334 1835 366 1856 ac
381 1828 461 1856 vitale
475 1829 550 1864 est);
573 1833 602 1855 ut
621 1836 655 1856 ne
672 1829 742 1863 quod
776 1827 942 1863 Egyptiacae
961 1836 1026 1856 con-

240 1874 390 1908 spersionis
404 1874 530 1902 viaticum
544 1875 578 1908 “,
591 1881 639 1902 nec
650 1874 716 1902 ullas
727 1874 888 1901 Pharisaicae
900 1879 924 1902 et
940 1874 1027 1909 impiie

239 1920 367 1947 doctrinae
381 1921 403 1940 ’τ
416 1920 542 1955 reliquias
557 1920 633 1947 nobis
651 1927 786 1954 paremus.

274 1964 440 2000 XV].Atque
451 1966 486 1992 illi
500 1966 607 2001 quidem
619 1966 742 2000 lugeant:
756 1973 804 1992 nos
819 1970 908 1992 autem
926 1973 1025 2001 agnum

240 2011 426 2045 comedamus;
441 2011 475 2038 ad
499 2019 639 2046 vesperam
664 2011 772 2045 quidem
789 2011 822 2043 '3,
841 2013 969 2045 quoniam
999 2011 1025 2037 in

240 2056 399 2094 saeculorum
425 2056 477 2084 ﬁne
500 2056 599 2083 Christi
628 2057 718 2090 passio
736 2057 864 2090 contigit;
891 2056 1024 2090 siquidem

240 2109 351 2136 vespere
362 2102 532 2137 quandoque,
547 2103 649 2135 peccati
663 2101 788 2129 videlicet
807 2101 949 2135 caliginem
967 2102 1023 2128 dis-

239 2148 355 2180 cutiens,
384 2148 521 2182 discipulis
547 2153 745 2175 sacramentum
772 2148 936 2182 impertitur.
964 2146 1021 2174 Non

1077 924 1156 948 σεως,
1169 916 1215 943 καὶ
1236 916 1296 952 μηδ’
1324 916 1384 943 ὅσον
1402 915 1551 951 ἀχυρώδεσι
1568 915 1706 949 λογισμοῖς
1732 914 1778 940 ἐπὶ
1805 913 1863 939 τῶν

1077 960 1181 988 πολλῶν
1193 961 1393 997 κρατουμένης.
1415 960 1555 987 Ἐντεῦθεν
1571 962 1585 986 ό
1610 960 1694 994 ἀμνὸς
1708 959 1863 994 σφαγιάζε-

1075 1013 1131 1038 ται,
1148 1006 1195 1032 καὶ
1219 1005 1413 1041 σφραγίζονται
1429 1005 1467 1040 τῷ
1486 1005 1569 1040 τιμίῳ
1585 1005 1683 1040 αἵματι
1695 1004 1794 1039 πρᾶξις
1813 1004 1864 1030 καὶ

1077 1051 1155 1085 λόγος
1170 1051 1237 1087 (54),
1256 1051 1343 1077 εἴτουν
1355 1051 1411 1084 ἕξις
1428 1052 1475 1078 καὶ
1497 1051 1631 1085 ἐνέργεια,
1651 1051 1678 1076 αἱ
1691 1050 1743 1076 τῶν
1758 1049 1862 1084 ἡμετέ-

1077 1107 1132 1133 ρων
1149 1097 1238 1132 θυρῶν
1251 1098 1452 1133 παραστάτιδες
1469 1097 1535 1132 (55),
1549 1097 1620 1131 λέγω
1635 1096 1666 1132 δὴ
1680 1096 1734 1123 τῶν
1748 1096 1795 1122 τοῦ
1815 1096 1863 1122 νοῦ

1078 1144 1236 1179 κινημάτων
1260 1144 1315 1178 (56)
1340 1152 1370 1170 τε
1390 1145 1436 1170 καὶ
1450 1144 1602 1178 δογμάτων,
1615 1142 1703 1174 καλῶς
1719 1142 1864 1177 ἀνοιγομέ-

1077 1197 1129 1215 νων
1147 1188 1194 1214 κα).
1211 1188 1375 1222 κλειομένων
1391 1189 1424 1214 ἐκ
1446 1188 1573 1223 θεωρίας,
1585 1187 1678 1222 ἐπειδὴ
1693 1187 1791 1222 μέτρον
1804 1187 1863 1213 ἐστί

1076 1243 1103 1261 τι
1120 1234 1168 1261 καὶ
1187 1234 1375 1269 καταλήψεων.
1401 1234 1540 1261 Ἐντεῦθεν
1557 1235 1573 1269 ἡ
1595 1234 1736 1260 τελευταία
1755 1234 1802 1260 κει).
1819 1233 1865 1268 βα-

1077 1280 1176 1316 ρυτάτη
1189 1281 1243 1311 τοῖς
1254 1279 1379 1311 διώκταις
1395 1279 1495 1315 πληγὴ,
1513 1280 1560 1306 καὶ
1574 1279 1669 1310 νυκτὸς
1682 1279 1766 1310 δντως
1782 1279 1861 1311 ἀξία·

1077 1326 1123 1352 κα)¹
1139 1325 1232 1361 θρηνεῖ
1241 1326 1275 1352 τὰ
1296 1326 1454 1361 πρωτότοκα
1466 1325 1519 1352 τῶν
1536 1325 1641 1352 οἰκείων
1657 1325 1797 1360 λογισμῶν
1815 1327 1864 1352 καὶ

1077 1371 1201 1406 πράξεων
1224 1372 1359 1406 Αἴγυπτος
1382 1371 1415 1407 (ὃ
1431 1371 1478 1398 καὶ
1503 1371 1613 1407 σπέρμα
1629 1371 1779 1398 Χαλδαῖκῶδ
1792 1371 1864 1403 ἐξαι-

1079 1415 1191 1450 ρόμενον
1210 1416 1267 1451 (57)
1284 1417 1317 1451 τῇ
1340 1417 1435 1451 Γραφῇ
1463 1415 1596 1448 καλεῖται,
1612 1417 1658 1443 καὶ
1675 1417 1759 1451 νήπια
1774 1417 1864 1442 Βαϐυ-

1076 1461 1159 1488 λώνια
1170 1463 1203 1498 τῇ
1221 1461 1308 1497 πέτρα
1324 1462 1563 1498 προσκροτούμενα
1657 1462 1703 1488 καὶ
1717 1462 1862 1497 λυόμενα),

1077 1507 1123 1534 καὶ
1137 1507 1202 1542 βοῆς
1217 1508 1306 1534 πάντα
1323 1508 1408 1544 μεστὰ
1423 1510 1471 1535 καὶ
1489 1508 1612 1543 κραυγῆς
1622 1508 1780 1541 Αἰγυπτίοις
1794 1508 1861 1542 (59)-

1077 1553 1125 1580 καὶ
1157 1553 1236 1589 ἡμῶν
1264 1554 1439 1590 ἀποχωρήσει
1458 1553 1607 1588 τηνικαῦτα
1634 1554 1648 1579 ὸ
1676 1554 1788 1580 ἐκείνων
1803 1555 1863 1580 ὀλο-

1077 1599 1202 1635 θρευτὴς,
1224 1599 1293 1625 αίδοῖ
1312 1599 1359 1626 καὶ
1378 1599 1453 1634 φόϐῳ
1475 1599 1523 1626 τοῦ
1538 1599 1699 1634 χρίσματος.
1722 1599 1864 1625 Ἐντεῦθεν

1076 1645 1155 1680 ἄρσις
1172 1645 1221 1680 τῆς
1242 1645 1332 1680 ζύμης
1351 1646 1525 1681 ἑπταήμερος
1538 1642 1626 1680 (οὗτος
1643 1647 1696 1681 γὰρ
1723 1645 1863 1681 μυστικώ-

1076 1698 1154 1721 τατος
1163 1689 1298 1725 ἀριθμῶν,
1309 1690 1357 1717 καὶ
1371 1689 1409 1724 τῷ
1422 1690 1516 1725 κόσμῳ
1524 1690 1610 1726 τούτῳ
1618 1690 1758 1725 σύστοιχος
1774 1690 1832 1726 [(ἱο]
1841 1690 1863 1726 ),

1076 1735 1127 1771 τῆς
1145 1736 1263 1767 παλαιᾶς
1278 1736 1325 1762 καὶ
1339 1735 1456 1768 όξώδηυς
1469 1737 1569 1768 κακίας
1590 1737 1631 1771 (οὐ
1650 1737 1704 1772 γὰρ
1718 1738 1768 1773 τῆς
1784 1739 1864 1773 ἀρτο-

1076 1781 1153 1807 ποιοῦ
1168 1790 1197 1807 τε
1213 1782 1260 1808 καὶ
1271 1780 1400 1816 ζωτικῆς)
1411 1789 1418 1796 ⁸
1429 1782 1472 1808 ἴνα
1490 1782 1572 1818 μηδὲν
1586 1783 1734 1816 Αἰγύπτιον
1750 1785 1864 1810 ἐπισιτι-

1077 1826 1187 1862 ζώμεθα
1204 1827 1328 1863 φύραμα,
1341 1828 1387 1854 καὶ
1400 1827 1524 1862 λείψανον
1544 1829 1710 1864 Φαοισαίκῆς
1722 1829 1770 1855 καὶ
1781 1829 1862 1856 ἀθέου

1075 1873 1259 1904 διδασκαλίας.

1111 1966 1169 1998 ις’.
1188 1965 1244 1992 Καὶ
1260 1966 1285 1992 oi
1303 1965 1351 2000 μὲν
1366 1965 1551 2001 θρηνείτωσαν
1563 1974 1570 1981 ·
1593 1966 1658 2001 ἡμῖν
1686 1967 1715 1992 δὲ
1739 1968 1753 1993 ὁ
1777 1967 1863 2002 ἀμνος

1077 2011 1245 2047 βρωθήσεται
1255 2020 1261 2027 ·
1278 2012 1308 2037 τὺ
1320 2012 1385 2046 πρὸς
1400 2012 1518 2047 ἑσπέραν
1534 2012 1593 2047 μὲν,
1607 2013 1648 2039 ὅτι
1663 2013 1709 2039 ἐπὶ
1722 2013 1778 2047 (61)
1801 2022 1863 2039 σνν-

1076 2057 1166 2092 τελείᾳ
1184 2057 1238 2083 τῶν
1249 2058 1354 2085 αἰώνων
1371 2058 1400 2084 τὸ
1411 2057 1528 2093 Χριστοῦ
1542 2058 1627 2090 πάθος
1641 2067 1648 2073 ·
1667 2059 1728 2084 ἐπεὶ
1743 2059 1800 2094 (6'2)
1815 2058 1863 2085 καὶ

1076 2103 1199 2128 κοινωνεί
1210 2101 1258 2128 τοῦ
1273 2102 1420 2137 μυστηρίου
1433 2103 1488 2137 (65)
1499 2104 1554 2134 τοῖς
1567 2103 1699 2138 μαθηταῖς
1708 2105 1736 2129 ὲν
1745 2104 1860 2139 ἑσπέρᾳ,

1075 2147 1146 2174 λύων
1165 2148 1209 2174 τὸν
1225 2148 1319 2174 σκότον
1343 2148 1394 2183 τῆς
1418 2148 1571 2184 ἁμαρτίας.
1600 2148 1656 2183 Οὐχ
1675 2148 1807 2183 ἑψόμενος
1822 2149 1861 2180 δὲ,

238 2193 338 2220 elixum
355 2197 456 2226 autem,
473 2193 519 2221 sed
535 2198 634 2220 tostum
650 2193 688 2225 ";
705 2197 734 2220 ut
761 2200 795 2220 ne
816 2193 879 2228 quid
896 2193 1020 2226 specula-

1076 2194 1129 2220 ἀλλ’
1148 2193 1321 2228 ὀπτώμενος”
1339 2193 1375 2225 ὡς
1388 2193 1420 2220 ἂν
1440 2194 1521 2229 μηδὲν
1537 2193 1702 2229 ἀθεώρητον,
1719 2195 1780 2229 μηδ’
1797 2195 1861 2222 ὑδα-

290 2239 313 2255 ³³
322 2238 414 2266 Judith
427 2246 454 2272 ν,
469 2239 496 2266 6.
534 2238 558 2255 ³⁸
568 2239 638 2268 Psal.
651 2248 759 2274 cxxxvn,
772 2239 800 2272 8,
819 2239 847 2267 9.
884 2240 907 2256 ³⁵
920 2239 1002 2267 Exod.

1091 2241 1133 2268 19.
1171 2241 1196 2257 ¹⁸
1213 2241 1277 2268 ibid.
1315 2241 1338 2256 ¹⁷
1354 2240 1446 2268 Matth.
1464 2249 1520 2274 xvt,
1537 2241 1563 2268 6.

238 2274 260 2289 ²⁹
276 2274 342 2301 ibid.
357 2275 384 2301 9.

271 2321 328 2391 (51)
360 2322 559 2356 ’ομοτρόποις.
575 2323 621 2349 0r.
638 2322 663 2353 l,
676 2321 871 2358 ὁμοιοτρόπως.

284 2356 318 2383 52
352 2357 383 2384 Ἠ
400 2357 462 2391 ιερὰ
479 2358 549 2390 νύξ,
562 2363 613 2385 etc.
626 2357 686 2384 Bill.
699 2367 706 2385 :
723 2367 731 2383 t
742 2365 818 2384 sacra
833 2364 871 2383 no:

284 2356 328 2392 52)
352 2357 383 2384 Ἠ
400 2357 462 2392 ιερά
479 2358 549 2390 νύξ,
562 2363 613 2385 etc.
626 2356 706 2385 Bill.":
723 2367 731 2383 t
742 2356 818 2384 sacra
833 2364 895 2389 nox,
910 2361 937 2384 et
950 2365 1019 2390 pne-

237 2396 320 2419 sentts
332 2392 403 2424 vitae,
416 2393 466 2420 hoc
477 2398 527 2424 est,
543 2393 650 2420 sulfusae
665 2393 743 2425 hujus
759 2393 857 2423 noctis,
872 2392 989 2424 inimica,
1006 2402 1015 2418 ι

236 2431 288 2453 etc.
303 2427 358 2454 Hac
383 2428 600 2462 interpretatione
623 2427 664 2454 vir
680 2427 775 2455 doctus
799 2434 850 2453 non
865 2428 930 2453 satis
952 2427 1019 2454 Gre-

236 2462 303 2496 gorii
319 2467 434 2488 mentem
451 2463 546 2496 aperit.
568 2462 691 2497 Magnum
716 2462 859 2497 discrimen
887 2462 1019 2495 reperitur

236 2497 307 2522 inter
321 2501 478 2530 praesentem
495 2498 589 2529 vitam,
602 2496 629 2523 et
647 2497 771 2524 tenebras
784 2496 880 2530 quibus
901 2503 1018 2529 prmseus

236 2532 288 2557 vita
302 2531 472 2558 suﬁ'unditur.
485 2541 494 2557 ι
505 2532 561 2559 Nox
568 2540 673 2563 sacra,»
689 2532 722 2559 de
734 2538 786 2566 qua
798 2531 894 2566 agitur.
912 2531 1019 2557 initnica

235 2566 341 2599 quidem
360 2570 400 2593 est
419 2567 599 2598 tenebrarum,
625 2567 694 2598 vitii,
715 2567 826 2601 peccati,
847 2566 1016 2600 ignorantim,

235 2608 296 2634 qua:
307 2601 388 2627 vitam
406 2606 524 2628 nostrum
548 2602 688 2633 obsident;
708 2600 753 2628 scd
778 2600 860 2635 ipsius
875 2601 1016 2635 praesentis

237 2636 297 2661 vita}
311 2635 420 2662 multum
434 2636 519 2662 amica
535 2641 586 2663 est.

271 2669 326 2706 (55)
348 2670 405 2704 Τῆς
420 2679 451 2697 τε
466 2671 519 2698 τοῦ
536 2671 660 2706 ἀκύρου,
675 2675 727 2698 etc.
742 2671 851 2706 {Atque
864 2669 906 2706 his
923 2668 1016 2706 paleis,

234 2709 262 2730 et
281 2705 342 2736 levi,
362 2707 516 2737 straminea,
538 2704 692 2740 lubricaque
717 2705 805 2732 inﬁda:
824 2704 914 2731 carnis
938 2704 1018 2738 hujus

235 2740 434 2772 constitutione,
449 2750 459 2766 ι
469 2746 520 2768 etc.

268 2774 326 2810 ’(54)
346 2775 401 2801 Καὶ
414 2776 514 2810 λόγος.
535 2785 544 2801 ‹
559 2776 664 2807 Sermo,
681 2785 690 2801 ι
705 2775 756 2807 vel,
777 2784 786 2800 ι
802 2774 880 2802 ratio.
899 2783 908 2810 ε

271 2809 327 2844 (55)
344 2808 573 2844 Παρασέἀτιδες.
591 2811 637 2837 Sic
650 2811 732 2844 Regg.
751 2811 805 2843 bin,
828 2810 872 2844 pit,
893 2808 973 2836 Cois].
991 2808 1016 2841 Ι,

235 2842 341 2878 Comh.,
361 2842 411 2872 etc.
428 2844 456 2872 In
472 2847 526 2878 eth.
541 2842 718 2881 ’ἐαραστάδεςῖ

998 2905 1015 2914 ,ι

1614 2241 1637 2257 ’⁸
1650 2241 1735 2269 Exod.
1754 2250 1799 2275 xu,
1817 2242 1860 2269 l8.

1106 2319 1162 2357 (56)
1177 2319 1239 2357 1:th-
1252 2318 1306 2357 τοῦ
1321 2318 1567 2357 νοῦλκινημιξτων.
1580 2317 1625 2357 Sic
1634 2318 1750 2352 quinque
1763 2318 1858 2353 Regg.,

1071 2353 1118 2383 0r.
1140 2353 1165 2387 1',
1182 2354 1290 2383 Comb.,
1305 2359 1356 2380 etc.
1376 2353 1452 2381 Dee~t
1464 2354 1518 2379 τῶν
1534 2355 1558 2379 in
1573 2354 1615 2378 ed.

1106 2390 1162 2424 (5'1)
1188 2388 1406 2423 Ἕξαιρόμενον.
1421 2389 1542 2422 Quatuor
1555 2387 1631 2415 Colb.
1644 2392 1671 2414 et
1688 2387 1734 2415 0r.
1751 2388 1778 2420 Ι,
1791 2389 1861 2421 ἐξαι-

1089 2426 1119 2452 ού
1124 2433 1211 2452 μενον.

1072 2435 1455 2496 ροῗὲιὶῗῖοῆξροσκροτούμεναι
1477 2457 1578 2496 Nicet.,
1590 2457 1812 2496 προσκρούμενα,

1107 2492 1164 2529 (εθ)
1184 2492 1364 2528 Αἰγυπτίοις.
1377 2494 1486 2529 Coum,
1494 2493 1550 2523 τοῖς
1565 2492 1734 2526 Αἰγυπτίοις.

1107 2527 1163 2565 (60)
1171 2527 1355 2565 ΪΣύονῖοιχος.
1370 2538 1386 2565 γ(
1406 2528 1532 2565 Ejusdem
1553 2535 1612 2554 cum
1631 2528 1681 2553 hoc
1700 2527 1801 2565 mundo
1813 2534 1857 2552 or-

1071 2561 1158 2592 dinis:
1169 2564 1237 2590 Tum
1253 2561 1325 2597 quia,
1344 2572 1353 2588 ι
1369 2561 1456 2597 inquit
1471 2561 1588 2593 Nicetas,
1609 2571 1618 2587 ι
1635 2567 1737 2597 septem
1752 2562 1856 2588 dierum

1071 2600 1158 2634 spatio
1174 2596 1288 2625 mundus
1302 2596 1425 2634 onmibus
1441 2598 1498 2624 suis
1511 2597 1630 2624 numeris
1646 2596 1787 2634 absolutus
1802 2603 1856 2634 est,

1072 2631 1127 2661 tum
1141 2635 1201 2667 quia
1217 2633 1329 2667 expletis
1345 2638 1448 2666 septem
1472 2639 1601 2658 annorum
1619 2631 1748 2667 millibus,
1764 2632 1856 2667 mundi

1073 2669 1133 2695 linis
1147 2665 1314 2695 futurus'est.
1329 2677 1338 2693 ι
1354 2665 1508 2701 Aitonymus
1524 2667 1549 2693 in
1563 2667 1628 2701 Reg.
1641 2675 1654 2693 a
1665 2675 1672 2693 :
1682 2665 1732 2692 Διὰ
1746 2666 1777 2692 τὸ
1789 2665 1858 2692 ἑπτὰ

1073 2703 1151 2730 etiam
1168 2703 1212 2729 τὸν
1227 2703 1327 2738 κόσμον
1345 2701 1555 2738 περιορίζᾼεσθαι.

1108 2739 1164 2771 (tit)
1190 2738 1265 2765 Ἐπί.
1279 2735 1332 2764 ‘Sic
1352 2735 1431 2764 codd.
1448 2736 1573 2764 Meudose
1592 2744 1620 2763 tn
1640 2737 1702 2763 ἐπ.
1716 2736 1772 2768 ed.,
1785 2735 1856 2762 επεί.

1108 2771 1164 2805 (6'2)
1191 2772 1282 2800 Ἐπεί.
1299 2773 1344 2799 Sic
1359 2772 1436 2799 codd.
1454 2771 1538 2798 Prave
1554 2772 1580 2798 in
1597 2772 1658 2798 Par.
1674 2772 1728 2801 ed..
1746 2771 1804 2797 ἐπί.

1106 2805 1160 2843 (65)
1183 2808 1236 2834 Τοῦ
1249 2807 1424 2842 μυστηρίου.
1445 2807 1490 2834 Sic
1513 2806 1595 2842 chg.
1623 2807 1677 2840 bin,
1701 2806 1749 2840 ph,
1769 2805 1815 2834 0r.
1831 2805 1866 2838 ίί

1071 2847 1124 2871 etc.
1145 2843 1222 2870 Deest
1238 2842 1284 2869 τοῦ
1304 2844 1328 2870 iu
1344 2843 1387 2870 ed.
