2027 3135
129 206 178 234 649
608 208 736 236 ORATIO
757 209 835 236 XLV.
856 225 890 229 —
909 209 941 236 IN
962 194 1288 236 SANCTUM’PASCHA.
1694 207 1745 233 630

130 263 231 298 εἰσάγει
247 264 422 301 ἐνδεδυμένον
434 265 547 301 δύναμιν
563 267 610 293 καὶ
623 267 851 302 περιεζωσμένον,
867 268 912 302 δη-

971 269 1051 294 etiam
1072 268 1173 294 viribus
1200 267 1330 294 beneficio
1353 267 1444 294 divino
1467 267 1616 293 accinctum
1639 274 1668 294 se
1687 275 1746 294 esse

130 308 191 344 λαδὴ
210 309 282 335 κατὰ
296 309 350 336 τῶν
366 310 486 336 ἀσεϐῶν·
500 311 525 336 εἰ
550 310 586 345 μή
607 319 645 345 τῳ
667 310 752 344 φίλον,
769 309 800 336 τὺ
825 310 918 346 περιὸν

971 313 1051 340 David
1075 313 1205 346 gloriatur
1220 313 1297 344 ",ac
1318 314 1398 340 Deum
1425 313 1508 348 860
1533 319 1638 347 quoque
1660 313 1747 347 ipsum

131 354 175 389 τῆς
187 354 341 389 δυνάμεως,
354 355 401 381 καὶ
414 352 470 381 οἷον
485 355 691 390 ἀνεσταλμένον,
710 355 780 382 οὕτω
796 356 919 391 παραδηο

971 359 1084 392 potentia
1101 359 1222 385 indutum
1243 363 1324 393 atque
1344 359 1494 386 accinctum
1510 358 1655 391 inducit“,
1670 367 1732 387 nen-

130 399 249 431 λοῦσθαι,
266 399 333 426 καθὸ
351 401 398 426 καὶ
419 400 476 434 φῶς
488 400 677 431 ἀναῦἀλλεται,
692 400 730 431 ὡς
745 400 863 435 ἱμάτιον.
881 400 917 426 Τὸ

971 411 998 436 ρει
1011 404 1139 431 adversus
1153 404 1249 438 impios
1263 414 1269 431 :
1288 405 1338 431 nisi
1355 409 1444 431 tamen
1460 404 1536 431 malit
1550 404 1682 438 quispiam
1703 412 1748 438 po-

130 446 182 481 γὰρ
192 446 308 480 ἄσχετον
326 446 408 473 αὐτοῦ
427 447 475 481 τῆς
486 447 625 482 δυνάμεως
645 447 692 473 καὶ
707 446 754 473 τοῦ
770 447 857 481 φωτὸς
878 447 918 478 τίς

971 450 1057 477 tentize
1086 449 1290 477 exuberantiam
1317 458 1349 477 ac
1376 450 1457 477 veluti
1483 450 1680 477 restrictionem
1706 450 1748 476 his

133 493 329 528 ὑποστήσεταις
344 493 430 528 Ζητῶ,
448 493 474 519 τί
489 493 576 520 κοινὺν
590 493 671 528 ὀσφύϊ
681 493 726 519 καὶ
743 493 872 528 innecte;
892 493 918 519 τί

971 495 1055 522 verbis
1071 495 1236 529 significari:
1255 503 1308 530 quo
1324 496 1405 522 etiam
1436 503 1528 528 sensu,
1543 494 1654 527 lumine,
1679 495 1748 522 sicut

131 539 171 565 eat
184 538 223 573 τῷ
241 539 313 574 ἁγίῳ
331 539 429 575 Παύλῳ
443 541 542 566 νοεῖται
555 540 585 565 τὸ
604 540 734 574 φάσκειν·
754 539 847 573 Στῆτε
862 537 917 566 οὖν

971 541 1128 568 vestimento
1143 541 1177 573 ⁸³,
1193 543 1306 569 amictus
1318 541 1426 569 dicitur.
1449 541 1658 575 lnsuperahilem
1675 541 1746 567 enim

131 584 354 618 περιεζωσμένοι
369 586 424 620 (91)
441 585 498 619 τὴν
511 585 612 620 ὀσφὺν
625 584 708 619 ὑμῶν
726 585 761 611 ἐν
775 585 916 618 ἀληθείᾳ;

971 587 1095 621 potentiae
1124 587 1208 622 ipsius
1236 595 1268 615 ac
1292 587 1402 615 luminis
1415 589 1469 615 vim
1493 588 1554 623 quis
1583 587 1748 615 sustinebit?

132 631 240 666 Μήποτε
257 632 295 664 ὡς
314 633 361 659 τοῦ
380 632 546 668 θεωρητικοῦ
567 632 597 659 τὸ
620 631 815 667 ἐπιθυμητικὸν
837 640 917 666 περι-

971 632 1066 665 Quaero
1080 633 1143 668 quid
1161 633 1259 660 lumbis
1284 641 1345 660 cum
1366 634 1478 661 veritate
1493 641 1636 661 commune
1660 634 1707 664 sit.
1722 638 1751 660 et

132 677 300 711 σφίγγοντος,
330 679 377 705 καὶ
398 679 448 705 οὑκ
467 678 565 710 ἐῶντος
580 677 696 713 ἀλλαχοῦ
714 677 861 713 φέρεσθαι;
881 676 918 702 Οὐ

972 686 1031 712 qua:
1047 678 1123 705 Pauli
1141 686 1216 706 mens
1233 678 1334 713 fuerit,
1351 686 1411 707 cum
1429 679 1530 706 diceret
1549 688 1556 706 :
1572 678 1648 706 State
1669 679 1750 713 igitur

131 723 182 758 γὰρ
195 724 283 750 ἐθέλει
294 725 323 750 ea
336 725 398 760 περί
411 733 437 751 τι
448 719 619 759 διακείμενον
630 723 778 760 ἐρωτικῶς,
794 723 861 758 πρὸς
871 722 919 754 τὰς

971 723 1092 750 succincti
1113 723 1214 750 lumbar
1228 730 1323 751 vestros
1346 725 1373 751 in
1396 726 1504 751 veritate
1518 724 1566 750 "‘?
1588 724 1655 751 Num
1681 724 1751 751 forte

131 767 212 800 ἄλλας
228 769 326 803 ἡδονὰς
340 770 389 805 τὴν
404 769 487 805 αὐτὴν
505 769 577 804 ἔχειν
596 769 718 804 δύναμιν.

971 767 1039 802 quod
1070 769 1218 802 spcculatio
1247 770 1493 803 concupiscentiam
1529 773 1671 801 coerceat,
1699 776 1750 795 nec

132 813 258 840 aliorsum
277 814 340 841 ferri
357 814 447 841 sinat?
466 813 521 842 Nec
534 814 606 842 etiitn
625 813 683 841 fieri
702 818 802 848 potest,
822 817 851 840 ut
871 813 917 848 qui
938 813 975 840 rei
994 814 1142 848 cujuspiam
1157 822 1249 842 amore
1270 814 1372 850 ﬂagrat,
1408 822 1499 850 parem
1531 815 1564 842 ad
1588 815 1655 842 alias
1675 814 1751 842 volu-

132 863 216 893 ptates
233 860 287 886 vim
304 859 411 886 habeat.

169 913 217 942 18'.
241 914 282 940 Τὰ
297 914 326 940 δὲ
349 914 518 949 ὑποδήματα,
534 915 548 940 ὁ
571 914 619 950 μὲν
638 914 686 948 τῆς
707 913 789 948 ἁγίας
802 913 852 949 γῆς
871 914 917 940 καὶ

1004 903 1074 931 XIX.
1087 904 1144 931 Jam
1159 905 1203 939 qui
1220 909 1318 931 terram
1334 909 1454 932 sanctam
1469 913 1500 932 ac
1515 905 1613 932 divinis
1629 905 1750 940 vestigiis

130 959 284 990 Οεοστιῦοῦς
298 959 395 993 ψαύειν
410 959 524 994 μέλλων,
539 959 705 990 ὑπολυέσθω,
719 958 788 985 καθὰ
800 958 855 993 (9‘2)
871 958 918 984 καὶ

971 949 1130 984 impressam
1165 956 1338 978 contacturus
1367 956 1418 984 est,
1450 951 1631 979 calceamenta
1652 952 1748 984 solvat,

129 1005 249 1040 Maio-ﬁ;
266 1006 368 1036 ἐκεῖνος
384 1005 429 1031 ἐπὶ
444 1004 490 1031 τοῦ
503 1005 592 1040 ὅρους,
607 1005 649 1031 ἵνα
664 1004 746 1040 μηδὲν
760 1004 854 1040 νεκρὸν
870 1004 919 1039 φέ-

132 1058 174 1087 ρῃ,
195 1051 264 1086 μηδὲ
287 1050 368 1086 μέσον
388 1050 455 1077 Θεοῦ
469 1051 515 1078 καὶ
527 1050 688 1087 ἀνθρώπων.
711 1051 754 1083 Ὠς
770 1051 798 1078 δὲ
823 1051 869 1078 καὶ
893 1050 920 1077 si

130 1106 169 1128 τις
183 1097 309 1132 μαθητὴς
322 1097 368 1123 ἐπὶ
379 1097 409 1123 τὸ
423 1096 588 1131 Εὐαγγέλιον
605 1098 753 1132 πέμπεται,
768 1098 918 1133 φιλοσόφως

129 1144 175 1170 καὶ
191 1143 348 1178 ἀπερίττως
374 1141 430 1179 (93)
443 1153 450 1160 ·
472 1144 502 1170 ὃν
527 1144 567 1171 δεῖ
587 1144 641 1180 (94)
658 1143 726 1180 πρὸς
742 1143 781 1179 τῷ
795 1144 917 1180 ἀχάλκῳ,

129 1190 174 1215 καὶ
201 1189 331 1225 ἁράϐδῳ,
358 1190 406 1216 καὶ
432 1189 602 1225 μονοχίτωνι,
637 1189 678 1216 ἔτι
706 1191 754 1216 καὶ
781 1198 918 1225 γυμνοπο-

129 1234 182 1261 δεῖν
198 1235 267 1270 (95),
284 1235 328 1262 ἵνα
342 1235 461 1270 φανῶσιν
471 1236 495 1262 οἱ
510 1235 589 1267 πόδες
602 1235 698 1271 ὡραῖοι
711 1235 765 1262 τῶν
776 1236 918 1270 εὐαγγελι-

129 1281 250 1316 ζομένων
263 1281 384 1316 εξρήνην,
401 1281 448 1308 καὶ
458 1281 522 1308 ἄλλο
534 1282 587 1308 πᾶν
601 1281 713 1315 ἀγαθόν.
733 1282 761 1308 '0
773 1281 801 1308 δὲ
811 1282 918 1316 φεύγων

128 1326 267 1360 Αἴγυπτόν
289 1334 318 1352 τε
335 1326 383 1352 καὶ
404 1326 439 1352 τὰ
459 1326 604 1360 Αἰγύπτια,
624 1327 802 1358 ὑποδεδὲσθω,
819 1327 868 1362 τῆς
888 1335 918 1353 τε

129 1371 210 1406 ἄλλης
225 1370 375 1405 ἀσφαλείας
385 1370 468 1398 ἕνεκα
485 1371 532 1397 καὶ
549 1371 598 1406 τῆς
615 1371 682 1406 πρὸς
693 1372 756 1402 τοὺς
773 1371 919 1406 σκορπίους

130 1418 176 1443 καὶ
197 1417 261 1448 τοὺς
276 1416 362 1450 ὕφεις,
378 1416 424 1448 οὓς
445 1417 493 1443 καὶ
518 1416 632 1448 πολλοὺς
655 1417 791 1451 Αἴγυπτος
814 1417 917 1452 τρέφει,

128 1461 198 1488 ὥστε
214 1461 252 1496 μὴ
268 1461 432 1495 βλάπτεσθαι
449 1460 524 1496 παρὰ
540 1460 594 1487 τῶν
606 1460 759 1496 τηρούντων
774 1460 822 1496 τὴν
835 1461 917 1496 πτέρ-

129 1516 187 1539 ναν,
207 1507 256 1538 οὓς
276 1508 370 1533 πατεῖν
393 1507 603 1542 ἐκελεύσοημεν.
621 1506 690 1543 Περὶ
711 1507 738 1533 δὲ
756 1507 805 1542 τῆς
819 1506 920 1542 βακτη-

130 1554 190 1589 ρίας
215 1553 302 1585 οὕτως
320 1553 384 1588 ἔχω,
403 1554 449 1579 καὶ
462 1552 509 1579 τοῦ
527 1552 591 1588 περὶ
605 1552 708 1587 ταύτην
722 1551 778 1586 (96)
792 1552 919 1587 αἰνίγμα-

128 1607 185 1630 τος.
201 1599 259 1634 Τὴν
278 1599 326 1633 μὲν
343 1598 534 1635 ὑπερειστικὴν
553 1595 622 1629 οἶδα,
634 1598 683 1632 τὴν
698 1597 726 1624 δὲ
738 1597 919 1632 ποιμαντικήν

129 1653 159 1671 τε
173 1645 221 1671 καὶ
232 1644 435 1679 διδασκαλικὴν,
449 1643 540 1670 καὶτὰ
551 1642 647 1677 λογικὰ
661 1642 785 1678 πρόϐατα
797 1642 920 1678 ἐπιστρέ-

131 1698 245 1724 φουσαν.
269 1688 350 1715 Ἀλλὰ
364 1689 404 1715 σοὶ
418 1687 465 1715 νῦν
480 1689 528 1723 τὴν
540 1688 732 1723 ὑπερείδουσαν
748 1689 762 1714 ὁ
772 1687 853 1723 νόμος
863 1687 921 1714 δια.-

130 1735 283 1766 κελεὺεται,
302 1736 392 1770 μήπου
409 1734 454 1761 τὸν
468 1734 596 1769 λογισμὸν
610 1733 738 1769 ὀκλὰσῃς,
756 1731 825 1769 αἷμα
840 1733 918 1765 Θεοῦ,

130 1780 178 1806 καὶ
196 1780 284 1811 πάθος
299 1779 414 1812 ἁκούων,
428 1779 474 1806 καὶ
492 1780 615 1810 θάνατον,
635 1779 726 1815 μήπου
743 1779 920 1814 περιενεχοῇς

131 1826 229 1857 ἀθέως,
245 1825 282 1857 ὡς
298 1824 365 1851 Θεοῦ
381 1825 528 1860 συνήγορος
539 1833 545 1840 ν
560 1825 617 1851 ἀλλ’
637 1824 858 1859 ἀνεπαισχύντως
874 1824 920 1850 καὶ

130 1872 336 1903 ἁνενδοιάστως,
361 1871 432 1905 φάγε
457 1871 488 1897 τὸ
513 1869 601 1906 σῶμα,
619 1871 663 1897 πίε
683 1870 713 1897 τὸ
728 1867 807 1906 αἷμα,
829 1871 853 1897 ει
872 1870 920 1905 τῆς

131 1918 204 1953 ζωῆς
235 1916 442 1953 ἐπιθυμητικῶς
468 1916 550 1952 ἔχεις,
585 1917 652 1952 μήτε
683 1918 739 1948 τοῖς
770 1917 834 1952 περὶ
857 1925 922 1951 σαρ-

131 1963 178 1994 κὸς
202 1962 259 1997 (97)
275 1961 397 1989 ἀπιστῶν
417 1962 514 1996 λόγοις,
541 1963 608 1998 μήτε
631 1963 686 1994 τοῖς
708 1962 772 1997 περὶ
792 1962 822 1988 τὸ
835 1962 921 1993 πάθος

132 2008 327 2043 βλαπτόμενος.
349 2007 559 2042 Ἑρηρεισμένος
583 2008 686 2040 ἵστασο,
708 2009 815 2042 πάγιος,
838 2007 920 2043 βεϐη-

131 2055 198 2087 κὼς,
213 2056 243 2081 ἐν
265 2055 359 2090 μηδενὶ
380 2054 556 2089 σαλευόμενος
575 2054 628 2080 ὑπὸ
646 2053 700 2081 τῶν
715 2054 920 2088 ἀντικειμένων,

133 2103 201 2137 μηδὲ
233 2102 411 2136 πιθανότητος
436 2101 524 2135 λόγοις
552 2101 787 2136 παρασυρόμενος.
812 2100 871 2126 Ἐπὶ
891 2099 922 2126 τὸ

131 2148 199 2181 ὗιῷος
233 2147 346 2174 σεαυτοῦ
376 2147 467 2182 στῆθι,
503 2148 532 2174 ὲν
563 2148 624 2178 ταῖς
654 2147 749 2178 αὐλαῖς
787 2147 921 2182 Ἰερουσα-

131 2195 189 2229 λὴμ
214 2194 312 2229 στῆσον
332 2193 395 2224 τοὺς
418 2193 510 2224 πόδας,
531 2192 577 2218 ἐπὶ
592 2193 641 2226 τῆς
659 2192 761 2227 πέτρας
775 2192 831 2227 (98)
849 2192 920 2227 ἐρει-

967 996 1192 1031 quemadmodutn
1206 1001 1234 1023 et
1245 996 1349 1031 Moyses
1366 997 1411 1024 ille
1427 997 1453 1024 in
1481 1003 1570 1024 monte
1586 997 1620 1030 “‘,
1637 1003 1666 1024 ut
1685 997 1751 1024 nihil

968 1048 1102 1070 mortuum
1117 1043 1197 1076 ferat,
1215 1051 1264 1071 nec
1280 1044 1350 1071 inter
1366 1043 1450 1071 Deum
1465 1049 1548 1078 atque
1565 1045 1689 1072 hoinines
1704 1045 1748 1071 in-

969 1089 1137 1116 termedium.
1154 1089 1291 1117 Consimili
1309 1090 1388 1118 modo
1417 1091 1439 1118 si
1466 1091 1526 1125 quis
1550 1090 1696 1125 discipulus
1716 1091 1750 1118 ad

967 1135 1165 1169 praedicandum
1182 1135 1355 1170 Evangelium
1374 1127 1487 1162 mittitur
1500 1136 1535 1168 σι,
1555 1135 1700 1171 frugalitati
1714 1144 1746 1163 ac

968 1180 1130 1214 simplicitati
1149 1182 1254 1209 studeat
1269 1190 1276 1209 :
1297 1182 1394 1217 quippe
1410 1189 1500 1217 quem,
1515 1188 1611 1217 pratter
1628 1183 1654 1210 id
1673 1184 1746 1218 quod

968 1232 1018 1253 nec
1041 1233 1089 1260 aes,
1106 1234 1157 1254 nec
1182 1227 1317 1259 baculum,
1334 1235 1383 1255 nec
1409 1227 1541 1263 duplicem
1559 1229 1677 1255 tunicam
1700 1230 1751 1256 ha-

967 1272 1042 1305 beat.
1061 1274 1143 1300 etiam
1169 1273 1248 1300 nudis
1260 1273 1373 1307 pedibus
1389 1274 1440 1301 iter
1464 1274 1553 1302 facere
1568 1279 1700 1308 oporteat,
1721 1280 1751 1302 ut

968 1319 1072 1353 pulchri
1087 1319 1169 1353 pedes
1187 1319 1428 1353 evangelizantium
1448 1328 1539 1354 pacem
1554 1321 1587 1353 “,
1617 1326 1644 1348 et
1665 1321 1753 1355 quod—

969 1365 1034 1392 libet
1049 1364 1121 1391 aliud
1138 1365 1236 1392 bonum
1251 1385 1258 1396 ,
1284 1370 1444 1399 appareant.
1467 1365 1500 1392 At
1520 1374 1585 1393 vero
1604 1367 1649 1400 qui
1667 1366 1751 1402 [Egy-

969 1416 1040 1445 ptnm
1053 1418 1085 1438 ac
1103 1417 1145 1437 res
1158 1409 1266 1446 ZEgypti
1280 1410 1356 1446 fugit,
1371 1411 1477 1439 calceos
1492 1418 1581 1439 Sumat
1593 1412 1625 1444 ",
1640 1418 1667 1439 ut
1680 1417 1752 1440 tutus

968 1458 1013 1489 sit,
1030 1465 1090 1484 cunt
1108 1457 1142 1485 ab
1159 1458 1218 1485 aliis
1234 1457 1325 1489 rebus,
1340 1463 1396 1486 tum
1416 1465 1431 1485 a
1450 1459 1565 1494 scorpiis
1575 1462 1603 1486 et
1614 1460 1751 1494 serpenti-

970 1505 1029 1537 bus,
1043 1511 1110 1538 quos
1127 1503 1275 1539 permultos
1288 1504 1420 1539 [Egyptus
1445 1504 1503 1538 alit,
1524 1510 1554 1532 ut
1579 1505 1612 1533 ab
1633 1505 1686 1539 iis,
1707 1498 1754 1540 qn.l

971 1550 1127 1578 calcaneum
1140 1551 1331 1582 observant,et
1340 1558 1408 1585 quos
1422 1551 1527 1578 calcare
1537 1551 1606 1585 jussi
1618 1552 1752 1585 sumus“.

973 1597 1082 1624 minime
1095 1597 1259 1625 vulneretur.
1275 1597 1334 1625 Jam
1352 1597 1386 1625 de
1398 1597 1494 1625 baculo
1511 1598 1535 1613 "
1553 1602 1635 1632 atque
1649 1598 1706 1633 ejus
1717 1599 1755 1626 si-

971 1644 1146 1679 gnificatione
1172 1644 1207 1670 ita
1228 1643 1327 1672 sentio.
1351 1643 1417 1670 Nam
1445 1651 1506 1670 cum
1531 1643 1600 1670 alter
1626 1643 1753 1671 fulciendi

971 1689 1025 1716 vim
1044 1689 1154 1722 habeat,
1167 1689 1236 1716 alter
1252 1689 1368 1724 pastoris
1386 1693 1414 1716 ct
1433 1689 1553 1716 doctoris
1568 1689 1693 1724 proprius
1707 1690 1754 1722 sit,

972 1739 1053 1769 atque
1069 1742 1134 1762 oves
1148 1735 1252 1762 ratione
1275 1735 1399 1769 praeditas
1414 1738 1563 1767 corrvertat,
1585 1735 1611 1761 in
1628 1735 1755 1770 viamque

972 1780 1102 1807 reducat:
1119 1780 1164 1807 hic
1182 1780 1222 1807 lex
1240 1780 1396 1807 fulcientem
1420 1779 1545 1807 baculum
1565 1780 1612 1807 tibi
1628 1781 1753 1814 praescri-

972 1826 1133 1858 bitrnecubi
1149 1826 1239 1853 animo
1260 1827 1376 1858 titubes.
1398 1827 1460 1853 dum
1478 1826 1524 1853 Dei
1552 1827 1711 1861 sanguinem
1727 1831 1754 1854 et

972 1872 1127 1901 Passionem
1144 1878 1171 1900 et
1185 1877 1299 1900 mortem
1322 1873 1417 1905 audis,
1433 1880 1464 1899 ac
1479 1872 1541 1899 dum
1563 1873 1608 1899 Dei
1625 1877 1754 1907 patronus

972 1924 1054 1954 atque
1080 1919 1205 1946 defensor
1221 1918 1304 1946 videri
1327 1919 1414 1952 cupis,
1448 1918 1529 1952 impie
1551 1925 1670 1945 corruas.
1686 1918 1754 1951 Quin

972 1965 1071 1999 potius,
1089 1965 1148 1992 sine
1162 1966 1263 1998 pudore
1279 1972 1310 1991 ac
1321 1964 1486 1991 dubitatione
1500 1971 1598 1998 corpus
1613 1964 1672 1997 ede,
1689 1971 1754 1990 san-

971 2011 1078 2046 guinem
1097 2011 1158 2038 bibe
1171 2030 1178 2043 ,
1201 2011 1223 2037 si
1241 2011 1319 2037 modo
1333 2011 1393 2037 vita:
1418 2009 1553 2037 desiderio
1580 2011 1756 2042 tcueris,.nec

972 2056 1143 2083 sermonibus
1169 2056 1202 2082 de
1219 2063 1300 2083 carne
1319 2055 1397 2082 fidem
1416 2055 1559 2089 abrogans,
1576 2062 1625 2081 nec
1645 2054 1676 2081 ad
1695 2061 1752 2085 eos.

972 2103 1017 2137 qui
1032 2102 1064 2129 de
1080 2101 1206 2136 passione
1225 2101 1368 2132 habentur,
1389 2101 1551 2136 impingens.
1576 2100 1754 2133 lnnixus.sla,

973 2147 1067 2175 firmus
1095 2152 1122 2175 et
1149 2147 1264 2180 stabilis,
1281 2152 1362 2181 atque
1380 2147 1417 2174 ita
1440 2152 1624 2181 comparatus,
1640 2151 1668 2173 ιιι
1682 2151 1753 2174 nuba

974 2193 999 2220 in
1013 2201 1041 2221 re
1059 2191 1191 2227 quatiaris
1205 2193 1239 2219 ab
1254 2192 1428 2223 adversariis.
1442 2199 1491 2218 nec
1505 2192 1648 2219 verborum
1665 2191 1756 2226 lepore

133 2249 191 2272 σον,
217 2240 260 2266 ἵνα
289 2240 325 2275 μὴ
354 2238 498 2274 σαλεύηται
526 2246 572 2265 σου
601 2238 635 2264 τὰ
655 2238 726 2264 κατὰ
749 2237 814 2264 Θεὸν
830 2238 919 2273 διαδή-

975 2244 1056 2273 atque
1081 2238 1216 2265 illecebris
1233 2237 1388 2272 abripiaris.
1411 2237 1437 2264 In
1463 2237 1569 2272 fastigio
1594 2242 1638 2263 tno
1657 2241 1712 2268 sta,
1729 2237 1756 2264 in

132 2294 216 2321 ματα.

168 2422 213 2448 ις’.
233 2421 266 2447 Τί
281 2421 349 2456 (me;
370 2420 447 2447 οὕτω
469 2421 555 2448 ταῦτα
577 2420 675 2452 ἔδοξεν,
692 2421 828 2454 Αἴγυπτον
846 2419 922 2452 ἐξελ-

132 2467 202 2497 Εεῖν,
221 2468 271 2501 τὴν
285 2467 397 2502 σιδηρᾶν
408 2466 532 2501 κάμινον,
546 2466 706 2493 καταλιπεῖν
723 2474 752 2492 σε
766 2466 816 2501 τὴν
831 2467 921 2492 ἐκεῖσε

132 2513 280 2539 πολυθεῖαν
298 2512 363 2547 (99),
384 2513 430 2538 καὶ
447 2512 498 2539 ὑπὸ
512 2512 651 2543 Μωῦσέως
670 2512 794 2547 ἀχθῆναι,
813 2512 860 2538 καὶ
872 2513 921 2547 τῆς

976 2283 1053 2310 atriis
1075 2282 1224 2310 Jerusalem
1240 2283 1321 2317 pedes
1348 2287 1435 2309 statue
1446 2282 1479 2315 “,
1502 2283 1528 2309 in
1543 2288 1617 2316 petra
1637 2281 1756 2314 sull‘nlci,

973 2329 1055 2364 861
1073 2334 1102 2356 nt
1115 2329 1152 2356 tui
1169 2329 1317 2356 secundum
1333 2329 1415 2356 Deum
1428 2336 1538 2364 gressus
1559 2336 1611 2355 non
1631 2336 1758 2355 movean~

977 2382 1030 2402 tur.

1012 2419 1070 2447 XX.
1084 2420 1153 2453 Quid
1171 2420 1230 2447 ais?
1244 2419 1317 2447 Itane
1334 2420 1414 2447 (inim
1424 2427 1455 2446 ac
1466 2422 1603 2447 decretum
1622 2424 1669 2450 est,
1687 2425 1713 2446 nt
1725 2428 1758 2446 ex

976 2464 1104 2500 Egypto.
1120 2467 1169 2493 hoc
1187 2471 1238 2498 est,
1250 2473 1281 2492 ex
1298 2465 1406 2492 fornace
1420 2465 1504 2492 ferrea
1520 2465 1552 2498 °",
1567 2465 1691 2496 excedas,
1709 2466 1757 2491 im-

976 2511 1104 2546 piumque
1117 2512 1228 2538 deorum
1241 2511 1386 2538 multormn
1414 2512 1514 2538 cultum
1541 2511 1596 2538 illic
1623 2511 1757 2545 vigentem

169 2592 193 2607 “
214 2591 284 2617 Psal.
303 2598 367 2620 χιιι,
383 2591 427 2618 53.
454 2591 476 2606 ⁸⁷
495 2591 564 2617 Psal.
582 2598 646 2621 xcu.
662 2591 687 2617 l.
715 2590 737 2606 ⁸⁸
754 2589 824 2617 Psal.
840 2597 898 2619 cm,
914 2590 919 2615 ‘.

980 2590 1002 2605 ¹⁹
1016 2589 1113 2623 Ephcs.
1131 2589 1229 2625 v1.71}.
1265 2590 1287 2605 ‘°
1304 2589 1387 2625 Exod,
1403 2597 1443 2618 ιιι.
1457 2589 1484 2616 5.
1509 2589 1530 2604 ⁶¹
1547 2589 1611 2616 an.
1626 2597 1653 2618 κ.
1668 2589 1684 2616 5
1698 2597 1747 2625 sqq

131 2627 155 2643 ⁶¹
170 2628 222 2654 lsa.
237 2634 285 2659 LII,
299 2627 323 2652 7.
363 2626 384 2642 ⁸³
403 2626 486 2652 Exod.
499 2634 546 2657 xn,
562 2626 605 2652 Η.
643 2625 742 2652 “Luc.
762 2633 789 2656 ιι.
807 2626 849 2652 19.

170 2683 227 2718 (91)
248 2682 485 2718 Περιεζωσμένοι.
503 2681 569 2710 Tres
582 2682 662 2718 Rege.
679 2688 705 2710 et
721 2691 815 2710 novem
829 2682 919 2714 Colb.,

130 2719 361 2753 περιζωσάμενοι.

168 2751 226 2787 (9‘2)
247 2751 336 2780 Κὰθά.
353 2753 399 2780 Or.
420 2753 445 2785 1,
461 2751 563 2784 καθώς.

168 2789 228 2823 (95)
249 2788 303 2814 Καὶ
318 2789 490 2822 ἀπερίττως.
507 2788 585 2814 Deest
599 2788 624 2815 in
637 2787 690 2815 Jes.

169 2823 227 2858 (94)
249 2823 306 2850 Δεῖ.
325 2824 352 2849 In
368 2822 510 2858 nonnullis,
525 2823 589 2858 χρή.

168 2856 226 2893 (95)
246 2857 464 2893 Γυμνοποδεῐν.
486 2856 602 2893 διεῑτεε
622 2857 716 2893 “eum,
733 2857 814 2885 Coisl.
832 2858 856 2890 Ι,
875 2856 920 2884 Or.

134 2893 161 2927 Ι,
178 2892 252 2923 Pan,
267 2899 320 2920 etc.
340 2892 367 2918 lu
384 2892 442 2918 Par.
461 2892 515 2923 ed.,
530 2892 700 2927 γυμνοποδεῖ.

169 2930 226 2963 '96)
248 2928 319 2961 Περὶ
336 2927 458 2960 ταύτην.
477 2927 557 2953 Coisl.
575 2928 586 2953 1
603 2933 630 2955 et
649 2927 714 2958 ,ιι-ε..
732 2928 793 2963 περὶ
809 2928 919 2962 ταύτης.

317 2974 453 3002 Parnm"
475 2973 532 3004 Gn.
558 2970 703 3004 XXXVI.

888 2625 910 2640 °"
924 2625 1008 2653 Exod.
1023 2625 1125 2656 1",“.

1165 2624 1187 2639 ⁸⁵
1200 2623 1270 2650 Psal.
1286 2632 1360 2655 cui.
1374 2624 1400 2651 2.
1439 2625 1460 2639 "’
1475 2624 1550 2650 Dcut.
1568 2632 1604 2657 tv,
1618 2624 1662 2650 20.

1010 2681 1066 2715 (97)
1084 2680 1164 2714 Μήτε
1180 2681 1241 2713 τοῖς
1256 2680 1321 2715 περὶ
1336 2681 1459 2714 σαρκός,
1475 2686 1527 2709 etc.
1550 2680 1608 2706 llill.
1627 2681 1652 2706 in
1675 2681 1760 2715 prima

974 2717 1039 2744 edit.
1064 2725 1073 2741 ι
1090 2715 1144 2743 Nec
1164 2717 1293 2743 doctrinae
1315 2718 1402 2750 carnis
1429 2716 1506 2742 fidem
1532 2716 1683 2750 abrogatis,
1710 2725 1761 2743 nec

974 2752 1110 2779 Passionis
1124 2751 1293 2786 sermonibus
1306 2749 1433 2778 offensus.
1454 2760 1463 2775 ι
1579 2777 1586 2786 ,

1009 2786 1064 2821 (98)
1085 2786 1146 2812 Ἐπὶ
1167 2785 1222 2819 τῆς
1244 2785 1362 2820 πέτρας.
1381 2795 1402 2821 ί(
1415 2786 1442 2812 In
1455 2791 1540 2819 petra,
1554 2794 1564 2811 ι
1577 2785 1616 2821 ξνίιί
1642 2789 1692 2816 est,
1712 2794 1721 2809 ι
1735 2785 1760 2810 in

974 2820 1091 2853 Christo,
1105 2830 1114 2846 ι
1131 2821 1206 2854 juxta
1232 2821 1324 2856 Apost.
1341 2821 1349 2847 l
1373 2820 1436 2848 Cor.
1456 2828 1482 2852 Χ,
1503 2821 1530 2852 Δ,
1551 2830 1560 2846 ι
1575 2820 1654 2848 Petra
1670 2826 1758 2853 autem

974 2862 1031 2883 erat
1047 2856 1179 2882 Christus.
1196 2865 1204 2880 ι

1010 2891 1063 2926 (99)
1079 2889 1254 2917 Πολυθεΐαν.
1275 2890 1356 2917 Coisl.
1374 2891 1385 2917 Ι
1403 2895 1428 2917 et
1438 2890 1485 2918 0r.
1500 2891 1511 2917 l
1529 2890 1639 2923 addunt,
1656 2890 1759 2921 ἀοείιιν,

978 2935 986 2952 ι
1002 2928 1119 2963 impiam,
1136 2926 1303 2960 sacrilegam.
1319 2935 1327 2951 ι

1544 2971 1581 3002 21
