2027 3135
165 182 217 209 655

630 180 758 209 ORATIO
777 181 858 209 XLV.
882 196 915 203 —-
935 181 966 208 IN
988 179 1152 209 SANCTUM
1172 179 1319 207 PASCllA.

1741 175 1793 203 654

195 239 258 266 ΚΒ.
279 238 357 264 Ἐστι
372 237 461 265 τοίνυν
472 238 509 273 (8)
519 238 645 270 ἐξετάσαι
659 241 776 275 πρᾶγμα
791 240 838 266 καὶ
854 239 953 275 δόγμα,

1042 237 1125 265 XXII.
1156 237 1299 264 Enimvero
1324 235 1439 262 alienum
1466 241 1518 261 non
1549 232 1649 265 fuerit,
1678 240 1732 260 retr
1763 240 1793 260 at:

157 286 214 316 τοῖς
232 285 283 319 μὲν
299 283 405 315 πολλοῖς
428 283 636 320 παρορώμενον,
660 286 721 321 ἐμοὶ
746 286 774 312 δὲ
788 306 794 318 ,
825 287 872 312 καὶ
894 286 954 312 λίαν

157 330 362 365 ἐξεταζόμενον.
392 330 451 356 Τίνι
467 330 522 366 γὰρ
538 330 568 357 τὸ
593 331 664 366 ὑπὲρ
693 332 770 367 ἡμῶν
800 330 880 368 αἷμα,
907 333 955 359 καὶ

157 378 222 411 περὶ
245 377 317 408 τινος
331 376 422 412 ἐχέοη,
437 377 467 403 τὺ
479 377 551 412 μέγα
563 377 610 404 καὶ
625 378 787 414 περιϐόητον
800 379 847 405 τοῦ
873 378 952 411 Θεοῦ,

158 423 207 449 καὶ
225 423 386 458 ἀρχιερέως,
407 424 455 449 καὶ
480 423 618 459 ούματος;
640 425 833 460 Κατειχόμεθα
851 425 888 460 (9)
905 426 954 460 μὲν

158 469 213 504 γὰρ
226 468 279 494 ὑπὸ
294 468 340 495 τοῦ
357 468 488 504 πονηροῦ,
514 470 688 505 πεπραμένοι
715 471 767 497 ὑπὸ
789 471 838 505 τὴν
865 471 955 506 ἀμαρ-

158 514 229 546 τίαν,
247 514 295 540 καὶ
311 514 500 547 ἀντιλαϐόντες
514 515 564 550 τῆς
577 516 675 548 κακίας
689 517 738 552 τὴν
751 517 857 552 ἡδονήν.
876 517 908 543 Εἰ
927 517 955 543 δὲ

158 556 188 582 τὸ
202 555 300 591 λύτρον
327 556 377 583 οὐκ
394 556 474 583 ἄλλου
498 558 580 589 τινὸς,
601 558 617 592 ἢ
633 558 681 584 τοῦ
697 559 859 594 κατέχοντος
883 559 956 593 γίνε-

158 610 215 632 ται,
229 601 305 636 ζητῶ
321 601 373 628 τίνι
394 602 473 629 τοῦτο
498 603 653 640 εἰσηνέχθη,
678 605 725 632 καὶ
749 605 783 632 δι’
796 606 891 641 ἥντινα
907 606 955 642 τὴν

160 647 267 680 αἰτίανς
286 648 317 674 El
336 648 385 683 μὲν
406 648 445 683 τῷ
467 649 590 684 πονηρῷ,
607 650 657 683 φεῦ
671 651 720 686 τῆς
739 651 860 687 ὕϐρεως·
876 652 899 678 ει
917 652 954 688 μὴ

159 693 238 728 παρὰ
251 694 298 721 τοῦ
313 694 380 720 Θεοῦ
398 695 488 729 μόνον,
506 695 575 722 ἀλλὰ
594 696 642 722 καὶ
661 697 707 723 τὸν
728 697 794 724 Θεὸν
816 698 897 725 αὐτὸν
910 697 956 725 λύ-

160 749 223 776 τρον
248 741 263 766 ὁ
287 740 388 776 λῃστὴς
408 740 552 776 λαμϐάνει,
569 742 616 768 καὶ
635 742 732 777 μισθὸν
760 743 846 775 οὕτως
870 744 955 780 ὑπερν

160 785 215 820 φ·ιῆ
240 785 297 821 (10)
324 786 374 820 τῆς
391 786 488 812 ἑαυτοῦ
513 787 670 822 τυραννίδος
682 808 688 820 ,
707 788 741 814 δι’
756 788 786 815 ὃν
811 789 859 815 καὶ
877 790 955 825 ήμῶν

160 831 299 866 ςείδεσοαι
315 831 418 858 δίκαιον
430 829 479 867 ἦν·
496 833 520 858 εὶ
545 833 574 858 δὲ
599 832 638 868 τῷ
657 833 754 869 Πατρὶ,
772 835 879 870 πρῶτον
907 836 955 870 μὲν

160 877 238 909 πῶς;
257 878 313 912 Οὐχ
338 877 383 903 ὑπ’
402 877 506 904 ἐκείνου
527 878 582 913 γὰρ
601 879 802 914 ὲκρατοὺμεθα.
823 879 955 916 Δεύτερον

160 924 198 955 δὲ,
214 923 256 955 τίς
278 924 292 949 ὁ
312 923 400 958 λόγος,
416 923 584 958 Μονογενοῦς
597 921 668 960 αἷμα
692 925 803 961 τέρπειν
819 927 930 962 Πατέρα
947 948 954 961 ,

160 970 189 1001 ὃς
205 969 267 996 οὐδὲ
283 969 329 996 τὸν
350 970 444 996 Ἰσαὰκ
463 970 572 1004 ἐδέξατο
593 971 667 1006 παρὰ
684 971 731 998 τοῦ
748 972 851 1007 πατρὸς
868 981 955 1009 προσ-

161 1015 323 1050 φερόμενον,
337 1014 394 1041 ἀλλ’
408 1016 593 1052 ἀντηλλάξατο
606 1017 654 1053 τὴν
666 1017 772 1049 θυσίαν,
794 1018 870 1054 κριὸν
886 1019 957 1046 ἀντι-

160 1061 222 1093 δοὺς
237 1062 286 1088 τοῦ
306 1061 416 1096 λογικοῦ
440 1063 576 1098 ούματος;
597 1064 632 1090 ’Ἡ
648 1063 736 1099 δῆλον,
752 1064 792 1091 ὅτι
823 1064 956 1100 λαμϐάνει

162 1107 211 1141 μὲν
228 1108 242 1133 ὀ
253 1107 358 1142 Πατὴρ,
375 1109 424 1134 οὐκ
441 1108 557 1144 αἰτήσας
574 1109 641 1144 (ll),
660 1110 720 1136 οὐδὲ
747 1110 865 1145 δεηθεὶς,
888 1111 957 1138 ἀλλὰ

160 1152 203 1178 διὰ
222 1152 272 1187 τὴν
287 1154 454 1189 οἰκονομίαν,
474 1154 520 1181 καὶ
541 1154 572 1181 τὸ
598 1155 696 1190 χρῆναι
717 1156 773 1190 (12)
790 1156 956 1192 ἁγιασθῆναι

161 1200 200 1235 τῷ
229 1200 392 1236 ἀνθρωπίνῳ
413 1200 460 1228 τοῦ
477 1201 545 1228 Θεοῦ
560 1203 606 1228 τὸν
624 1201 768 1236 ἄνθρωπον
780 1211 786 1218 ·
817 1203 850 1230 ἵν’
876 1204 958 1235 αὐτὸς

163 1247 238 1280 ἡμᾶς
251 1246 387 1282 ἐξέληται,
400 1246 446 1273 τοῦ
461 1247 594 1283 τυράννου
607 1247 652 1283 βίᾳ
663 1248 815 1284 κρατήσας,
832 1249 878 1276 καὶ
889 1249 958 1285 πρὸς

163 1292 260 1318 ἑαυτὸν
281 1292 337 1327 (15)
355 1292 516 1328 ὲπαναγάγῃ
540 1292 584 1319 διὰ
609 1293 657 1320 τοῦ
685 1294 750 1321 Υἱοῦ
782 1295 958 1330 μεσιτεύσαν-

161 1346 216 1370 τος,
239 1338 285 1364 καὶ
301 1339 341 1370 εἰς
360 1339 441 1374 τιμὴν
463 1339 511 1365 τοῦ
530 1339 637 1375 Πατρὸς
653 1340 732 1367 τοῦτο
758 1341 958 1377 οἰκονομήσαν-

161 1390 218 1415 τος,
233 1379 255 1416 ᾧ
280 1383 314 1409 τὰ
339 1383 426 1410 πάντα
452 1385 626 1420 παραχωρῶν
641 1385 779 1419 φαίνεται.
796 1386 841 1413 Τὰ¹
854 1387 904 1421 μὲν
926 1387 957 1422 δὴ

162 1428 283 1463 Χριστοῦ
301 1429 424 1462 τοιαῦτα,
454 1430 500 1456 καὶ
526 1430 561 1456 τὰ
585 1430 670 1458 πλείω
688 1433 750 1467 σιγῇ
772 1432 903 1460 σεῦέσθω.
929 1433 958 1459 '0

161 1473 189 1499 δὲ
205 1473 324 1508 χαλκοῦς
345 1474 407 1509 ὄφις
428 1475 564 1511 κρεμᾶται
588 1474 645 1512 (14)
672 1475 722 1511 μὲν
744 1477 815 1503 κατὰ
839 1477 894 1504 τῶν
911 1477 959 1505 δα-

162 1520 281 1547 κνόντων
293 1521 389 1555 ὄφεων,
404 1522 454 1558 οὐχ
470 1523 508 1554 ὡς
517 1522 601 1554 τύπος
619 1523 676 1559 (15)
694 1523 723 1550 δὲ
735 1523 782 1550 τοῦ
796 1524 866 1559 ὑπὲρ
878 1525 958 1561 ἡμῶν

163 1566 307 1598 παθόντος,
332 1567 389 1593 ἀλλ’
413 1567 451 1599 ὡς
477 1568 641 1600 ἀντίτυπος·
661 1569 707 1595 καὶ
732 1568 814 1602 σώζει
837 1571 901 1602 τοὺς
917 1572 957 1602 εἰς

161 1611 244 1638 αὐτὸν
263 1612 396 1647 ὁρῶντας,
413 1612 462 1647 οὐχ
481 1612 522 1638 ὅτι
546 1612 579 1647 ζῇ
604 1613 811 1648 πιστευόμενος,
842 1614 899 1641 ἀλλ’
916 1615 956 1641 ὅτι

161 1658 339 1694 νενέκρωται,
355 1658 401 1684 καὶ
415 1659 558 1693 συννεκροῖ
573 1658 622 1690 τὰς
640 1659 686 1685 ὑπ’
701 1659 782 1685 αὐτὸν
800 1659 855 1694 (16)
875 1659 956 1687 δυνά-

165 1712 238 1738 μεις,
255 1703 428 1737 καταλυθεὶς,
456 1704 550 1739 ὧσπερ
573 1701 606 1740 ἦν
621 1704 706 1736 ἄξιος.
725 1705 780 1731 Καὶ
801 1705 844 1737 τις
859 1706 874 1732 ὁ
888 1705 957 1742 πρέ-

163 1758 224 1776 πων
241 1749 317 1784 αὐτῷ
345 1749 410 1785 παρ’
429 1749 508 1785 ἡμῶν
536 1749 698 1784 ὲπιτάφιος;
726 1751 788 1778 Ποῦ
807 1759 876 1783 σου,
907 1751 957 1779 θά-

163 1803 246 1827 γατε,
259 1795 294 1821 τὸ
309 1794 435 1829 κέντρον
442 1804 452 1828 ;
471 1795 534 1822 Ποῦ
556 1803 624 1828 σου,
652 1796 720 1830 ᾂδη,
738 1796 770 1823 τὸ
791 1796 896 1830 ’νῖκος;
912 1798 933 1823 Τ
935 1797 957 1833 ᾦ

165 1839 276 1875 σταυρῷ
304 1839 445 1876 βέϐλησαι,
469 1841 508 1876 τῷ
536 1841 661 1876 ζωοποιῷ
687 1841 884 1871 τεθανάτωσαι.
907 1845 957 1870 Ἂ-

165 1894 250 1919 πνους
274 1887 340 1924 (17),
362 1889 470 1925 νεκρὸς,
490 1890 628 1925 ἀκίνητος,
645 1890 836 1926 ἀνενέργητος,
857 1892 914 1925 καὶ,
933 1894 957 1919 εἰ

165 1932 196 1958 τὸ
214 1933 271 1968 (18)
295 1935 388 1970 σχῆμα
405 1935 501 1967 σώζεις
515 1935 614 1971 ὄφεως,
640 1937 669 1962 ὲν
683 1935 745 1971 ὕψει
763 1937 956 1974 στηλιτευόμεο

165 1986 211 2010 νος
232 1979 300 2014 (19).

1007 285 1159 312 doctrinam
1181 283 1329 318 inquirere,
1349 290 1364 309 a
1394 280 1484 308 multis
1505 280 1612 314 quidem
1632 280 1793 313 neglectam,

1007 339 1067 358 meo
1082 336 1171 358 autem
1184 329 1295 365 judicio,
1323 328 1442 355 studiose
1470 326 1690 360 perquirendam.
1708 325 1792 352 Eccui

1005 377 1077 404 enim
1096 377 1141 403 ille
1153 384 1203 411 pro
1235 376 1313 402 nobis
1338 374 1458 408 sanguis,
1490 377 1517 400 et
1533 381 1615 408 quant
1628 371 1661 400 ob
1682 379 1792 399 causam

1007 422 1082 450 fusus
1099 426 1150 455 est,
1170 421 1223 454 ille,
1243 421 1363 455 inquam,
1381 426 1494 454 magnus
1507 423 1534 445 et
1547 418 1644 445 nobilis
1661 417 1723 449 Dei,
1739 423 1794 444 tum
1841 418 1847 431 λ

1006 468 1151 504 pontiﬁcis,
1171 473 1226 495 tum
1239 468 1358 495 victimae
1368 466 1496 501 sanguis?
1512 464 1567 492 No‘s
1576 465 1649 492 enim
1663 471 1677 491 a
1689 463 1793 491 diabolo

1006 515 1203 548 detinebamur,
1221 519 1313 549 utpote
1343 514 1388 547 qui
1418 512 1564 539 venundati
1595 517 1718 538 essenms
1743 509 1793 536 sub

1007 567 1129 596 peccato,
1145 569 1176 589 ac
1191 562 1285 588 vitium
1300 568 1361 588 eum
1381 560 1518 594 voluptate
1539 563 1796 586 commutassemus.

1008 608 1083 641 Quod
1100 608 1122 635 si
1142 607 1334 641 redemptionis
1362 606 1477 641 pretium
1496 612 1548 632 non
1576 604 1620 631 alii
1639 603 1695 635 ulli,
1711 610 1793 637 quam

1006 655 1041 686 ei,
1054 654 1098 689 qui
1115 654 1234 689 captivos
1262 658 1344 685 tenet,
1371 651 1552 686 persolvitur,
1569 657 1659 684 quaero
1672 649 1713 676 cui
1734 653 1794 675 tau-

1007 701 1066 728 dem
1082 700 1199 727 oblatum
1213 704 1264 732 est,
1277 704 1303 725 et
1316 706 1397 734 quam
1410 698 1445 725 ob
1459 704 1569 724 causam
1580 697 1592 723 ’ἶ
1603 695 1631 723 Si
1648 702 1731 730 pravo
1746 694 1795 725 illi,

1006 754 1022 773 ο
1037 754 1145 782 gravem
1163 745 1353 773 contumeliam
1369 745 1375 771 !
1392 745 1413 771 si
1445 751 1496 771 non
1510 751 1524 770 a
1543 743 1598 770 Deo
1625 741 1722 773 solum,
1749 741 1797 768 sed

1009 793 1091 819 Deum
1106 799 1214 827 quoque
1227 793 1315 826 ipsutn
1337 799 1385 826 pro
1402 789 1595 824 redemptionis
1624 787 1711 822 pretio
1727 786 1796 813 latro

1008 838 1117 872 accipit,
1133 838 1253 871 adeoque
1265 837 1373 872 insigne
1390 841 1416 863 ct
1429 835 1564 863 excellens
1578 833 1731 869 tyrannidis
1742 839 1798 859 suae

1008 885 1161 920 praemium,
1177 884 1255 917 cujus
1278 891 1359 911 causa
1385 882 1461 909 nobis
1472 887 1579 916 quoque
1601 880 1674 914 parci
1690 885 1795 912 acquum

1007 935 1086 957 erat:
1102 930 1124 957 si
1138 935 1226 957 autem
1243 929 1327 962 Patri,
1343 928 1461 964 primum
1487 927 1623 962 quomodo
1653 925 1678 952 id
1696 925 1796 952 factum

1008 976 1071 1003 est?
1086 976 1141 1003 Nec
1154 976 1225 1003 enim
1241 976 1276 1003 ab
1289 976 1346 1010 ipso
1361 975 1528 1002 tenebamur.
1548 973 1660 1005 Deinde,
1682 979 1742 1006 qua:
1756 980 1797 997 ra-

1009 1023 1045 1050 tio
1060 1022 1150 1050 aﬂ‘erri
1166 1026 1262 1057 potest,
1278 1027 1306 1049 ut
1323 1021 1457 1056 Unigeniti
1485 1020 1616 1055 sanguine
1630 1018 1710 1045 Pater
1720 1017 1797 1045 ohle-

1008 1074 1106 1100 ctetur,
1125 1069 1169 1102 qui
1186 1076 1218 1095 ne
1235 1068 1308 1095 Isaac
1323 1067 1432 1102 quidem
1461 1073 1476 1093 a
1491 1071 1567 1100 patre
1583 1064 1703 1092 oblatum
1718 1070 1798 1090 acce-

1008 1114 1254 1150 perit,sedariete,
1273 1113 1451 1141 inrationalis
1480 1113 1597 1139 victimae
1619 1112 1707 1137 locum
1734 1108 1798 1136 sub-

1009 1161 1115 1193 stitnlo,
1135 1161 1299 1188 sacrificium
1314 1160 1493 1196 permutarit?
1508 1158 1685 1193 Perspicuum
1703 1156 1798 1191 utique

1008 1212 1061 1239 est,
1078 1206 1186 1234 Patrem
1200 1207 1307 1241 quidem
1326 1205 1472 1240 aceepisse,
1488 1212 1540 1232 non
1561 1209 1651 1231 tamen
1665 1202 1736 1237 quod
1751 1208 1798 1236 pe-

1009 1252 1093 1284 tierit,
1111 1256 1158 1278 aut
1177 1259 1210 1279 eo
1223 1259 1290 1286 opus
1316 1250 1451 1282 habuerit,
1483 1256 1574 1276 verum
1602 1252 1673 1274 certa
1690 1244 1799 1274 concilii

1009 1298 1113 1326 ratione
1125 1303 1152 1325 et
1164 1298 1379 1333 dispensatione,
1392 1302 1419 1325 et
1431 1297 1504 1332 quia,
1533 1303 1582 1331 per
1601 1294 1798 1322 humanitatem

1010 1353 1023 1371 a
1037 1345 1091 1372 Deo
1106 1350 1284 1378 assumptam,
1302 1342 1585 1371 hominisanctitatem
1607 1339 1695 1367 afferri
1719 1347 1799 1375 opor-

1010 1393 1100 1424 tebat;
1116 1396 1155 1423 ut,
1170 1395 1286 1426 tyranno
1299 1397 1347 1425 per
1369 1389 1422 1416 vim
1437 1392 1573 1423 superato,
1592 1394 1642 1414 nos
1658 1387 1796 1419 liberaret,

1010 1442 1090 1471 atque
1109 1437 1141 1464 ad
1155 1444 1184 1464 se
1196 1443 1244 1470 per
1260 1435 1434 1463 mediatorem
1451 1433 1548 1461 Filium
1565 1433 1717 1464 reduceret,
1733 1432 1796 1464 hoc,

1011 1484 1043 1510 ad
1056 1482 1146 1509 Patris
1160 1482 1310 1514 honorem,
1336 1481 1380 1508 cui
1397 1480 1423 1507 in
1449 1479 1575 1507 omnibus
1607 1479 1687 1506 rebus
1702 1479 1798 1506 cedere

1011 1529 1181 1564 perspicitur,
1195 1528 1405 1562 dispensantem.
1420 1525 1502 1560 863
1517 1525 1555 1553 Ac
1568 1526 1602 1552 de
1616 1525 1725 1553 Christo
1742 1525 1800 1552 lucc

1011 1575 1089 1602 nobis
1102 1575 1175 1602 dicta
1192 1575 1258 1607 sint,
1290 1574 1397 1608 aliaque
1423 1575 1508 1601 multo
1534 1573 1611 1607 plura
1634 1572 1733 1600 silentii
1748 1572 1799 1599 ho-

1011 1628 1077 1648 nore
1092 1621 1252 1648 alliciantur.
1270 1620 1305 1647 At
1333 1627 1406 1653 vero,
1429 1627 1542 1655 serpens
1557 1627 1649 1646 aeneus
1669 1619 1800 1646 adversus

1011 1672 1166 1701 serpentum
1200 1673 1308 1694 morsus
1337 1666 1511 1702 suspenditur
1539 1666 1572 1698 ⁷⁵,
1595 1672 1647 1692 non
1667 1669 1756 1691 tamen
1771 1668 1802 1690 ut

1011 1712 1111 1740 Christi
1125 1720 1173 1747 pro
1191 1712 1269 1740 nobis
1285 1712 1357 1748 passi
1373 1718 1463 1747 typus,
1477 1719 1572 1739 verum
1596 1711 1776 1746 utautitypus
1790 1717 1798 1736 :

1011 1764 1092 1794 atque
1107 1758 1141 1786 iis
1151 1758 1195 1793 qui
1212 1758 1299 1794 ipsum
1314 1758 1464 1790 intuentur,
1490 1757 1605 1785 salutem
1632 1755 1722 1788 all'ert,
1736 1756 1800 1783 dum

1012 1813 1065 1832 non
1081 1805 1134 1831 vita
1149 1803 1215 1836 frui,
1231 1804 1278 1831 sed
1310 1808 1434 1832 mortuus
1460 1809 1531 1835 esse,
1563 1810 1595 1829 ac
1609 1802 1733 1829 subditas
1748 1801 1800 1828 sibi

1011 1853 1160 1883 potestates
1171 1855 1263 1876 secum
1280 1847 1438 1875 interimere
1450 1848 1581 1879 creditur,
1606 1847 1800 1882 oppressusui-

1012 1893 1110 1920 mirum
1126 1898 1153 1920 el
1167 1893 1327 1927 enlinctus,
1344 1892 1414 1920 sicut
1425 1892 1590 1920 merebatur.
1601 1891 1633 1918 Et
1652 1892 1722 1926 quod
1737 1896 1800 1917 tan-

1013 1939 1072 1967 dem
1091 1939 1128 1966 illi
1145 1947 1298 1974 congrueus
1320 1939 1488 1974 epitaphium
1512 1938 1658 1965 canemus?
1682 1937 1732 1964 Ubi
1751 1942 1800 1968 est,

1012 1986 1225 2019 mors,rtimttlul
1240 1985 1321 2012 tuus?
1339 1983 1389 2011 Ubi
1416 1990 1472 2017 tua,
1491 1984 1592 2016 inferne
1605 2002 1613 2015 ,
1639 1983 1748 2010 victoria
1757 1983 1801 2009 '5?

166 2026 239 2054 Crux
257 2030 285 2053 te
299 2028 458 2062 prostravit,
473 2028 536 2056 vitae
561 2033 656 2056 auctor
681 2029 727 2056 tibi
746 2037 838 2058 necem
857 2033 957 2059 attulit.
979 2033 1119 2060 Exanimis
1137 2041 1176 2065 es,
1195 2038 1327 2065 mortuus,
1358 2032 1522 2064 immobilis,
1551 2031 1633 2062 iners,
1666 2031 1801 2066 serpentis

167 2074 231 2102 licet
247 2074 360 2109 ﬁguram
376 2082 480 2108 serves,
505 2075 532 2102 in
563 2075 671 2103 sublimi
698 2076 756 2104 loco
777 2077 955 2111 ignominioso
972 2080 1084 2114 pendes.

201 2122 266 2149 ΚΓ.
289 2122 506 2158 Μεταληψόμεθα
526 2122 581 2158 (20)
606 2123 635 2149 δὲ
650 2123 697 2150 τοῦ
713 2124 820 2160 Πάσχα,
837 2125 884 2152 νῦν
910 2126 959 2162 μὲν

202 2179 225 2195 ⁷³
239 2179 319 2208 Num.
332 2187 390 2213 ut,
407 2179 434 2207 8.
472 2180 495 2195 "
510 2179 572 2208 Ose.
585 2187 646 2214 xtu,
660 2180 708 2214 M;
725 2180 735 2208 l
751 2181 814 2208 Cor.
835 2189 880 2214 xv,
905 2182 949 2209 55.

1048 2126 1141 2155 XXIII.
1163 2127 1222 2154 Jam
1254 2135 1317 2155 vero
1350 2126 1491 2155 Paschalis
1514 2125 1658 2161 participes
1685 2126 1799 2159 erimus,

202 2245 240 2281 (8)
256 2247 343 2273 Ἔστι
359 2247 473 2274 τοίνυν.
500 2246 548 2275 0r.
571 2247 599 2280 1,
616 2247 693 2274 Ἐστι
708 2247 810 2280 λοιπόν,
846 2258 855 2275 ι
871 2249 956 2277 Carte-

1048 2249 1103 2285 (15)
1125 2250 1261 2276 Ἑαυτόν.
1280 2249 1325 2277 Sic
1342 2249 1431 2284 plures
1441 2249 1523 2284 Regg.
1538 2253 1565 2276 et
1576 2248 1663 2280 Colb.,
1680 2249 1762 2277 Coisl.
1775 2249 1800 2282 1,

167 2290 260 2309 nnu.i

202 2319 241 2351 (Et)
257 2317 469 2353 Karslzrﬁpeﬂa:
481 2317 587 2349 Coml).,
603 2318 802 2353 ἐκρατούμεθα.

203 2353 261 2387 (10)
282 2351 438 2388 Ὑπερφυῆ.
456 2352 519 2387 Reg.
535 2353 581 2387 ph,
593 2351 732 2388 ὑπερφυᾶξ

203 2387 259 2422 (11)
279 2388 339 2414 Οὐκ
355 2387 492 2421 αἰτήσας,
508 2393 560 2415 etc.
598 2387 674 2415 0111
702 2389 785 2422 addit,
801 2390 840 2417 δέ.
859 2389 958 2417 Obser-

165 2428 212 2450 vnt
228 2423 399 2454 scholiastes,
425 2423 522 2457 duplex
537 2430 597 2450 esse
616 2423 763 2450 redimendi
777 2432 878 2458 genus;
892 2425 957 2453 alte-

166 2466 239 2489 rum,
266 2465 342 2492 «quo
357 2457 472 2491 pretium
498 2458 534 2489 ei,
564 2466 578 2484 a
591 2466 643 2493 quo
658 2459 702 2492 qui
731 2457 824 2492 captus
840 2465 955 2492 tenetur,

165 2494 291 2524 solvitur,
322 2497 349 2519 et
364 2493 475 2526 pecunia
507 2494 541 2520 ab
564 2501 596 2520 eo
624 2493 802 2527 redimiturp
831 2496 956 2528 alterunt,

168 2538 177 2553 I
188 2536 242 2563 quo
257 2529 317 2562 quis
333 2535 382 2561 pro
396 2535 442 2554 reo
457 2527 510 2561 pati
525 2529 640 2555 sustinet
652 2529 677 2554 in
694 2529 778 2562 ipsius
792 2530 871 2556 unius
883 2539 956 2556 ιιθιηι

166 2565 287 2590 modum.
306 2573 315 2588 ι
332 2564 377 2589 Sic
395 2563 518 2590 Christus
530 2571 577 2596 pro
594 2564 670 2590 nobis
685 2565 821 2591 cruciatus
836 2565 956 2597 pertttlit,

166 2607 196 2625 ac
211 2599 251 2624 sic
261 2599 320 2632 ejus
335 2599 460 2632 passione
486 2598 551 2624 nihil
574 2598 680 2625 diabolo
695 2599 797 2626 datum.
823 2600 956 2627 l’ra‘tcrea

165 2634 276 2667 sanguis
289 2634 389 2660 Christi
411 2633 481 2660 Patri
496 2634 601 2660 oblatus
617 2639 668 2666 est,
682 2642 692 2658 ι
704 2642 756 2660 non
772 2635 842 2668 quod
865 2636 957 2668 unige-

166 2669 214 2695 uiti
227 2668 288 2695 Filii
303 2676 400 2695 cruore
414 2668 500 2695 elIuso
523 2669 713 2700 delectaretur,
727 2678 735 2694 ι
759 2674 787 2696 ut
811 2671 852 2697 his
868 2672 957 2697 verbis

166 2705 285 2741 deflarat
315 2703 385 2741 idem
418 2703 600 2741 scholiastes:
616 2703 684 2741 Diis:
771 2705 858 2741 Πατρξ
889 2703 957 2740 αἷμα

165 2739 211 2765 τοῦ
227 2738 398 2775 Μονογενοῦς
412 2738 614 2774 προσφέρεσθαι
631 2738 899 2775 ὑποτιθέμεθα.’8ε‹1
917 2738 957 2767 in-

165 2774 248 2805 dicat,
273 2774 371 2801 Filium
399 2782 447 2800 sua
480 2780 575 2808 sponte
604 2775 720 2809 hominis
747 2774 856 2802 reatum
886 2776 911 2802 in
928 2784 957 2803 se

167 2811 340 2836 transtulisse
365 2816 397 2835 ac
416 2814 528 2836 mortem
545 2809 672 2842 subiisse,
698 2814 725 2836 ut
738 2810 874 2837 hominem
887 2812 957 2837 redi-

165 2851 262 2877 meret,
276 2852 308 2871 ac
322 2851 385 2871 cum
400 2843 453 2871 Deo
477 2844 503 2870 itt
515 2844 629 2878 gratiam
646 2845 812 2878 restitueret,
840 2846 956 2873 illatam-

164 2886 216 2913 quc
231 2881 330 2906 divina:
345 2880 476 2912 maiestati
491 2879 614 2913 iujuriam
629 2881 760 2907 sarciret.l

199 2915 255 2951 (12)
275 2915 311 2943 Τὸ
326 2913 446 2949 χρῆναι.
464 2915 527 2949 lteg.
542 2914 576 2947 ph
596 2920 622 2942 et
634 2914 680 2943 0r.
697 2915 722 2942 1.
739 2914 778 2950 τῷ
794 2917 901 2952 χρῆναι.

1013 2291 1064 2312 etc.
1081 2285 1107 2311 lu
1119 2286 1174 2316 ed.,
1189 2285 1278 2311 αὐτόν.

1049 2321 1105 2354 (14)
1123 2320 1278 2355 Κρεμᾱται.
1310 2320 1374 2355 lieg.
1399 2320 1455 2352 bm,
1471 2320 1570 2355 aliique
1587 2319 1719 2352 nonnulli,
1737 2328 1803 2356 κρε-

1031 2364 1120 2383 ναταμ

1010 2365 1177 2426 μνῧὲῧιὶὶὺχ
1190 2391 1230 2424 ὡς
1243 2391 1348 2423 τύπος,
1365 2395 1417 2418 etc.
1441 2400 1450 2416 ι
1463 2390 1619 2426 Gregorius,
1641 2390 1728 2424 inquit
1753 2391 1802 2418 Ni-

1009 2431 1095 2460 cctas,
1113 2432 1265 2460 serpentem
1292 2434 1396 2453 anteum
1422 2426 1521 2452 Christi
1546 2431 1637 2460 typum
1663 2426 1802 2460 haudqua-

1008 2469 1090 2495 quam
1112 2469 1172 2488 esse
1188 2467 1280 2489 censet
1301 2461 1399 2496 (neque
1414 2461 1454 2488 fas
1480 2466 1522 2488 est
1546 2469 1578 2487 at:
1598 2461 1670 2490 pium
1691 2468 1802 2494 perver-

1008 2503 1066 2523 sum
1080 2497 1205 2528 spiritum
1225 2495 1324 2524 Christi
1347 2502 1438 2531 typum
1456 2495 1573 2531 vocari);
1592 2503 1684 2522 verum
1702 2497 1802 2530 altlily-

1009 2539 1082 2566 pum,
1104 2532 1129 2558 id
1157 2537 1208 2564 est,
1230 2532 1391 2559 contrariam
1411 2531 1534 2565 ﬁguram.
1565 2532 1669 2557 Etenim
1689 2537 1802 2565 serpens

1009 2574 1022 2592 a
1038 2567 1169 2601 principio
1187 2567 1287 2594 homini
1306 2567 1418 2593 erilium
1442 2566 1541 2598 attulit,
1559 2566 1682 2593 Christus
1708 2574 1800 2593 autem

1009 2607 1102 2636 postea
1117 2602 1241 2629 salutem.
1258 2611 1267 2628 ι

1044 2637 1100 2671 (16)
1120 2637 1186 2663 ’Υπ’
1197 2637 1299 2664 αὐτόν.
1314 2636 1360 2663 Sic
1378 2637 1459 2671 Regg.
1472 2636 1526 2670 bm,
1536 2636 1582 2670 ph,
1594 2635 1640 2664 0r.
1653 2637 1678 2669 1,
1693 2636 1798 2668 Cmnb..

1008 2677 1060 2699 etc.
1080 2672 1106 2698 lu
1126 2673 1182 2705 cd.,
1201 2672 1245 2698 ὑπ’
1262 2671 1345 2706 αὐτῷ.
1610 2704 1620 2706 _
1727 2672 1731 2677 '

1044 2707 1097 2742 (l7)
1114 2708 1252 2740 Ἀπνους.
1268 2704 1362 2734 Plui-cs
1377 2706 1456 2734 codd.
1470 2707 1581 2738 addunt,
1596 2704 1630 2733 εἴ.

1043 2742 1099 2777 (18)
1118 2743 1162 2769 Τό.
1176 2743 1241 2777 Reg.
1262 2742 1318 2772 bm,
1331 2751 1367 2768 τι.

1044 2778 1100 2814 (19)
1117 2776 1379 2812 Στηλιέευόμεφός.
1404 2776 1465 2804 Bill.
1496 2777 1623 2804 (decoris
1636 2781 1662 2804 et
1683 2777 1785 2812 iguom.

1009 2814 1060 2840 nizr.
1075 2814 1145 2840 notis
1166 2819 1281 2839 tnustns.
1298 2822 1307 2837 ι

1043 2848 1369 2889 (20)(11εταᾼηψόμεθα.
1400 2848 1466 2884 Reg.
1490 2849 1536 2884 ph,
1569 2845 1800 2884 μεταληψώμεοα,

1011 2893 1020 2910 ι
1033 2891 1178 2919 partietpes
1194 2891 1288 2911 snnus.
1301 2893 1311 2910 ι
