2027 3135
202 178 254 207 (61

683 179 812 206 ORATIO
834 179 912 206 XLV.
933 196 965 201 »-
987 181 1020 207 IN
1041 180 1204 209 SANCTUM
1223 179 1368 207 PASCHA.

1771 178 1826 204 fit}?

202 238 351 273 μᾶλλονδὲ,
368 239 438 264 τίσιν
453 239 519 274 ἀφῇ,
540 239 594 270 τοῖς
611 239 767 274 συναιροῦσι
781 239 883 272 κακῶς,
899 241 915 275 ἢ
935 242 984 272 τοῖς

1042 241 1173 275 :uljimgis.
1197 241 1284 272 Proh,
1303 239 1390 274 qualia
1405 238 1522 266 Verbum
1543 246 1614 265 ntmc
1635 246 1741 273 quoque
1755 239 1824 272 pati-

199 284 328 318 τέμνουσι
343 293 350 316 ;
366 278 421 310 Καὶ
435 284 488 319 γὰρ
506 285 647 316 κάκείνους
663 285 777 320 διαιρεῖν
793 285 856 317 ἔδει,
871 287 917 313 καὶ
927 287 988 313 τού-

198 339 261 361 τους
286 329 441 356 συνάπτειν·
467 331 528 362 τοὺς
552 331 600 366 μὲν
630 330 669 365 τῷ
696 331 813 367 ἀριθμῷ,
837 332 899 363 τοὺς
914 332 941 358 δὲ
957 334 988 368 τῇ

198 375 322 410 θεότητι.
338 376 524 410 Προσκὸπτεις
535 378 568 411 τῇ
588 377 686 412 σαρκί;
703 377 782 403 τοῦτο
795 378 841 403 καὶ
859 377 987 404 Ἰουδαῖοι.

200 421 237 447 Ἥ
258 421 305 447 καὶ
324 421 495 456 Σαμαρείτην
522 422 668 454 ἀποκαλεῖς
688 422 789 457 (καὶτὸ
807 423 869 457 ἑξῆς
888 425 989 459 σιωπή-

201 467 295 502 σομαι)
306 475 312 499 ;
328 467 452 498 ἀπιστεῖς
464 468 496 502 τῇ
508 467 620 502 Θεὸτητι
633 476 639 500 ;
653 467 732 494 τοῦτο
743 468 803 494 οὐδὲ
817 469 841 494 οἱ
853 468 986 503 δαίμονες.

198 510 234 538 Ὦ
249 513 295 539 καὶ
305 513 438 547 δαιμόνων
453 513 615 549 ἁπιςτότερε
630 514 673 546 σὺ,
687 514 733 540 καὶ
753 514 886 540 Ἰουδαίων
905 515 989 548 ἀγνω-

199 558 360 594 μονέςτερεῑ
386 559 498 586 Ἐκεῖνοι
511 560 560 594 τὴν
574 559 620 586 τοῦ
634 559 696 586 Υἱοῦ
716 560 898 595 προσηγορίαν
922 561 988 595 ὀμο-

198 604 292 639 τιμίας
318 606 409 641 φωνὴν
426 606 564 641 ὲνὸμισαν-
590 603 661 632 οὗτοι
680 606 724 632 τὸν
750 606 895 633 ἐλαύνοντα
922 606 987 631 Θεὸν

199 651 308 686 ᾔδεσαν·
327 651 465 678 ἐπείθοντο
477 651 531 687 γὰρ
556 651 585 684 ἐξ
609 648 645 678 ὦν
662 651 788 686 ἔπασχον.
816 653 850 678 Σὺ
872 652 909 684 δὲ,
927 652 987 678 οὐδὲ

197 699 248 732 τὴν
258 698 368 733 ἰσότητα
376 697 451 733 δέχῃ,
469 697 527 723 οὐδὲ
542 698 682 733 ὁμολογεῖς
694 697 742 733 τὴν
752 698 880 733 Θεότητα.
891 699 987 734 Κρεῖτ-

197 752 244 770 τον
263 741 297 779 ἦν
313 753 353 770 σοι
371 743 586 780 περιτετμῆσοαι
601 745 646 770 καὶ
672 743 811 778 δαιμονᾷν,
830 743 862 769 ἵν’
876 743 945 770 εἴπω
961 752 986 770 τι

199 790 245 816 καὶ
258 789 383 824 γελοίως,
408 789 423 824 ἢ
447 790 475 816 ὲν
489 790 655 825 ἀκροὸυστὶᾳ
672 790 720 816 καὶ
735 789 824 824 ὑγιείᾳ
838 789 986 816 διακεῖσθαι

199 836 326 873 πονηρῶς
341 837 388 863 καὶ
402 836 497 868 ἀθέως.
519 836 587 866 Ἀλλ’
605 837 618 862 ὁ
636 836 685 871 μὲν
698 837 765 872 πρὸς
777 836 895 868 ἐκείνους
909 836 987 862 πόλε-

201 891 252 917 μος
274 882 290 917 ἢ
307 882 492 914 καταλυέσοω,
509 881 558 916 ὀψὲ
574 881 637 916 γοῦν
662 882 890 916 σωφρονήσαντας
909 881 986 916 εἴπερ

1041 288 1102 314 tur!
1117 287 1157 314 Ab
1169 287 1228 314 aliis
1242 291 1271 313 ιιι
1287 285 1359 313 Deus
1380 285 1529 312 honoratur
1545 289 1572 311 et
1587 285 1756 311 contrahitur
1768 294 1775 312 :
1789 286 1822 311 ab

1040 333 1110 365 aliis,
1127 339 1155 359 ut
1171 341 1246 364 caro,
1259 332 1451 361 contemnitur.
1469 338 1500 357 ac
1514 336 1664 364 separatur.
1679 331 1752 359 Utris
1764 340 1822 360 am-

1040 379 1109 414 plius
1129 378 1281 406 irascetur?
1293 377 1340 405 Vel
1356 377 1460 411 potius,
1474 377 1541 403 utris
1559 376 1738 409 condonabit,
1753 378 1822 404 iisne

1039 425 1083 459 qui
1096 424 1165 451 male
1179 424 1350 455 contrahunt,
1368 431 1401 450 an
1420 422 1464 458 qui
1481 422 1623 449 scindunt?
1640 421 1705 449 Nam
1721 428 1748 449 et
1763 423 1822 450 illos

1039 471 1172 504 dividere,
1183 471 1271 498 ethos
1280 470 1442 497 contrahere
1451 470 1607 503 oportebat;
1619 468 1688 501 illos,
1700 470 1824 504 inquam,

1038 522 1163 547 numero,
1176 516 1225 543 hos
1236 515 1350 543 Deitale.
1366 514 1493 549 lntpingis
1506 515 1538 540 ad
1554 513 1681 541 carnem?
1700 518 1725 540 et
1736 513 1821 540 Judaei

1038 569 1143 596 quoque
1159 562 1191 588 ad
1205 569 1264 588 eam
1288 561 1468 595 impegerunt.
1487 559 1555 587 Nutu
1575 560 1657 595 867
1671 559 1821 587 Samarita-

1039 614 1101 632 nutu
1118 606 1198 632 etiam
1216 606 1324 632 vocabis
1341 605 1347 620 '
1361 605 1373 630 ?
1389 604 1456 631 Nam
1475 604 1545 640 quod
1565 604 1697 639 sequitur,
1717 605 1820 631 tacebo.

1038 652 1133 679 Deitati
1165 652 1242 678 [idem
1267 652 1400 686 abrogas?
1426 651 1481 678 lloc
1506 659 1539 678 ne
1563 652 1697 678 dzemones
1714 651 1821 685 quidem

1038 697 1087 732 ipsi
1104 698 1234 725 fecerunt.
1251 698 1289 724 lta
1304 702 1330 725 et
1349 697 1442 732 judicii
1460 697 1636 732 perversitate
1651 695 1775 727 Jutlmos,
1793 701 1821 722 et.

1037 745 1226 772 incredulitate
1250 745 1386 772 dmmones
1402 751 1525 778 Superas.
1545 743 1584 770 Illi
1607 743 1678 770 enim
1697 742 1758 769 Filii
1775 749 1817 769 vo-

1037 789 1160 817 cabulum
1171 810 1178 822 ,
1201 790 1361 824 :equalitatis
1383 797 1475 817 vocem
1493 797 1552 817 esse
1567 793 1729 816 censuerunt
1741 790 1752 804 ¹
1767 797 1774 815 :
1791 789 1818 815 hi

1036 840 1125 863 autem
1145 843 1302 870 eum,aquo
1318 835 1492 871 fugabantur,
1508 835 1592 862 Deum
1609 835 1814 870 agnoverunt’;

1037 881 1173 909 doloribus
1190 881 1327 915 nimirum,
1342 889 1410 916 quos
1423 882 1586 915 sentiebant,
1601 881 1679 908 fidem
1700 881 1765 916 ipsis
1779 881 1819 907 fa-

198 927 354 963 ὲοέλοιεν,ἧ
369 927 573 962 ἀναϐεϐλήσθω,
587 927 623 962 μὴ
641 927 822 962 βουλομένων,
841 927 898 954 ἀλλ’
909 927 983 962 ἐχόνο

1037 927 1179 954 cientibus.
1195 928 1230 954 At
1243 932 1281 961 tu,
1294 935 1343 955 nec
1355 928 1533 962 aequalitatem
1550 927 1680 959 admittis,
1696 936 1745 954 nec
1759 927 1819 955 Dci-

196 982 250 1000 των
265 974 303 1005 ὡς
316 973 432 1008 ἔχουσιν.
447 974 558 1004 Πάντως
574 973 600 1000 δὲ
617 973 672 1009 (48)
686 973 760 1000 οὐδὲν
775 973 984 1010 δείσομεν,ὑπὲρ

195 1019 245 1055 τῆς
257 1020 380 1056 Τριάδος,
394 1019 462 1055 μετὰ
477 1020 526 1055 τῆς
539 1019 653 1056 Τριάδος
674 1019 728 1054 (l9)
752 1019 956 1054 ἀγωνιζόμενοι.

1039 978 1118 1000 tatcm
1131 973 1377 1008 confiteris..Salius
1390 974 1436 1001 tibi
1449 973 1536 1001 fuerat
1545 974 1734 1001 circmncisum
1746 981 1817 1006 esse,

1038 1027 1069 1046 ac
1084 1019 1212 1047 dammnis
1226 1019 1389 1055 intemperiis
1409 1021 1522 1055 agitari,
1544 1024 1573 1046 ut.
1590 1018 1702 1046 ridicule
1718 1019 1819 1054 aliquid

196 1067 287 1094 dicam
300 1090 306 1098 ,
325 1076 405 1103 quam
422 1069 448 1095 in
464 1068 594 1103 praeputio
607 1088 614 1100 ,
638 1073 665 1095 et
680 1067 806 1095 incolumi
823 1068 985 1100 valetudine,
1005 1075 1086 1102 prave
1109 1073 1190 1103 atque
1214 1068 1296 1103 impie
1317 1068 1427 1096 sentire.
1461 1068 1513 1096 Sed
1547 1068 1645 1096 bellum
1664 1067 1732 1099 hoc,
1748 1069 1819 1102 quod

197 1124 259 1143 cunt
277 1116 329 1144 illis
346 1116 464 1152 gerimus
476 1136 483 1148 ,
498 1116 539 1144 vel
556 1116 757 1150 comprimatur,
775 1115 797 1142 si
831 1116 917 1143 serius
945 1116 1071 1150 quidem,
1104 1116 1150 1143 sed
1179 1120 1267 1143 tamen
1300 1115 1459 1150 aliquando,
1485 1116 1620 1142 meliorem
1639 1121 1754 1142 mentem
1774 1115 1817 1141 in-

197 1163 281 1190 duere
303 1164 399 1198 velint;
418 1163 473 1196 vel,
499 1163 521 1191 si
538 1164 564 1190 id
579 1163 668 1190 facere
687 1167 830 1195 recusent,
855 1167 935 1197 atque
955 1163 980 1190 in
997 1163 1128 1190 sententia
1146 1168 1289 1195 maneant,
1310 1162 1336 1188 in
1359 1167 1464 1197 tempus
1496 1162 1568 1189 aliud
1599 1161 1747 1188 differatur.
1761 1159 1819 1188 Nec

197 1211 271 1237 enim
294 1210 416 1245 profecto
435 1211 580 1246 quidquam
601 1211 817 1242 extimescemus,
836 1218 883 1243 pro
894 1209 1037 1243 Trinitate,
1058 1215 1084 1238 et
1100 1218 1161 1238 cum
1177 1211 1309 1238 Trinitate
1326 1211 1492 1238 dimicantes.

232 1257 299 1283 Kll'.
318 1256 374 1283 Νῦν
404 1257 433 1283 δὲ
453 1257 600 1291 ἀναγκαῖον
617 1257 681 1292 ἡμῖν
700 1256 770 1283 οὕτω
801 1256 985 1290 κεφαλαιῶςαι

156 1322 159 1324 η
195 1303 240 1329 τὸν
260 1302 347 1337 λόγον·
366 1303 530 1338 Γεγόναμεν,
545 1303 579 1328 ἶν’
599 1301 628 1329 εὖ
651 1302 790 1338 πάθωμεψ
808 1300 837 1329 εὖ
850 1302 985 1329 πεπόνθα-

197 1357 257 1383 μεν,
274 1349 368 1384 ὲπειδὴ
380 1349 435 1383 (50)
453 1349 614 1384 γεγόναμεν.
631 1349 681 1375 Τὸν
696 1348 856 1384 παράδεισον
867 1349 986 1375 ἐπιστεύ-

196 1395 295 1429 Οημεν,
310 1394 353 1421 ἵνα
365 1395 559 1430 τρυφήσωμεν.
575 1395 698 1430 Ἑντο).ὴν
711 1394 852 1429 ἐλάϐομεν,
869 1394 903 1420 ἵν’
913 1394 986 1420 εὐδο-

194 1441 357 1475 κμὴσωμεν
375 1440 476 1475 ταύτην
505 1440 680 1474 φυλάξαντες
697 1440 746 1466 οὐκ
763 1439 922 1474 ἀγνοοῦντος
935 1439 982 1466 τοῦ

193 1485 262 1512 Θεοῦ
276 1485 306 1512 τὸ
326 1485 464 1520 ἐσόμενον,
485 1486 552 1512 ἀλλὰ
577 1485 784 1521 νομοθετοῦντος
799 1485 829 1511 τὸ
856 1484 982 1517 αὐτεξού-

195 1541 252 1558 σιον
272 1533 338 1568 (51).
367 1533 571 1569 Ἠπατήθημεν,
588 1533 682 1568 ἐπειδὴ
707 1532 894 1568 ἐφθονήθημεν
913 1532 980 1568 (32)⁴

195 1578 430 1614 ἐκπεπτώκαμεν,
457 1579 550 1614 ἐπειδὴ
574 1579 743 1614 παρέϐημεψ
774 1579 983 1614 ὲνηστεύσαμεν,

196 1624 291 1660 ἐπειδὴ
315 1624 352 1659 μὴ
377 1624 593 1660 ὲνηστεὺσαμεν,
621 1624 667 1650 τοῦ
694 1623 771 1656 ξύλου
795 1625 844 1659 τῆς
859 1623 984 1658 γνώσεως

195 1670 440 1706 ὑποκρατηοέντες.
461 1671 574 1707 Ἀρχαία
593 1670 648 1706 γὰρ
659 1669 692 1706 ἦν
706 1672 722 1706 ἡ
738 1670 841 1705 ἐντολὴ,
855 1671 900 1696 καὶ
919 1671 984 1706 ἡμῖν

194 1716 340 1751 ὀμόχρονος
356 1715 445 1751 ψυχῆς
469 1725 509 1748 τις
528 1714 594 1742 οὖσα
613 1715 793 1750 παιδαγωγία,
823 1717 868 1742 καὶ
882 1717 984 1752 τρυφῆς

196 1761 382 1797 σωφρὸνισμα·
399 1762 432 1797 ἢν
445 1761 632 1797 ὲπετάχθημεν
655 1761 779 1793 εἰκότως,
794 1761 826 1787 ἵν’
845 1761 859 1787 ὃ
881 1761 919 1796 μὴ
935 1770 985 1795 φυ-

195 1806 325 1838 λάξαντες
338 1807 581 1842 ἀποϐεϐλήκαμεν,
606 1806 770 1841 φυλάξαντες
793 1807 981 1842 ἀπολάϐωμεν.

203 1852 367 1888 Ἐδεήοημεν
380 1853 446 1879 Θεοῦ
465 1852 651 1888 σαρκουμένου
668 1853 715 1879 κα)⁵
733 1852 924 1888 νεκρουμένου,
941 1853 983 1879 ἵνα

197 1897 333 1933 ζήςωμεν·
353 1898 604 1934 συνενεκρώθημεν,
632 1899 675 1926 ἵνα
692 1898 865 1934 καθαρῶμεν·
890 1907 984 1925 συναν-

195 1943 327 1979 άστημεν,
358 1944 449 1980 ἐπειδὴ
475 1943 724 1980 συνενεκρώθημεν·
743 1943 982 1980 συνεδοξάσθημεν,

197 1990 290 2026 ἐπειδὴ
299 1991 455 2025 ’συνανέστη
461 1999 518 2025 μεν.

1070 1257 1188 1285 XXVIII.
1200 1257 1276 1284 Nunc
1287 1263 1376 1285 autem
1390 1257 1466 1284 nobis
1479 1257 1629 1284 faciendum
1644 1261 1694 1288 est,
1713 1261 1741 1283 ut
1756 1264 1818 1283 ora-

1035 1302 1133 1330 tionem
1151 1303 1177 1329 in
1200 1310 1331 1330 summam
1349 1303 1384 1329 ita
1409 1302 1688 1337 colligamus:Creati
1713 1309 1818 1334 sumus,

1035 1354 1064 1375 ut
1094 1348 1223 1376 beneﬁcio
1253 1349 1446 1376 alliceremur:
1469 1348 1626 1375 beneficium
1655 1348 1818 1382 accepimus.

1035 1399 1174 1429 postquam
1208 1395 1290 1422 creati
1323 1402 1426 1422 smnus.
1461 1394 1607 1421 Paradisus
1634 1394 1694 1421 lidei
1721 1398 1820 1420 nostra:

1036 1441 1196 1468 connnissus
1216 1446 1274 1474 est,
1299 1445 1332 1469 ,ιιι
1353 1440 1457 1468 deliciis
1485 1440 1644 1468 frueremur.
1667 1439 1825 1466 Mandatum»

1035 1487 1204 1521 accepimus,
1223 1491 1268 1519 ut,
1282 1493 1316 1526 _eo
1331 1492 1453 1518 servato,
1473 1486 1584 1521 gloriam
1598 1493 1817 1520 assequcremur;

1036 1540 1087 1560 non
1103 1533 1174 1567 quod
1188 1532 1258 1560 Deus
1271 1533 1308 1565 id,
1320 1533 1391 1568 quod
1403 1532 1520 1559 futurum
1533 1536 1602 1564 erat,
1615 1532 1761 1566 ignoraret,
1773 1531 1818 1557 sed

1036 1579 1107 1613 quod
1128 1579 1239 1606 arbitrio
1258 1578 1343 1614 legem
1361 1578 1557 1613 praescriberet.
1579 1577 1687 1611 Decepti
1707 1576 1818 1607 fuimus,

1036 1626 1162 1659 quoniam
1180 1625 1330 1651 commodis
1344 1623 1443 1651 nostris
1457 1624 1572 1650 invisum
1585 1628 1636 1650 est.
1652 1622 1818 1652 Excidinms.

1036 1672 1161 1706 quoniam
1184 1671 1339 1698 mandatum
1365 1670 1526 1705 transgressi
1551 1678 1654 1696 sumus.
1683 1668 1818 1703 Jejunavi-

1037 1724 1108 1748 mus,
1119 1717 1244 1751 quoniam
1258 1724 1308 1743 non
1317 1715 1508 1750 jejunavintus,
1517 1715 1579 1751 ligni
1593 1715 1719 1742 nimirum
1731 1715 1819 1742 scien-

1037 1763 1080 1790 tia:
1107 1764 1239 1789 suavitate
1264 1762 1364 1789 deliniti
1393 1769 1425 1788 ac
1450 1762 1556 1788 devicti.
1583 1762 1730 1795 Antiquum
1748 1761 1820 1787 enim

1038 1808 1087 1834 hoc
1103 1808 1257 1834 mandatum
1274 1811 1343 1838 erat,
1357 1807 1487 1841 nobisque
1508 1812 1731 1840 contemporanea
1745 1813 1820 1839 quaa-

1038 1853 1097 1879 dam
1119 1852 1214 1878 anima:
1237 1851 1395 1886 disciplina,
1423 1859 1453 1878 ac
1481 1851 1636 1878 deliciarum
1652 1851 1793 1884 castigatio
1811 1859 1818 1876 :

1037 1898 1108 1933 quod
1123 1905 1175 1924 non
1190 1898 1238 1925 abs
1253 1905 1282 1924 re
1295 1897 1372 1924 nobis
1385 1897 1512 1924 indictum
1528 1901 1580 1929 est,
1599 1901 1628 1923 ut
1639 1895 1708 1930 quod
1722 1903 1753 1922 eo
1766 1903 1819 1922 non

1038 1948 1145 1972 servato
1156 1943 1337 1979 perdidimus,
1358 1947 1463 1970 serVato
1479 1949 1678 1978 recupcremus.
1691 1941 1763 1976 Opus
1774 1941 1820 1968 ha-

1039 1990 1145 2017 huimus
1161 1989 1224 2021 Deo,
1238 1989 1283 2023 qui
1296 1996 1404 2016 carnem
1418 1989 1553 2023 acciperet
1565 1995 1596 2015 ac
1610 1992 1771 2019 moreretur,
1790 1991 1820 2013 ιιι

198 2037 333 2062 vivamus.
364 2035 530 2063 Commortui
553 2042 662 2068 sumus,
683 2039 713 2061 ut
739 2042 901 2070 purgemur;
928 2034 1006 2062 simul
1026 2035 1239 2068 resurreximus,
1265 2035 1391 2070 quoniam
1422 2034 1501 2062 simul
1525 2034 1624 2061 mortui
1652 2041 1760 2066 sumus;
1777 2033 1816 2060 si-

197 2081 252 2108 mul
273 2081 416 2116 glorilicati
439 2089 550 2112 sumus.
567 2081 692 2114 quoniam
723 2080 802 2108 simul
822 2081 1029 2108 reSurreximus.

234 2127 298 2154 κθι.
317 2126 407 2154 Πολλὰ
422 2126 472 2162 μὲν
492 2126 524 2161 δὴ
543 2126 591 2152 τος
605 2126 665 2152 τότε
681 2125 778 2162 καιροῦ
796 2126 828 2152 τὰ
846 2126 983 2161 θαύματα¹

1076 2126 1168 2154 XXlX.
1185 2126 1312 2159 Quamvis
1330 2130 1419 2152 autem
1443 2125 1574 2160 permulta
1597 2125 1668 2152 illius
1691 2124 1820 2159 temporis

196 2171 263 2202 θεὸς
279 2169 489 2206 σταυρούμενος,
512 2170 587 2205 ἥλιος
618 2170 816 2206 σκοτιςόμενος,
843 2171 889 2197 καὶ
905 2171 983 2197 πάλιν

196 2216 413 2251 ἁναφλεγόμενος
431 2216 494 2250 (ἔδει
504 2216 558 2251 γὰρ
567 2216 604 2250 τῷ
616 2216 719 2252 Κτίστῃ
731 2215 881 2251 συμπαθεῖν
894 2217 939 2243 καὶ
950 2216 984 2243 τὰ

197 2262 352 2297 κτίσματα)·
363 2262 561 2297 καταπέτασμα
578 2261 746 2296 σχιζόμενον,
762 2259 830 2296 αἷμα
848 2262 894 2288 καὶ
912 2261 984 2296 ὕδωρ

195 2309 246 2341 τῆς
261 2308 381 2344 πλευρᾶς
393 2308 530 2344 χεόμενον·
549 2307 578 2333 τὺ
594 2308 652 2343 μὲν,
669 2308 707 2340 ὡς
731 2306 884 2342 ἀνθρώπου,
898 2307 928 2333 τὸ
944 2307 982 2340 δὲ,

196 2355 235 2386 ὡς
249 2355 320 2390 ὑπὲρ
337 2354 490 2390 ἄνθρωπον·
513 2354 549 2389 γῆ
571 2353 707 2388 σειομένη,
735 2353 832 2388 πέτραι
848 2353 916 2388 ὑπὲρ
933 2353 982 2388 τῆς

196 2401 299 2436 πέτρας
312 2400 368 2436 (55)
384 2400 562 2435 ῥηγνύμεναι,
579 2400 668 2435 νεκροὶ
690 2399 863 2434 ἀνιστάμενοι
878 2399 918 2430 εἰς
935 2399 981 2425 πί-

197 2456 255 2474 στιν
267 2446 317 2482 τῆς
332 2446 489 2477 τελευταίας
501 2446 548 2473 καὶ
565 2446 656 2480 κοινῆς
679 2445 864 2476 ἀναστάσεως·
879 2444 912 2471 τὰ
936 2445 982 2471 ἐπὶ

233 2537 240 2551 ¹
259 2535 336 2563 Joan.
359 2543 416 2566 νιιι,
433 2535 475 2563 48.
515 2537 524 2551 ¹
539 2535 620 2563 Marc.
639 2543 665 2567 ν,
681 2536 707 2561 7.
745 2534 754 2549 ³
769 2533 834 2562 ibid.
853 2533 886 2561 Ην
917 2541 976 2568 sqq.

232 2620 287 2656 (48)
302 2621 424 2655 Πάντως
436 2622 478 2649 δέ.
509 2622 554 2649 Sic
571 2621 637 2656 Reg.
655 2622 702 2656 ph.
725 2621 770 2648 Sic
783 2622 864 2648 etiam
877 2621 982 2648 videtur

197 2655 295 2690 legisse
309 2656 369 2682 Bill.
383 2656 461 2684 Deest
471 2657 499 2683 δέ
515 2657 540 2683 in
554 2659 598 2683 ed.

231 2691 288 2725 ($9)
304 2691 385 2718 Μετὰ
400 2691 456 2726 τῆς
467 2691 598 2725 Τριάδος.
614 2701 623 2716 ι
635 2691 701 2718 Cum
712 2691 852 2723 Trinitate,
865 2700 875 2717 ι
891 2691 915 2718 id
931 2696 981 2724 est,

199 2735 209 2751 ι
223 2727 333 2759 auspice
346 2726 486 2753 Trinitate.
501 2737 510 2753 ι

232 2761 289 2795 (50)
312 2761 440 2794 Ἐπειδὴ.
455 2762 536 2789 Coisl.
558 2762 584 2794 f,
597 2763 648 2788 ὅτι.

234 2796 290 2831 (51)
327 2796 419 2823 Ἀλλὰ
446 2797 677 2831 νομοθετοῦντος
707 2795 741 2822 τὸ
774 2796 980 2828 αὐτεξούσιον.

200 2831 273 2857 «Sed
285 2832 357 2865 quod
377 2831 489 2858 arbitrio
519 2832 602 2866 legem
629 2831 828 2865 praescriberet,
843 2840 853 2857 ι
880 2832 906 2858 id
925 2837 977 2864 est,

199 2866 285 2901 ipsum
322 2866 462 2893 arbitrium
488 2867 536 2901 legi
555 2866 708 2901 subiiceret,
740 2866 796 2901 lege
826 2866 976 2893 frenaret.»

197 2900 254 2928 Non
272 2906 347 2928 recte
361 2900 451 2928 Dillius
469 2910 475 2928 :
504 2900 597 2935 (quod
626 2901 774 2929 libertatem
803 2901 906 2929 arbitrii
926 2902 982 2937 lege

1037 2172 1164 2199 miracula
1183 2172 1302 2199 fuerint:
1318 2171 1388 2198 Deus
1417 2179 1512 2205 nempe
1535 2171 1560 2198 in
1582 2178 1663 2198 cruce
1689 2171 1818 2205 pendens,

1037 2217 1076 2244 sol
1089 2219 1247 2245 obscuratus
1263 2225 1293 2244 ac
1309 2225 1404 2244 rursus
1427 2216 1606 2244 inflammatus
1626 2217 1698 2252 (nam
1716 2221 1820 2243 creatu-

1038 2270 1082 2290 ras
1104 2269 1208 2297 quoque
1230 2262 1352 2290 Creatori
1381 2262 1524 2290 condolere
1548 2263 1714 2298 oportebat);
1733 2262 1819 2289 velum

1037 2309 1162 2342 scissum,
1183 2309 1292 2344 sanguis
1306 2314 1333 2336 et
1349 2316 1419 2343 aqua
1437 2316 1469 2336 ex
1487 2308 1569 2336 latere
1586 2308 1762 2344 proﬂuentes;
1782 2307 1820 2335 al-

1037 2360 1122 2382 terunt
1133 2375 1141 2387 ,
1154 2359 1183 2381 ut
1195 2354 1324 2387 hominis;
1342 2355 1474 2387 alterunt,
1492 2358 1521 2381 ut
1533 2354 1648 2381 humana
1665 2354 1820 2381 conditione

1037 2399 1162 2433 majoris;
1193 2405 1263 2426 terra
1294 2404 1410 2427 tremore
1441 2407 1593 2433 concussa,
1625 2400 1710 2436 868
1737 2404 1819 2434 petra:

1035 2452 1144 2480 propter
1162 2450 1263 2480 petram
1282 2450 1434 2481 perruptm,
1451 2447 1550 2473 mortui
1565 2447 1597 2473 ad
1617 2447 1694 2473 fidem
1715 2451 1806 2480 postre

1038 2623 1193 2654 sanciret”
1212 2622 1290 2656 quasi
1307 2621 1420 2649 liberum
1449 2621 1589 2648 arbitrium
1617 2629 1669 2648 non
1697 2626 1767 2649 esset
1779 2622 1819 2649 vis

1037 2657 1125 2684 nativa
1144 2656 1346 2692 ltominis,rsed
1377 2656 1483 2690 aliquod
1514 2656 1659 2689 factitium,
1684 2662 1818 2692 prteepto

1037 2692 1223 2722 constitutum.
1238 2696 1265 2718 et
1281 2691 1337 2726 lege
1352 2692 1495 2718 sancitum.

1071 2726 1126 2762 (52)
1147 2726 1375 2762 Ἐφθσνήθημεν.
1404 2726 1448 2752 Sic
1474 2726 1563 2760 plures
1581 2727 1664 2762 Regg.
1680 2726 1818 2762 etiﬁolhq

1035 2761 1116 2788 Coisl.
1131 2762 1158 2793 1,
1189 2762 1260 2793 Pan.
1274 2761 1382 2794 Comb.,
1395 2765 1448 2789 etc.
1479 2761 1524 2788 Sic
1540 2761 1702 2797 etiam’legit.
1713 2761 1773 2789 Bill’.
1790 2763 1817 2789 ln

1035 2797 1090 2826 ed..
1103 2796 1301 2831 ὲφθονήσαμεν.
1358 2830 1361 2831 ν
1378 2807 1380 2810 ν
1611 2797 1613 2799 ’

1145 2830 1301 2866 ’Υπέρεῆς
1326 2830 1443 2866 πέτρας.
1463 2834 1524 2862 Ηπο
1549 2833 1643 2860 desunt
1659 2833 1685 2860 in
1699 2831 1820 2868 pluribus

1035 2874 1111 2894 couu.
