2027 3135
264 185 317 213 6³10

796 181 963 209 LlTL'RGlA
983 181 1012 209 S.
1031 178 1197 207 CREGORll
1217 176 1376 205 COPTICA.

1838 180 1893 207 680

263 242 435 273 incruentum
467 241 506 277 (Ξ)
525 247 586 268 eum
607 239 771 267 conscientia
790 246 868 274 pura,
883 239 908 265 itt
921 237 1058 267 remissio-
1073 244 1096 271 Α
1111 235 1199 266 ruisti,
1224 239 1251 262 et
1278 234 1432 262 inimicitias
1453 234 1558 268 priores
1580 233 1699 260 delevist-i
1714 242 1723 259 :
1744 235 1898 263 conciliasti

265 297 325 316 nent
348 292 517 322 peccatorum
545 292 571 314 et
596 286 769 321 iniquitatum
793 291 926 316 mearum,
947 283 1052 309 veniant

265 334 422 360 delictorum
449 333 537 367 populi
558 332 606 364 ttti,
626 331 746 365 requiem
765 335 791 357 et
812 329 980 363 refrigerium
1002 328 1053 353 l‘a-

265 385 336 406 trum
367 383 532 408 nostrorum.
559 377 602 411 qui
633 377 697 403 olim
726 376 931 402 obdormieruut
954 376 979 401 in
1002 374 1054 400 ittle

266 424 414 451 orthodoxa
433 432 440 448 :
458 423 490 450 ad
511 422 716 450 aedificationem
739 421 828 456 populi
855 421 890 447 ttti
918 421 1008 452 totius,
1027 425 1054 446 et

266 469 299 495 ad
318 469 427 503 gloriam
444 473 526 500 tuam,
541 476 600 495 cum
618 467 686 494 Filio
701 472 746 494 tuo
769 467 908 502 ttnigcnito
929 466 1051 498 Domino,

267 516 321 541 Deo
345 520 371 541 et
391 514 529 540 Salvatore
555 519 647 540 nostro
672 512 733 540 Jesu
763 513 884 544 Christo,
908 517 934 539 et
952 512 1053 546 Spiritu

267 565 312 586 tuo
326 559 486 592 viviﬁcante,
502 559 600 593 tibique
616 559 849 590 consubstantiali,
867 565 948 590 nunc,
963 563 1016 585 etc.

491 605 582 631 Oratio
601 605 682 630 osculi
700 603 772 638 paris

266 652 309 683 (In
321 652 390 676 codd.
404 658 460 676 mss.
473 651 632 681 S.Gregorii;
645 648 670 674 in
689 648 745 674 aliis
757 649 876 674 S.Severi
889 649 1052 680 patriarchae.)

301 694 413 720 [Eterne
428 692 488 724 Fili,
509 693 553 727 qui
580 693 606 719 itt
625 693 818 725 sempiternum
835 691 973 722 subsistis,
989 698 1054 718 con-

265 739 451 766 substantialis
463 739 546 769 Patri,
564 738 655 772 illique
666 737 761 763 throno
775 742 800 764 et
814 736 950 763 creatione
962 743 1054 770 xequa-

266 786 298 812 lis
313 793 320 812 :
338 786 382 820 qui
399 785 455 812 sola
474 785 594 811 bonitate
607 791 639 811 ex
655 783 739 810 nihilo
756 782 842 810 fecisti
860 783 1006 814 hominem,
1027 785 1054 808 et

265 831 401 858 eotloeasti
418 838 478 857 eum
497 831 521 856 itt
537 830 660 864 paradiso
679 829 825 862 voluptatis
840 836 848 856 :
863 828 908 862 qui
926 836 985 854 cum
1007 835 1053 854 ce-

266 878 375 904 cidisset
400 884 448 912 per
472 878 658 910 deceptionem
680 875 794 906 inimici,
816 878 843 902 et
865 873 991 909 praecepti
1016 873 1052 900 ttti

1106 286 1228 308 terrenos
1242 288 1301 307 cum
1314 281 1515 312 cwlestibus,et
1527 279 1612 307 fecisti
1630 280 1662 307 de
1679 280 1785 309 duobus
1802 289 1897 313 unum,

1105 335 1152 362 per
1171 327 1395 362 dispensationem
1413 328 1439 354 in
1457 334 1558 354 carne:
1591 326 1736 353 ascendisti
1752 327 1781 354 in
1797 328 1897 355 cwlnm

1105 373 1291 407 corporaliter,
1307 377 1334 400 et
1349 372 1493 406 implevisti
1508 373 1599 399 omnia
1613 373 1755 400 divinitate
1775 378 1832 399 tua.
1858 373 1897 400 Tu

1106 419 1196 446 dixisti
1216 418 1355 453 discipulis
1377 418 1430 446 tuis
1453 419 1554 446 sanctis
1573 424 1600 445 et
1627 419 1766 453 apostolis,
1798 418 1896 446 Pacem

1105 472 1189 490 meam
1203 465 1236 490 do
1252 464 1332 496 vobis,
1352 471 1440 498 pacem
1453 472 1535 490 meum
1558 464 1676 499 relinquo
1692 465 1762 491 vobis
1773 464 1806 491 ".
1824 464 1897 492 Con-

1104 513 1169 539 cede
1183 511 1237 545 jam
1266 511 1342 538 nobis
1364 511 1448 543 illam,
1476 511 1604 543 Domine;
1625 516 1653 538 et
1676 511 1774 538 munda
1794 519 1845 538 nos
1863 513 1896 539 ab

1105 558 1177 584 omni
1199 557 1316 588 macula,
1335 557 1368 584 ab
1385 557 1458 584 omni
1472 557 1543 590 dolo,
1559 557 1592 584 ab
1605 557 1678 583 omtti
1694 556 1765 583 mala
1780 557 1894 590 malitia,

1106 603 1138 629 ab
1157 603 1231 629 omni
1254 601 1445 634 fraudulentia,
1472 607 1498 629 et
1525 602 1682 635 injuriarum
1706 601 1896 630 recordatiOne

1107 647 1244 674 mortifera
1265 656 1272 674 :
1296 652 1321 674 et
1338 647 1380 674 fac
1400 655 1448 674 nos
1471 655 1565 674 omnes
1586 647 1692 681 dignos,
1712 647 1839 678 Domine,
1867 652 1896 673 ut

1105 693 1254 720 salutemus
1266 693 1380 720 invicem
1398 693 1423 720 in
1443 693 1536 720 osculo
1559 698 1663 724 sancto,
1679 700 1769 726 neque
1784 693 1895 720 excida-

1105 746 1165 765 mus
1178 745 1227 773 per
1240 737 1371 773 judicium
1388 747 1402 765 a
1423 739 1501 766 donis
1522 739 1574 766 tuis
1597 739 1796 765 immortalibus
1816 743 1895 773 atque

1105 783 1276 816 coelestibus;
1299 791 1347 818 per
1365 784 1479 818 gratiam
1497 788 1570 810 tuam
1586 789 1613 810 et
1631 784 1827 818 benignitatem
1845 783 1894 811 Pa-

1106 829 1154 856 tris
1171 829 1220 862 tui,
1245 834 1272 856 et
1297 829 1482 863 Operationem
1510 827 1626 863 Spiritus
1649 829 1706 855 tui:
1727 834 1754 855 tu
1776 836 1807 856 es
1824 829 1895 855 enim

1104 875 1226 910 provisor
1238 879 1265 901 et
1276 875 1388 910 largitor
1399 875 1520 902 omnium
1538 875 1668 902 bonorutn
1682 884 1689 907 ;
1712 875 1817 910 tibique
1831 875 1895 902 off-:-

268 923 519 958 transgressionent,
536 922 642 949 voluisti
657 929 717 949 eum
733 928 864 948 renovare
881 925 906 947 et
921 920 947 946 in
965 919 1052 954 digni-
1068 931 1088 959 Β
1104 922 1187 948 rintus
1207 921 1320 955 gloriam
1343 926 1370 948 et
1393 922 1534 953 honorem,
1554 922 1781 956 magniﬁcentiam
1805 927 1833 948 et
1851 922 1896 949 ad-

266 972 347 996 tatem
366 977 440 996 suattt
459 969 599 1003 pristinam
614 968 755 994 restituere
770 975 775 992 :
793 974 845 993 non
861 965 981 1000 angelos,
996 973 1049 991 non

265 1014 451 1048 archangelos,
465 1022 516 1040 non
533 1014 713 1047 patriarchas,
733 1019 822 1046 neque
836 1011 981 1046 prophetas
1003 1018 1051 1037 vo-

266 1059 336 1087 luisti
359 1065 484 1086 auctores
509 1065 568 1085 esse
592 1063 691 1084 nostrm
715 1056 822 1087 salutis,
837 1054 886 1082 sed
908 1059 934 1081 ttt
951 1055 1052 1088 absque

266 1106 450 1132 immutatione
461 1112 569 1132 carnem
583 1103 764 1138 assumpsisti,
780 1107 807 1129 ct
822 1101 902 1128 honto
915 1100 1000 1128 factus
1011 1108 1050 1134 es,

265 1152 360 1179 similis
377 1151 454 1178 nobis
470 1151 496 1178 in
509 1150 642 1182 omnibus,
655 1155 766 1184 eacepto
780 1152 902 1183 peccato,
921 1147 1008 1174 factus
1022 1154 1052 1174 es

266 1199 342 1225 nobis
359 1197 490 1224 mediator
505 1204 568 1232 erga
581 1196 706 1228 Patrem;
721 1194 852 1230 parietem
878 1193 994 1221 medium
1011 1188 1052 1220 di-

301 1254 323 1270 "
334 1254 410 1281 Joan.
425 1261 480 1287 xiv,
496 1254 542 1281 27.

265 1310 318 1336 que
337 1301 486 1328 sentcntiaz.
504 1300 606 1331 Tertia,
622 1307 681 1335 quae
692 1300 725 1327 ad
742 1299 916 1336 Evangelium
933 1297 1046 1336 dicenda

265 1333 321 1368 est,
335 1344 383 1363 suo
401 1336 458 1363 loco
474 1343 525 1362 non
542 1341 583 1363 est
597 1333 681 1370 posita
694 1355 702 1365 .
716 1336 762 1362 sed
782 1333 933 1370 adhibenda
951 1334 983 1370 ad
1003 1333 1047 1370 lii-

265 1372 380 1407 tttrgiam
393 1372 482 1403 istam,
494 1368 608 1407 quando
625 1371 721 1407 legitur
735 1369 889 1407 evangelica
907 1368 995 1394 lectio.
1010 1368 1047 1395 Ea

264 1405 325 1442 (ιυιὲ
347 1405 507 1442 ὁὶεἱιιιι-γτοῡ
531 1406 793 1442 καταπετάεεματρς,
813 1405 908 1431 eadetn
925 1409 972 1442 est
989 1411 1048 1436 qu:e

264 1439 385 1469 occurrit
402 1442 427 1468 itt
447 1441 540 1468 Graeca
556 1442 662 1475 vulgata
682 1439 791 1472 Basilii,
811 1447 871 1467 eum
888 1439 984 1472 exigua
1001 1447 1047 1465 vo-

265 1485 326 1503 cum
353 1477 520 1503 diversitate.
545 1476 645 1510 Quarta
664 1476 770 1502 tandem
786 1483 818 1501 ea
838 1478 880 1502 est-
897 1481 958 1508 quae
981 1482 1048 1507 pnu-

266 1512 382 1538 mittitur
405 1512 430 1538 in
454 1512 546 1538 codice
564 1510 724 1545 [Egyptiaco
745 1520 752 1536 :
775 1518 835 1545 eam
858 1516 940 1542 porro
964 1510 1048 1545 codex

267 1547 365 1580 Regius
391 1544 626 1573 Grzeco-Arahicus
648 1545 783 1580 propriam
807 1544 940 1578 [Egyptiis
965 1544 1050 1571 fuisse

266 1579 417 1615 signiﬁcat,
437 1581 468 1607 iis
497 1581 586 1607 verbis
609 1580 683 1615 Εὺχὴ
707 1579 775 1615 ἄλλη
803 1580 1049 1613 καταπετάσματος

265 1614 332 1651 πάρ’
349 1616 516 1650 Αἰγυπτίοις.
535 1615 601 1643 Hinc
614 1614 787 1642 manifestum
800 1620 852 1647 est,
871 1622 922 1640 non
938 1614 1049 1651 multum

267 1649 397 1678 sollicitos
413 1659 473 1678 esse
488 1651 585 1677 debere
598 1657 646 1677 nos
660 1651 692 1677 de
708 1650 805 1682 titulis,
822 1656 889 1684 quos
906 1649 947 1676 vel
962 1649 1051 1675 Litur-

266 1687 323 1719 gite,
332 1686 372 1713 vel
390 1686 500 1720 singula:
515 1687 652 1712 orationes
666 1686 781 1718 habent;
798 1685 877 1712 modo
890 1690 994 1711 certum
1014 1685 1050 1711 sit

267 1722 326 1748 itlas
341 1728 374 1747 ex
398 1721 532 1748 comntuni
550 1720 678 1748 Ecclesia!
705 1720 833 1747 thesauro
846 1726 908 1746 esse
924 1720 1049 1752 deprom-

264 1761 334 1791 ptas,
348 1756 418 1790 quod
433 1756 539 1789 quidem
556 1756 588 1791 de
606 1756 663 1783 istis
683 1755 851 1791 orationibus
874 1754 1048 1791 manifestum

265 1787 307 1818 est
324 1801 330 1818 :
349 1787 411 1817 sunt
425 1787 496 1817 enim
511 1790 606 1817 iisdetn
622 1797 703 1824 prope
717 1790 807 1816 verbis
828 1790 855 1816 in
869 1787 963 1824 Jacobi
974 1808 980 1819 ,
997 1788 1047 1814 Ba-

265 1826 334 1857 silii,
349 1826 390 1852 vel
403 1826 591 1860 Chrysostonti
612 1823 754 1859 Litu’rgiis.
774 1824 849 1851 Unde
862 1823 1048 1851 Jacobitarutn

266 1861 381 1895 propria:
403 1869 454 1887 non
477 1866 555 1892 sunt,
573 1862 619 1887 sed
635 1860 777 1895 Ecclesize,
799 1867 886 1895 neque
905 1860 984 1886 unius
1003 1863 1049 1885 aut

266 1894 376 1922 alterius
387 1916 394 1928 ,
417 1897 463 1923 sed
482 1897 564 1923 totius
577 1895 704 1923 Ecclesia:
718 1894 864 1921 Orientalis
874 1914 880 1924 ,
896 1902 956 1921 cum
975 1901 1049 1927 repe-

266 1932 369 1958 riantur
382 1939 433 1957 non
447 1931 525 1958 modo
539 1932 566 1958 itt
578 1929 885 1964 Constantinopolitano,
901 1936 960 1963 qua:
973 1928 1050 1955 Basi-

266 1965 291 2001 lii
308 1971 335 1993 et
354 1966 540 2001 Cltrysostotni
556 1965 685 1999 Liturgiis
700 1964 864 2001 utitur,_sedr
875 1963 1050 2001 in_llieroso-

266 1997 417 2035 lytuitana,‘
434 2006 459 2028 et
487 1997 684 2034 Alexandrina,
713 2007 772 2034 qua:
793 1998 885 2026 Jacobi
907 1997 1046 2033 Marcique

265 2035 393 2070 Litttrgiis
406 2037 470 2063 olim
486 2036 642 2063 utebantur.

302 2069 386 2105 (ΞΠιι
407 2072 458 2098 hac
470 2071 602 2104 oratione,
617 2076 644 2097 ιιι
656 2070 684 2097 in
698 2069 789 2097 multis
800 2069 871 2101 aliis,
883 2069 954 2103 quod
966 2069 1049 2105 semet

266 2107 405 2134 monuisse
415 2106 538 2138 suﬁiciet,
554 2106 655 2133 mentio
666 2111 708 2132 est
721 2105 846 2132 sacriﬁcii
861 2104 1047 2137 eneharistiri,

267 2149 320 2168 non
335 2142 422 2168 minus
443 2149 523 2175 quam
545 2141 643 2175 passim
665 2141 691 2167 in
715 2140 816 2168 Grateis
829 2139 941 2170 Jacobi,
959 2138 1048 2175 Basilii

265 2173 505 2210 Cltrysostomiqtte
527 2173 674 2210 Liturgiis,
697 2181 726 2202 et
748 2174 939 2202 Alexandrinis
953 2173 1049 2210 Graece

264 2209 443 2243 exstantibus,
461 2209 592 2245 quidquid
610 2209 772 2244 Scripserim
787 2210 856 2236 varii
873 2209 1049 2236 contentiosa-

267 2246 406 2280 theologia:
426 2246 689 2278 conscribillatores,
708 2245 752 2279 qui
774 2245 1047 2280 prteterrtihytraeum

1103 967 1264 1000 orationem,
1281 975 1342 994 cum
1355 967 1434 995 Patre
1454 972 1499 995 tuo
1515 968 1594 1001 bono,
1614 968 1778 1001 viviﬁcante,
1797 968 1896 1003 tibique

1104 1014 1337 1045 cottsubstantiali,
1351 1021 1432 1046 nunc,
1448 1018 1501 1041 etc.

1327 1061 1385 1088 Alia
1403 1062 1487 1088 oratio
1507 1062 1541 1088 ad
1567 1060 1679 1089 Filium.

1141 1105 1251 1134 Christe
1268 1105 1337 1134 Deus
1353 1112 1455 1140 noster,
1478 1108 1564 1135 virtus
1582 1108 1720 1134 trentenda
1741 1112 1770 1134 et
1793 1108 1896 1135 incom-

1104 1151 1295 1184 prehensibilis
1312 1152 1357 1179 Dei
1380 1152 1479 1185 Patris,
1505 1154 1550 1187 qui
1571 1153 1648 1180 sedes
1665 1160 1746 1187 super
1769 1154 1896 1180 thronum

1104 1194 1256 1223 flammeum
1294 1197 1453 1232 cherubim,
1486 1199 1529 1225 cui
1560 1198 1715 1226 ministrant
1749 1203 1897 1233 potestates

1101 1300 1153 1328 Sed
1168 1301 1195 1328 in
1209 1301 1259 1328 hac
1271 1305 1299 1327 nt
1312 1301 1337 1327 in
1351 1299 1453 1333 multis,
1469 1299 1632 1335 signiﬁcatio
1648 1299 1850 1326 determinatur
1866 1307 1897 1326 ex

1100 1337 1170 1372 stylo
1185 1336 1382 1363 ecclesiastico.

1136 1372 1174 1407 (5)
1195 1372 1293 1398 Eadem
1316 1377 1358 1398 est
1377 1379 1437 1405 qttze
1455 1370 1480 1397 in
1492 1370 1585 1398 Grch
1595 1369 1779 1407 Alexandrino
1793 1369 1898 1401 codice.

1101 1412 1129 1435 et
1141 1405 1218 1434 illam
1238 1407 1323 1433 altera
1344 1407 1477 1440 sequitur,
1499 1414 1579 1439 quam
1602 1407 1686 1431 codex
1709 1405 1781 1431 idetn
1809 1407 1896 1431 conti-

1102 1448 1172 1470 net:
1193 1450 1245 1468 non
1270 1442 1342 1476 quod
1367 1441 1448 1475 vulgo
1474 1441 1533 1467 duae
1557 1441 1695 1467 orationes
1712 1441 1745 1466 ad
1771 1440 1896 1467 osculum

1103 1478 1177 1511 pacis
1195 1475 1361 1509 diceréntur,
1384 1477 1431 1503 sed
1454 1477 1515 1509 quia
1541 1483 1592 1501 una
1616 1475 1765 1502 secundant
1790 1476 1896 1502 dierntn

1103 1513 1233 1540 festorutn
1248 1512 1432 1539 diversitatem
1448 1512 1606 1545 eligeretur,
1621 1516 1667 1536 attt
1688 1511 1722 1536 ad
1744 1511 1897 1537 sacerdotis

1104 1549 1257 1574 arbitriunt.
1285 1547 1333 1573 llic
1359 1550 1468 1577 autem,
1491 1551 1519 1572 ut
1549 1547 1575 1572 in
1598 1545 1659 1572 aliis
1674 1545 1797 1572 osculum
1824 1546 1898 1578 pacis

1103 1588 1215 1610 vocatur
1230 1582 1388 1617 ἀσπασμός,
1406 1589 1486 1616 quam
1501 1588 1602 1617 vocem,
1612 1580 1733 1615 [Egyptii
1749 1585 1777 1617 et
1793 1580 1897 1607 Arabes

1065 1618 1088 1648 C
1104 1626 1181 1644 suatn
1197 1616 1332 1644 iecerunt,
1345 1618 1482 1651 Incipiunt
1497 1624 1580 1650 porro
1594 1616 1722 1649 Liturgia:
1739 1616 1897 1650 singulares

1103 1653 1154 1680 illa:
1166 1673 1173 1683 .
1193 1661 1245 1680 tton
1268 1654 1301 1679 ab
1321 1652 1491 1679 orationibus
1506 1651 1719 1686 praeparaloriis,
1735 1652 1784 1677 sed
1798 1652 1835 1677 alt
1852 1659 1895 1682 ea,

1101 1696 1161 1722 qutc
1175 1687 1295 1714 osculum
1310 1688 1384 1721 pacis
1400 1687 1536 1713 antecedit
1548 1707 1556 1719 ,
1571 1694 1631 1713 cum
1649 1686 1751 1720 reliqua
1768 1693 1803 1713 ex
1821 1694 1896 1713 θοιν-

1102 1723 1175 1749 tnttni
1197 1722 1284 1749 ollicio
1304 1722 1358 1757 peti
1375 1722 1492 1749 soleant.
1509 1722 1598 1755 Atque
1615 1722 1648 1748 ab
1666 1729 1698 1748 eo
1711 1722 1771 1748 loco
1787 1722 1896 1755 proprie

1101 1758 1234 1792 loquendo
1250 1758 1341 1791 incipit
1354 1758 1490 1791 aitap/tora
1501 1777 1508 1789 ,
1536 1757 1636 1783 oblatio
1650 1764 1696 1783 seu
1716 1765 1794 1783 sacra
1808 1758 1876 1782 actio
1886 1776 1893 1782 .

1102 1794 1172 1820 unde
1188 1793 1213 1819 in
1234 1792 1329 1820 Graeco
1345 1793 1450 1825 codice,
1467 1798 1533 1819 ante
1545 1793 1696 1819 orationem
1712 1796 1872 1826 sequentem
1886 1811 1893 1824 ,

1101 1836 1159 1862 qua»
1178 1827 1332 1854 Prml‘ationi
1358 1832 1457 1855 nostra!
1475 1828 1638 1861 respondet,
1656 1827 1750 1853 titulus
1765 1827 1809 1853 hic
1827 1827 1895 1859 atljt-

1101 1863 1195 1903 citur:
1221 1863 1305 1898 Ἀρχὴ
1319 1862 1602 1903 ,τῆςβρφσκομιδῆς
1622 1870 1683 1903 quae;
1702 1863 1785 1903 verba
1810 1862 1895 1903 Arabs

1101 1898 1235 1932 interpres
1259 1899 1356 1929 vertit,
1380 1897 1490 1924 Initium
1512 1897 1648 1931 sacriﬁcii.
1676 1897 1702 1923 In
1729 1897 1893 1930 quibusdam

1101 1933 1218 1966 Copticis
1231 1933 1431 1967 exentplaribus
1443 1933 1499 1959 haec
1511 1932 1604 1959 Oratio
1614 1931 1698 1959 osculi
1708 1933 1782 1965 paci:
1794 1933 1894 1958 SeVero

1102 1968 1240 2000 tribuitur,
1274 1968 1595 2002 Antiochenorscilicet,
1624 1975 1704 2002 qttetn
1739 1967 1889 2000 Liturgiatn

1101 2003 1262 2037 scripsisse,
1285 2004 1438 2030 communis
1455 2001 1640 2030 Jacobitarunt
1667 2003 1775 2029 traditio
1798 2006 1852 2033 est,
1869 2007 1894 2028 et

1100 2046 1159 2065 eam
1183 2039 1258 2065 tttttlti
1280 2037 1386 2072 Syriaci
1413 2038 1522 2065 codices
1546 2043 1758 2072 repraesentant,
1786 2044 1818 2063 cl
1843 2045 1893 2069 qua

1101 2073 1157 2100 haec
1178 2074 1265 2100 oratio
1289 2072 1430 2099 transferri
1450 2074 1548 2107 potuit,
1571 2075 1605 2100 ob
1622 2073 1806 2099 arctissimam
1822 2074 1894 2099 Sedis

1100 2108 1290 2135 Alexandrina:
1313 2108 1471 2135 Jacobiticze
1492 2115 1552 2135 cum
1583 2108 1751 2136 Antiochena
1780 2108 1893 2141 conjun-

1100 2143 1216 2169 ctionem
1230 2154 1238 2169 ;
1252 2143 1474 2177 singularemque
1488 2143 1580 2170 Severi
1597 2143 1812 2170 venerationem.
1828 2142 1893 2169 ham

1101 2177 1159 2210 eius
1171 2178 1268 2212 duplex
1285 2179 1416 2205 memoria
1432 2179 1470 2210 lit,
1487 2179 1576 2205 obitus
1590 2179 1704 2207 scilicet.
1717 2183 1802 2212 atque
1821 2177 1893 2212 ejus-

1101 2214 1160 2239 dem
1182 2215 1314 2240 adventus
1337 2212 1542 2248 inﬂigyptum,
1562 2214 1676 2247 septima
1696 2213 1783 2244 'l'oth,
1802 2217 1830 2239 et
1849 2220 1892 2239 se-

1102 2248 1189 2274 cunda
1215 2248 1328 2282 Paophi.
1357 2247 1414 2275 Non
1439 2247 1536 2274 tamen
1563 2249 1723 2275 existimare
1747 2248 1891 2281 quisquam

266 2286 293 2318 et
316 2279 438 2307 ltiv’etum
452 2281 527 2318 nihil
541 2281 661 2318 legerunt
673 2300 680 2311 ,
698 2288 731 2306 ne
754 2280 827 2318 ipsas
840 2279 947 2318 quidem
960 2298 967 2310 .
983 2286 1049 2318 quos
1066 2287 1089 2316 υ
1103 2283 1182 2309 debet
1203 2292 1235 2310 ex
1264 2279 1308 2310 illo
1330 2283 1422 2315 titulo,
1447 2283 1578 2310 SCVt'l‘tltlt
1600 2284 1683 2309 ulltuu
1707 2279 1891 2318 patriar-chum

266 2316 434 2350 iutpugnant,
451 2314 596 2350 Liturgias.
622 2314 738 2350 Utuntur
762 2315 849 2350 Graeci
872 2314 914 2340 his
941 2314 1051 2350 potissi-

267 2349 351 2376 mum,
362 2352 471 2378 vocibus
482 2371 489 2382 ,
509 2349 606 2385 λόγικὴ
622 2349 753 2385 λειτρείειἶ
776 2349 855 2375 θυσία
865 2368 873 2381 ,
889 2349 1049 2385 προσφορά,

267 2385 326 2420 Syri
346 2390 372 2412 et
390 2385 533 2419 Aithiopes
546 2384 656 2412 vocibus
676 2384 712 2412 ex
735 2384 867 2411 l'lebraica
892 2384 982 2417 lingua
1001 2386 1050 2410 de-

266 2419 364 2451 dttctis.
381 2420 499 2453 Korbun,
515 2425 541 2448 et
555 2421 624 2447 aliis.
644 2419 770 2454 Argutari
783 2425 873 2446 atttem
889 2419 976 2446 solent
993 2427 1051 2445 mn-

267 2456 320 2482 r0si
342 2457 379 2482 illi
394 2456 499 2488 critici,
515 2463 548 2483 ex
572 2453 732 2490 etymologia
748 2455 902 2489 linguarum
925 2453 1051 2490 orienta-

266 2490 329 2516 liunt
343 2511 350 2523 ,
375 2499 487 2525 quarum
513 2489 636 2525 peritiam
659 2491 757 2524 ubique
776 2492 900 2522 iactant:
930 2489 1051 2525 adeoque

266 2524 394 2558 Korban,
409 2530 455 2552 aut
469 2524 570 2553 similes
591 2530 690 2560 negant
703 2525 855 2559 signiﬁcare
877 2524 1048 2560 sacriﬁcium.

266 2561 374 2588 litarent
395 2566 483 2588 tatnen
500 2561 526 2588 in
542 2561 603 2588 aliis
618 2559 738 2591 vocibus,
754 2567 812 2594 qua:
825 2560 857 2594 τῇ
874 2559 955 2594 θυσίᾳ
973 2567 1050 2592 pres-

266 2596 322 2622 sius
334 2599 509 2631 respondent,
523 2604 574 2630 qua
586 2596 708 2629 Coptitte,
723 2598 752 2631 ut
765 2595 857 2621 multis
872 2595 933 2622 aliis
945 2594 1048 2622 Grati-is

266 2630 421 2665 frequenter
437 2637 555 2663 utuntur,
573 2635 601 2658 ut
611 2635 673 2658 suttt
691 2630 802 2664 Syriaca
823 2635 920 2660 zcnnn't'
943 2630 1050 2656 etAra-

267 2666 324 2692 hica
335 2672 428 2696 .‘tnz‘t:
449 2666 608 2701 Aigvptiaea
630 2673 736 2700 quoque
761 2665 860 2701 nativa.
887 2665 949 2692 Illas
971 2672 1051 2701 porro

266 2707 345 2728 voces
360 2709 455 2728 «mutes
469 2700 650 2728 iiiditl'erenter
663 2706 793 2735 usurpant
805 2700 968 2727 Orientales.
984 2700 1048 2726 Dum

266 2742 332 2771 vero
353 2737 515 2762 incruentam
539 2741 635 2763 vocant
659 2735 816 2762 oblationem
841 2735 1000 2771 προσφοράν
1025 2741 1051 2761 et

267 2769 372 2803 ουσίαν,
397 2771 460 2804 quid
484 2771 667 2798 intellexerint
692 2770 719 2797 itt
742 2769 868 2798 obscuro
883 2769 1049 2797 noit'relin—

266 2810 363 2839 quunt.
387 2806 516 2841 Λογικήν,
539 2814 598 2841 qua:
614 2813 665 2833 vox
685 2804 840 2839 frequenter
854 2806 1006 2837 adhibetur,
1022 2811 1049 2832 et

266 2848 347 2873 quam
369 2840 489 2874 Coptitzer
507 2840 695 2872 retinuerunt,
710 2840 876 2874 apiritualem
897 2841 1049 2876 signiﬁcat,

267 2881 315 2908 per
336 2876 529 2909 oppositionetn
552 2877 584 2903 ad
607 2884 759 2908 corporeum
779 2877 926 2910 :quantvis
948 2876 1008 2910 Syri
1024 2882 1050 2901 ct

266 2909 370 2937 Arabes
384 2917 441 2937 eam
454 2911 564 2946 rigidius
578 2917 604 2939 et
620 2913 652 2938 ad
666 2911 784 2938 litteram
801 2909 974 2945 interpretati
984 2913 1045 2939 sint.

1103 2318 1316 2344 Alexandrinum
1337 2318 1428 2349 fuisse.
1445 2319 1516 2352 quod
1535 2318 1622 2345 Guido
1638 2318 1782 2345 Fabricius
1804 2317 1890 2344 Bodo-

1104 2353 1195 2379 riantts
1211 2354 1312 2388 absque
1332 2354 1383 2379 ulla
1402 2354 1561 2380 auctoritate
1585 2353 1710 2388 omnibus
1733 2361 1816 2387 prope
1830 2361 1891 2387 per-

1102 2389 1202 2420 suasit,
1218 2387 1279 2415 cum
1297 2389 1380 2415 edidit
1399 2389 1532 2415 [titualem
1555 2389 1678 2422 baptismi
1704 2387 1814 2420 librum,
1843 2390 1891 2414 sub

1103 2423 1195 2449 Severi
1212 2424 1372 2458 patriarchae
1387 2424 1561 2451 Alexandrini
1579 2424 1703 2455 nomine,
1724 2431 1786 2450 cum
1802 2423 1891 2450 nullus

1103 2458 1173 2484 ittter
1186 2459 1332 2492 permultos
1343 2479 1350 2489 ,
1368 2459 1413 2493 qui
1428 2459 1454 2485 iit
1472 2458 1642 2485 bibliothecis
1654 2463 1774 2490 exstant,
1790 2458 1892 2485 codici-

1102 2493 1162 2524 bus,
1177 2494 1247 2520 buttc
1262 2494 1366 2520 titulum
1381 2494 1517 2528 praeferat.
1542 2493 1637 2520 Nullus
1651 2494 1717 2520 itane
1732 2494 1804 2520 inter
1820 2493 1892 2520 Jaco-

1103 2528 1172 2554 bitas
1195 2529 1312 2555 Severus
1331 2529 1540 2555 Alexandrinam
1557 2529 1648 2555 sedem
1666 2529 1750 2556 tenuit
1769 2537 1776 2555 :
1797 2533 1825 2555 et
1842 2530 1891 2556 lin-

1102 2571 1153 2597 gua
1174 2563 1284 2598 Syriaca
1296 2583 1302 2595 ,
1319 2571 1372 2598 qua
1390 2564 1457 2590 liber
1474 2564 1517 2590 ille
1536 2565 1654 2598 scriptus
1673 2568 1732 2596 est,
1751 2571 1889 2598 nunquant

1102 2606 1131 2634 in
1152 2599 1350 2634 sacrisiollirits
1371 2604 1499 2632 usurpata
1519 2600 1588 2633 apttd
1609 2598 1752 2634 (Egypttos
1773 2599 1833 2625 fuit.
1861 2600 1890 2626 In

1102 2632 1221 2667 Liturgia
1243 2633 1334 2660 Basrlii
1357 2634 1468 2668 Coptica
1494 2632 1615 2667 qua-dam
1643 2632 1730 2661 oratio
1752 2635 1890 2666 occurrit,

1101 2675 1183 2702 quant
1196 2669 1303 2696 codices
1318 2670 1490 2703 manttsu'ipti
1515 2670 1636 2696 nonnulli
1659 2669 1756 2697 Joanni
1771 2670 1891 2704 Chryso-

1101 2709 1206 2736 stonto,
1222 2704 1266 2731 alii
1293 2703 1389 2731 Joantti
1406 2704 1554 2736 Bostreno,
1575 2705 1632 2731 sive
1651 2705 1796 2732 Basorensi
1815 2703 1893 2731 attri-

1101 2738 1196 2765 bumtt.
1224 2738 1332 2767 Primus
1353 2745 1381 2766 ut
1403 2740 1554 2766 communis
1576 2739 1759 2768 Ecclesiarum
1773 2741 1889 2767 doctor:

1102 2775 1171 2801 alter
1189 2780 1219 2801 ut
1233 2775 1258 2801 itt
1272 2776 1365 2802 eadem
1379 2783 1432 2809 qua
1445 2773 1557 2809 (Egypti
1572 2773 1702 2802 Jacobita:
1717 2781 1805 2806 secta,
1819 2775 1893 2809 agni-

1103 2814 1145 2836 tus
1157 2809 1227 2836 l'uit:
1248 2811 1382 2844 amboque
1400 2810 1507 2837 diversa
1533 2809 1638 2836 ratione
1659 2811 1740 2838 talem
1756 2810 1829 2844 apud
1845 2818 1890 2837 eos

1102 2846 1290 2872 auctoritatem
1316 2846 1387 2873 nacti
1413 2851 1490 2876 sunt,
1516 2849 1544 2870 ttt
1565 2846 1704 2873 orationes
1728 2853 1762 2873 ex
1784 2847 1890 2873 illorum

1102 2879 1230 2916 Liturgiis
1246 2881 1272 2908 in
1288 2881 1414 2916 Copticas
1433 2881 1656 2909 transferrentur.
