2027 3135
150 159 201 190 681

663 157 826 185 LlTUl‘tGlA
847 156 876 183 S.
894 154 1060 182 GREGORII
1081 155 1237 183 COPTICA.

1719 153 1772 181 682

148 218 246 253 ignem.
261 215 301 243 Tu
313 223 342 243 es
355 216 424 250 ignis
442 223 603 244 consumens
617 223 664 252 per
677 217 843 243 divinitatem
855 221 938 247 tuam,
953 216 977 243 Α
991 222 1082 242 eorum
1110 215 1155 249 qui
1181 218 1244 241 sunt
1261 212 1420 240 invisibiles.
1438 212 1608 240 Conttumera
1626 220 1678 240 nos
1702 213 1773 240 inter

149 268 261 298 propter
285 262 454 297 splendorem
481 267 555 290 tuum
583 262 756 292 inell'abilem.
774 268 800 289 et
817 269 937 288 amorem

150 314 224 336 tuum
238 315 301 342 erga
315 308 448 334 homines.
475 307 532 334 Non
548 307 732 339 eombussisti,
748 314 797 334 nec
817 306 937 341 repulisti

148 354 350 381 fraudulentum
373 353 543 384 traditorem,
566 360 625 380 cum
644 352 757 379 accessit
781 352 814 378 ad
837 356 872 384 te,
891 351 938 379 sed

149 399 288 427 osculatus
301 406 332 426 es
347 406 407 426 eum
419 398 513 426 osculo
530 398 620 431 amici,
639 402 668 424 ut
684 398 803 424 traheres
818 397 890 424 illunt
905 397 939 424 ad

149 444 350 479 pmnitentiam,
371 448 398 470 et
419 443 451 470 ad
472 443 591 470 audaciae
609 450 665 469 sua:
691 442 867 477 agnitionem.
894 442 938 469 Di-

148 497 217 525 gnos
233 489 274 516 l'ac
289 497 348 521 nos,
366 489 488 519 Domine,
502 489 528 515 in
540 489 589 515 hac
605 489 670 515 hora
685 487 809 520 terribili,
826 492 855 515 ut
872 495 939 514 una-

151 536 236 562 nimes
256 536 356 569 absque
372 535 528 568 duplicitate
547 535 646 567 cordis,
671 534 830 568 exterisque
844 533 938 568 nequi-

150 581 206 612 tiis,
222 581 370 607 salutemus
385 580 500 607 invicem
519 580 544 607 in
555 581 647 608 osettlo
661 586 756 608 saneto
771 590 778 608 :
797 585 826 608 et
841 588 874 608 ne
890 588 939 607 nos

150 626 286 660 projicias'
303 626 330 652 in
349 626 489 660 judicium,
506 626 528 653 si
544 627 631 653 minus
653 627 771 660 perl'ecte
785 625 876 652 mundi
902 624 939 652 si-

150 679 226 702 mus,
244 678 330 705 neque
346 671 415 697 sicut
431 670 556 704 placitum
580 675 620 697 est
639 671 752 697 bonitati
770 675 831 702 tuae,
847 677 862 696 a
875 669 939 696 l'atce

151 717 265 750 peccati,
282 724 296 742 a
314 716 442 750 nequitia,
457 720 484 742 et
504 715 641 742 mortifera
662 715 820 749 injuriarum
852 722 940 741 recor-

152 762 261 789 datione
278 770 284 788 :
303 761 350 788 Sed
372 765 398 787 tu
423 767 471 794 per
491 760 650 787 inell‘abilem
672 760 840 787 clementiam
855 763 938 791 tuam,

151 807 198 842 qui
215 807 285 833 nosti
306 806 525 836 imbecillitatem.
543 812 570 833 et
589 806 794 841 propensionem
812 805 845 832 ad
871 805 939 832 inl'e-

153 853 225 878 riora
243 851 361 885 ﬁgmenti
379 851 475 883 nostri,
499 851 560 878 dele
572 858 667 878 omnes
683 850 800 878 maculas
816 855 939 885 peccato-

991 263 1137 294 potestates
1156 259 1289 291 caelestes,
1318 262 1348 284 ut
1373 258 1494 284 dicatnns
1522 265 1583 285 cum
1614 258 1677 291 illis,
1703 258 1772 291 abji-

991 305 1094 331 cientes
1104 311 1199 331 omttes
1213 303 1389 337 cogitationes
1402 302 1534 329 absurdas
1548 307 1574 329 et
1584 302 1703 336 inutiles,
1716 302 1773 329 cla-

992 356 1149 384 memusque
1170 349 1239 376 idem
1256 349 1326 383 quod
1345 348 1381 374 illi
1407 348 1500 375 dicunt
1521 349 1674 376 incessabili
1697 356 1773 381 voce.

992 400 1072 430 atque
1091 402 1139 422 ore
1163 394 1334 427 indesittenti,
1353 394 1543 422 benedicamus
1561 395 1773 429 magnitudinem

992 447 1076 469 tuam.

1028 487 1172 514 Diaconus.
1187 487 1226 513 Ad
1240 486 1372 514 orientem
1383 486 1505 521 aspicite.

1027 533 1168 560 Sacerdos.
1185 532 1224 558 Tu
1240 540 1268 559 es
1283 532 1353 559 cnint
1377 533 1419 558 cui
1440 531 1571 559 assistunt
1587 531 1725 558 cherubim
1750 535 1777 557 et

993 577 1128 612 seraphim
1150 577 1224 603 senis
1239 576 1288 602 alis
1305 576 1429 602 instructi
1445 585 1452 602 :
1466 582 1512 602 sex
1535 575 1584 602 alte
1601 575 1657 608 uni,
1684 580 1711 602 et
1728 582 1777 602 sex

994 623 1042 649 alte
1058 621 1134 649 alteri
1153 631 1160 648 :
1186 621 1289 648 duabus
1302 621 1352 647 alis
1370 621 1460 647 velant
1475 620 1558 647 facies
1577 628 1651 652 suas,
1672 620 1776 647 duabus

994 671 1087 701 tegunt
1102 666 1182 700 pedes
1196 673 1269 698 suos,
1284 670 1311 692 et
1327 665 1431 692 duabus
1447 665 1537 692 volant
1552 674 1558 691 :
1576 665 1777 699 clamantesque

994 712 1061 739 alter
1075 713 1108 738 ad
1132 712 1256 743 alterum,
1277 712 1366 738 dicunt
1382 711 1509 746 ltymnttnt
1532 710 1716 745 triumphalem
1733 717 1777 737 sa-

994 758 1057 786 lutis
1069 762 1176 790 nostra,
1188 763 1216 785 et
1231 757 1342 785 vocibus
1361 756 1484 791 gloriosis
1499 756 1608 783 laudant
1628 755 1777 783 clamantes

993 809 1021 831 et
1034 804 1162 831 dicentes.

1029 848 1172 875 Diaconos.
1188 847 1372 874 Attendamus.

153 905 214 924 rum
241 902 407 928 nostrorum,
433 901 462 922 ut
484 903 536 923 non
563 896 598 922 sit
620 896 697 923 ttobis
721 896 746 922 in
762 895 892 930 judicium
916 899 943 922 et
962 892 981 918 Β
1029 892 1156 926 Populus.
1174 893 1300 924 Sanctus,
1321 897 1441 924 sanctus.
1459 896 1569 919 sanctus

152 942 406 969 condemnationem
432 941 482 968 hoc
515 940 671 976 mysterium
701 940 849 968 divinitatis
878 945 939 967 tum.

155 988 195 1015 Τιι
218 989 290 1015 enim
315 993 409 1021 potens
429 995 459 1014 es
484 985 578 1014 tollere
596 990 706 1021 peccata
726 987 827 1019 omnia,
843 990 871 1013 et
895 993 943 1012 au-

153 1033 225 1061 ferre
240 1033 385 1068 injustitias
403 1040 430 1060 et
442 1033 599 1066 iniquitates
616 1032 753 1059 hominum
768 1031 941 1064 miserorum,

155 1086 182 1106 tu
197 1079 242 1114 qui
260 1086 358 1113 purgas
370 1082 453 1105 totum
466 1079 592 1104 mundum
610 1086 617 1104 :
635 1082 662 1104 et
678 1081 704 1103 te
718 1077 794 1103 decet
809 1076 943 1111 gloriﬁca-

156 1123 203 1152 tin,
217 1130 270 1147 uno
285 1130 343 1153 ore,
374 1127 401 1148 et
428 1121 461 1149 ab
481 1129 651 1156 unoquoque,
672 1121 822 1151 veneratio,
840 1121 943 1155 magni-

155 1167 264 1194 ﬁcentia
281 1171 308 1194 et
328 1167 451 1194 adoratio
477 1175 537 1194 eum
555 1167 635 1194 Patre
653 1172 698 1194 tuo
720 1169 790 1194 bono
803 1171 829 1193 et
841 1165 942 1201 Spiritu

155 1218 250 1240 sancto
275 1213 438 1246 viviﬁcante,
458 1213 559 1248 tibique
575 1212 808 1244 consubstantialt,
829 1219 899 1238 nunc
917 1217 945 1238 et

155 1265 272 1292 semper,
287 1263 314 1284 et
329 1258 353 1285 in
368 1258 463 1285 satcula
479 1257 648 1285 szeculorum.
661 1257 758 1284 Amen.

193 1301 331 1329 Sacerdos.
347 1302 472 1330 Charitas
487 1303 531 1330 Dei
547 1301 646 1333 Patris,
658 1302 744 1337 gratia
768 1300 828 1328 Filii
849 1301 943 1336 unige-

162 1348 211 1375 niti
231 1348 336 1375 Domini
360 1349 408 1379 Dei
432 1355 459 1375 et
478 1348 626 1375 Salvntoris
640 1347 724 1374 nostri
745 1347 808 1375 Jesu
826 1347 944 1376 Christi.

159 1399 188 1421 et
201 1394 410 1421 communicatio
435 1399 462 1421 et
483 1393 581 1421 donum
597 1392 712 1428 Spiritus
725 1393 822 1426 sancti,
836 1393 943 1420 sitcum

156 1441 284 1468 omnibus
298 1441 383 1468 vobis.

193 1486 323 1522 Populus.
344 1486 448 1514 Etcum
465 1487 559 1521 spiritu
574 1490 629 1514 tuo.

194 1533 336 1560 Sacerdos.
357 1532 470 1559 Sursum
485 1532 567 1560 corda
580 1537 679 1559 vestra.

197 1579 327 1614 Populus.
347 1578 482 1605 Habemus
498 1579 531 1605 ad
547 1578 699 1605 Dominum.

194 1625 336 1652 Sacerdos.
354 1624 460 1650 Gratias
474 1631 585 1658 agamus
598 1624 720 1650 Dontino.

195 1669 325 1704 Populus.
345 1669 456 1703 Dignum
472 1675 497 1695 et
512 1668 615 1702 justum
630 1674 681 1695 est.

197 1716 339 1742 Sacerdos.
353 1715 462 1748 Dignum
477 1719 504 1741 et
514 1714 614 1748 justum
627 1719 677 1740 est.
695 1712 753 1740 Ter.

197 1760 268 1788 Vere
281 1761 391 1795 dignum
407 1765 433 1787 et
452 1760 552 1794 justum
568 1764 621 1790 est,
648 1765 676 1785 ut
695 1765 719 1785 te
738 1758 853 1790 laudettt,
869 1758 948 1785 bene-

162 1807 250 1835 dicam
267 1807 325 1838 tibi,
338 1812 364 1833 et
380 1806 495 1833 serviam
509 1805 568 1837 tibi,
581 1806 744 1839 odoremque
760 1809 786 1830 et
803 1803 948 1837 gloriﬁcent

162 1858 199 1886 te,
211 1854 256 1888 qui
281 1861 310 1880 es
329 1861 408 1885 unus,
424 1852 507 1884 solus,
533 1851 603 1877 Deus
626 1857 714 1881 verus,
733 1855 839 1876 amator
863 1849 949 1875 homi-

164 1908 238 1932 num,
258 1898 572 1931 inel'l‘altilis,invisibilis.
590 1895 879 1931 iueomprebensibilis.
892 1895 950 1922 sine

163 1945 308 1981 principio.
327 1950 454 1975 aeternus,
465 1944 522 1970 sine
540 1947 670 1977 tempore,
686 1941 947 1976 incircumscriptus,

165 1990 396 2025 inittvestigabilis,
411 1988 595 2020 immutabilis,
612 1988 725 2015 Creator
739 1988 872 2019 otttttiunt,
890 1987 951 2014 Sal-

165 2042 242 2064 vator
256 2036 395 2067 omttium;
415 2035 460 2069 qui
475 2034 589 2061 remittis
602 2038 709 2068 peccata
729 2038 831 2065 ttostra,
848 2034 894 2067 qui
910 2039 953 2060 re-

165 2082 246 2110 dimis
259 2082 292 2109 ab
304 2081 412 2108 interitu
424 2081 505 2106 vitam
521 2085 652 2112 nostraut,
666 2079 712 2113 qui
725 2086 840 2106 coronas
858 2086 906 2105 nos
925 2079 951 2105 in

165 2128 352 2157 misericordia
367 2132 394 2155 et
408 2126 639 2153 miserationibus.
653 2125 692 2152 Tu
707 2133 736 2153 es
749 2133 828 2159 quem
844 2125 953 2152 laudant

164 2173 265 2208 angeli,
281 2177 308 2200 et
325 2173 437 2198 adorant
451 2171 627 2204 archangeli;
642 2176 668 2197 tu
686 2178 715 2198 es
734 2171 776 2198 cui
791 2171 954 2198 benedieunt

166 2219 343 2253 principatus,
367 2217 399 2244 ad
414 2225 494 2252 quem
515 2217 632 2243 clamant
653 2217 868 2249 dominationes;
886 2221 912 2243 tu
925 2224 953 2244 es

166 2264 246 2299 cujus
260 2263 373 2298 gloriam
386 2263 525 2290 celebrant
540 2267 704 2296 potestates;
723 2267 749 2289 lu
762 2270 791 2289 es
806 2263 849 2289 cui
864 2262 953 2289 throni

166 2318 274 2338 sursum
289 2310 398 2336 mittunt
411 2309 522 2344 gloriam
533 2314 560 2336 et
576 2309 722 2336 honorem:
741 2309 822 2336 millia
839 2309 951 2336 ntillium

167 2356 299 2382 assistunt
314 2363 405 2382 coram
427 2359 462 2386 te,
487 2360 514 2381 et
537 2354 604 2381 dena
623 2354 705 2381 millia
729 2354 827 2381 denunt
842 2354 954 2381 millium

169 2402 325 2428 ministrant
340 2401 398 2427 tibi.
416 2401 455 2427 'l‘u
470 2408 498 2428 es
513 2408 591 2434 quem
614 2401 775 2428 benediennt
794 2400 953 2432 invisibiles,

170 2455 249 2481 quem
272 2447 386 2473 adorant
409 2447 538 2479 visibiles,
555 2451 582 2474 ct
604 2455 697 2474 omnes
727 2447 828 2474 faciunt
843 2447 955 2473 verbum

172 2498 256 2523 llllltll,
274 2492 384 2519 Domine
400 2499 499 2520 noster.

205 2538 354 2565 Diaconus.
366 2538 417 2570 Qui
433 2538 532 2566 sedetis
552 2540 665 2574 surgite.

205 2583 347 2612 Sacerdos.
369 2582 483 2610 (Eterne
508 2583 633 2615 Domine,
657 2585 727 2611 Deus
751 2591 830 2611 verus
848 2584 881 2611 de
903 2584 957 2612 Deo

171 2636 246 2662 vero,
259 2629 305 2663 qui
319 2629 458 2656 ostendisti
473 2629 549 2656 nobis
562 2630 651 2658 lumen
668 2629 767 2661 Patris,
781 2629 826 2664 qui
844 2629 956 2665 largitus

171 2681 201 2701 es
219 2673 298 2700 nobis
312 2674 492 2707 cognitionem
513 2675 633 2701 veritatis
655 2674 772 2709 Spiritus
790 2674 896 2707 sancti;
912 2675 958 2708 qui

172 2719 352 2746 manifestasti
374 2720 451 2746 nobis
479 2720 632 2755 mysterium
657 2721 709 2747 hoc
732 2727 857 2755 magnum
879 2721 958 2747 vitae:

172 2766 218 2799 qui
247 2765 411 2791 constituisti
430 2765 543 2792 chorutn
569 2766 786 2800 incorporeorum
816 2766 886 2793 inter
912 2767 959 2793 ho-

173 2811 261 2838 mines
279 2819 287 2836 :
308 2810 354 2844 qui
370 2810 465 2837 dedisti
480 2811 519 2837 eis
532 2812 576 2845 qui
592 2816 655 2838 sunt
670 2819 750 2846 super
767 2816 878 2844 terram,
891 2819 956 2839 can-

173 2857 256 2884 ticum
269 2855 419 2889 serapltim,
430 2857 535 2888 suscipe
551 2864 630 2884 voces
644 2862 763 2892 nostras,
776 2865 836 2886 cum
852 2857 960 2886 vocibus

315 2903 451 2934 Parnm.
481 2903 540 2935 Ge.
558 2904 702 2935 XXXVI.

1028 940 1169 967 Sacerdos.
1189 939 1304 966 Sanctus
1337 943 1446 965 sanctus
1460 938 1600 971 Dominus,
1614 944 1641 965 et
1666 943 1777 966 sanctus

993 985 1019 1012 in
1041 985 1121 1012 rebus
1141 983 1275 1017 omnibus,
1291 989 1318 1011 et
1339 983 1496 1018 praeclarum
1511 984 1600 1011 lumen
1621 984 1777 1011 substantiae

994 1036 1056 1063 luat,
1074 1032 1144 1058 sicut
1157 1030 1298 1058 inell‘abilis
1318 1033 1359 1056 est
1373 1033 1491 1063 potestas
1503 1029 1640 1064 sapientiae
1655 1035 1716 1064 tum,
1729 1037 1778 1058 nec

995 1077 1084 1104 verbis
1098 1076 1225 1111 explicari
1238 1080 1325 1110 potest
1338 1075 1448 1117 pelagus
1470 1075 1573 1102 antoris
1594 1075 1631 1102 tui
1645 1083 1708 1110 erga
1729 1075 1779 1102 lto-

995 1123 1088 1150 ntines.
1104 1121 1207 1149 Creasti
1224 1128 1265 1147 me
1278 1120 1412 1147 hominem
1429 1127 1476 1155 per
1488 1121 1679 1156 benignitatem
1693 1126 1777 1153 tuam,

995 1176 1079 1203 neque
1097 1167 1234 1202 indigebas
1256 1174 1313 1194 mea
1332 1167 1473 1198 servitute,
1494 1167 1541 1194 sed
1555 1175 1604 1202 ego
1625 1167 1777 1202 indigebant

995 1214 1176 1241 dominatione
1189 1217 1231 1240 tua
1244 1222 1249 1238 :
1260 1218 1371 1248 propter
1380 1213 1548 1240 clementiam
1558 1218 1630 1240 tuam
1643 1221 1777 1248 magnam,

995 1260 1082 1287 fecisti
1102 1268 1145 1286 me
1157 1266 1217 1286 cum
1242 1268 1294 1286 tton
1308 1266 1395 1286 essem
1415 1268 1421 1286 :
1440 1259 1550 1287 erexisti
1567 1259 1632 1286 mihi
1653 1259 1735 1286 ctelos
1752 1259 1777 1285 in

995 1309 1114 1337 tectum;
1132 1305 1244 1332 lirtttastt
1258 1305 1322 1331 ntilti
1338 1310 1436 1331 [errant
1449 1309 1478 1332 ut
1495 1312 1575 1340 super
1591 1313 1649 1332 eatn
1663 1305 1780 1332 ambula-

995 1358 1052 1377 rent
1075 1359 1081 1377 :
1105 1356 1213 1385 propter
1239 1358 1280 1377 me
1306 1350 1460 1378 conclusisti
1487 1358 1576 1384 mare;
1603 1355 1711 1385 propter
1737 1359 1781 1377 me

997 1395 1145 1429 produxisti
1165 1401 1289 1424 naturam
1309 1396 1477 1428 attimalium,
1493 1401 1520 1424 e'.
1532 1397 1623 1424 omnia
1641 1397 1780 1432 subjeciin

997 1443 1048 1470 sub
1063 1442 1176 1477 pedibus
1195 1443 1273 1475 meis,
1287 1449 1338 1470 nee
1358 1449 1453 1478 passus
1468 1450 1497 1469 es
1514 1442 1606 1469 deesse
1624 1443 1689 1470 milti
1703 1443 1782 1478 quid-

996 1496 1077 1523 quam
1112 1496 1146 1516 ex
1179 1489 1305 1523 operibus
1337 1488 1542 1523 magniﬁcentia:
1580 1489 1713 1523 tuat:qui
1740 1497 1782 1516 me

997 1535 1108 1566 creasti,
1132 1534 1245 1569 posuisti
1271 1543 1379 1562 manum
1403 1540 1475 1562 tuam
1497 1542 1577 1569 super
1601 1543 1643 1562 me
1660 1545 1666 1563 :
1682 1535 1782 1563 descri-

997 1580 1073 1614 psisli
1091 1581 1117 1607 itt
1137 1588 1180 1607 me
1196 1581 1338 1614 imaginem
1355 1580 1496 1614 potestatis
1511 1586 1562 1607 ture
1580 1589 1587 1607 :
1604 1581 1698 1608 dedisti
1714 1581 1780 1608 milii

997 1625 1097 1652 donum
1115 1626 1226 1652 rationis
1243 1635 1250 1652 :
1266 1626 1396 1660 aperuisti
1418 1627 1481 1653 miht
1497 1626 1650 1660 paradisum
1664 1627 1783 1661 volupta-

998 1672 1034 1699 tis
1051 1681 1057 1697 :
1079 1671 1175 1698 dedisti
1192 1672 1256 1698 mihi
1273 1671 1412 1698 scientiam
1430 1672 1591 1707 cognitionis
1605 1677 1657 1699 tua:
1675 1682 1682 1698 :
1697 1673 1785 1699 mani-

998 1717 1102 1744 festasti
1122 1716 1186 1743 tttilti
1202 1717 1325 1744 arborem
1337 1718 1399 1744 vita:
1420 1727 1427 1745 :
1442 1718 1585 1745 ostendisti
1602 1718 1665 1744 tnihi
1678 1718 1783 1752 spinam

998 1762 1104 1792 mortis,
1121 1768 1155 1787 ne
1167 1769 1198 1788 ex
1215 1769 1246 1788 ea
1267 1763 1435 1789 comederem
1457 1773 1462 1789 :
1479 1762 1542 1788 ntilti
1562 1762 1736 1793 interdixisti,
1750 1770 1784 1790 ex

999 1815 1030 1834 ea
1050 1807 1105 1834 sola
1123 1815 1156 1834 ne
1172 1808 1280 1834 ederem
1302 1816 1309 1834 :
1330 1808 1433 1835 comedi
1449 1808 1611 1839 voluntarie;
1633 1813 1727 1842 sponte
1743 1816 1785 1835 ue-

1001 1851 1070 1887 glexi
1093 1853 1248 1879 mandatum
1261 1857 1347 1885 tuum,
1361 1852 1564 1887 contempsique
1580 1856 1712 1887 praecepta
1724 1854 1783 1887 tua;

1001 1903 1082 1932 atque
1094 1897 1185 1924 induxi
1201 1898 1266 1924 milti
1278 1897 1438 1925 sententiam
1451 1899 1555 1925 mortis.

1039 1942 1167 1977 Populus.
1182 1943 1275 1978 Kyrie,
1293 1943 1405 1970 cleison.
1422 1943 1543 1974 Domine,
1558 1943 1695 1971 miserere.

1037 1988 1179 2017 Sacerdos.
1197 1989 1249 2022 Tu,
1264 1989 1386 2022 Domine,
1406 1990 1565 2016 convertisti
1595 1990 1659 2017 milti
1680 1998 1786 2025 poenam

1003 2036 1029 2062 in
1051 2035 1183 2066 salutem;
1204 2034 1275 2060 sicut
1291 2039 1385 2069 pastor
1404 2035 1489 2062 bonus
1513 2040 1647 2061 errantem
1674 2035 1787 2062 sollicite

1003 2080 1151 2114 quaesivisti
1169 2087 1177 2106 :
1194 2085 1323 2114 tanquam
1342 2085 1420 2114 pater
1436 2087 1516 2107 verus
1532 2080 1663 2107 laborasti
1681 2088 1787 2107 mecum

1003 2125 1048 2159 qui
1061 2129 1211 2153 cectderam
1230 2134 1236 2153 :
1250 2126 1365 2161 alligasti
1382 2133 1423 2153 me
1438 2126 1564 2153 omnibus
1582 2127 1787 2154 medicamentis

1005 2170 1224 2199 viviﬁcantibus:
1240 2176 1267 2198 tu
1286 2171 1383 2199 misisti
1401 2171 1434 2198 ad
1448 2179 1490 2198 me
1503 2172 1666 2206 prophetas:
1681 2178 1790 2207 propter

969 2230 992 2257 ι)
1006 2225 1048 2244 me
1067 2217 1318 2249 inlirmum,dedisti
1334 2218 1399 2244 miltt
1411 2217 1476 2251 legis
1488 2217 1616 2244 auxilium
1634 2226 1640 2244 :
1659 2222 1686 2244 tu
1705 2218 1791 2244 admi-

1006 2263 1129 2291 nistrasti
1158 2264 1223 2290 milti
1256 2264 1384 2297 salutem,
1407 2269 1435 2290 at
1457 2271 1505 2299 ego
1526 2268 1711 2298 transgressus
1730 2271 1790 2290 sunt

1006 2311 1090 2344 legem
1104 2315 1188 2342 tuam,
1205 2317 1265 2344 qua:
1281 2314 1323 2337 est
1333 2309 1422 2336 lumen
1437 2317 1542 2340 verum.
1556 2309 1626 2345 quod
1643 2307 1791 2337 accendisti

1005 2355 1159 2382 errantibus
1177 2360 1205 2382 et
1224 2355 1420 2389 ignorantibus.

1042 2400 1168 2434 Populus.
1184 2400 1305 2432 Domine,
1319 2401 1456 2427 miserere.

1044 2447 1181 2474 Sacerdos.
1198 2447 1237 2473 Tu
1252 2447 1297 2481 qui
1319 2454 1349 2473 es
1364 2447 1553 2481 sempiternus,
1571 2448 1667 2475 venisti
1693 2449 1726 2475 ad
1744 2457 1793 2476 nos

1009 2501 1090 2528 super
1106 2499 1216 2525 terram,
1233 2493 1396 2520 descendisti
1413 2493 1439 2520 itt
1458 2498 1564 2520 uterum
1580 2493 1708 2528 Virginis,
1723 2493 1794 2521 Deus

1009 2539 1272 2573 incircumscriptus;
1289 2546 1340 2565 non
1365 2539 1487 2577 rapinam
1509 2539 1656 2566 arbitratus
1679 2547 1708 2567 es
1733 2547 1794 2566 esse

1009 2585 1138 2619 mqualem
1153 2585 1218 2614 Deo.
1235 2585 1281 2611 sed
1300 2585 1446 2611 humiliasti
1474 2585 1597 2618 teipsum,
1617 2590 1645 2612 et
1664 2586 1793 2619 accepisti

1009 2629 1121 2656 formam
1136 2630 1216 2662 servi,
1233 2629 1446 2664 benedixistique
1458 2635 1581 2656 naturatn
1597 2638 1683 2657 nteant
1703 2631 1729 2657 itt
1749 2636 1793 2658 te:

1010 2675 1146 2709 perfecisti
1159 2674 1242 2709 legem
1259 2679 1330 2701 tttant
1345 2682 1393 2710 pro
1407 2682 1460 2707 tne,
1476 2675 1617 2702 ostendisti
1631 2676 1695 2702 mihi
1714 2676 1796 2702 ratio-

1010 2729 1071 2748 nettt
1087 2720 1242 2754 resurgendi
1256 2726 1316 2756 post
1327 2721 1429 2756 lapsum
1446 2730 1453 2748 :
1472 2721 1590 2748 liberasti
1602 2729 1648 2748 eos
1668 2723 1711 2756 qui
1727 2723 1797 2757 apud

1011 2766 1112 2793 inferos
1132 2766 1319 2793 detinebantur
1337 2776 1344 2793 :
1365 2767 1497 2794 sustulisti
1516 2767 1732 2795 maledictionem
1757 2767 1795 2795 le-

1012 2811 1052 2846 gis
1069 2821 1076 2839 ε
1096 2812 1252 2839 destruxiin
1269 2818 1406 2847 peccatum
1423 2813 1448 2839 in
1464 2820 1544 2840 carne
1555 2821 1562 2839 :
1574 2813 1716 2840 ostendisti
1729 2813 1795 2840 tttilti

1012 2857 1158 2892 potentiam
1170 2858 1274 2893 imperii
1291 2858 1327 2886 tui
1340 2865 1347 2885 :
1363 2858 1458 2887 dedisti
1472 2859 1556 2886 visum
1565 2859 1644 2886 caecis
1655 2858 1794 2886 :excitasti

1617 2904 1654 2934 22
