2027 3135
274 148 330 177 θὸὖ

277 211 397 234 mortuos
407 205 439 232 de
455 210 582 239 Sepulcris
604 215 610 232 :
632 207 796 233 resttscitasti
813 213 935 234 naturain
951 216 1031 235 veroo
1049 218 1055 234 2

277 251 452 280 manifestasﬁ
477 252 540 278 mihi
560 252 786 287 dispensationem
813 255 963 281 clementia:
987 260 1056 287 tuin;

276 298 396 326 tolerasti
409 298 520 332 injurias
534 299 686 333 iniquorum
705 307 711 326 :
727 300 863 334 prmbuisti
876 306 977 333 tergum
995 308 1056 327 ver-

275 343 400 374 beribus,
423 348 450 369 et
474 350 557 376 genas
583 348 642 370 tuas
671 345 873 378 percussoribus
895 345 1055 379 permisisti;

274 393 383 423 propter
396 396 447 422 tne,
464 388 581 422 Domine,
596 397 647 415 non
669 390 789 416 avertisti
810 391 910 416 vuftum
933 394 1006 416 tuutn
1023 390 1056 416 ab

275 433 418 467 ignominia
437 438 583 467 spulorum.

312 477 437 512 Populus.
458 477 577 510 Domine,
592 478 729 507 miserere.

309 522 447 549 Sacerdos.
467 521 568 549 Venisti
585 522 615 548 ad
632 523 794 549 occisionem
815 526 942 556 tanquam
958 530 1052 557 agnus.

273 576 358 603 usque
368 568 400 594 ad
409 575 515 595 crucem
534 577 540 594 :
559 569 748 595 demonstrasti
765 569 970 595 sollicitudinem
983 575 1053 595 tuam

274 622 336 647 erga
356 621 416 640 me:
432 613 552 640 occidisti
571 620 710 648 peccatum
726 621 813 640 meum
830 622 876 648 per
889 614 1053 648 sepulturam

273 664 346 685 tuam
362 667 368 685 :
385 659 494 686 elei'asti
505 659 635 693 primitias
650 667 721 686 meas
737 667 821 694 usque
836 660 869 686 ad
885 660 984 687 ctelos:
999 669 1054 686 nia-

274 704 407 731 iiifestasti
441 704 504 731 ittilti
529 705 672 732 adventum
707 710 779 732 tuum
803 704 933 737 futurum.
959 706 984 732 in
1002 714 1054 739 quo

271 754 400 777 venturus
421 759 450 778 es
465 751 587 785 judicare
603 751 678 778 vivos
705 755 732 778 et
758 755 888 785 mortuos,
906 756 935 778 ut
957 752 1052 780 reddas

272 795 415 829 unicuique
430 796 575 823 secundum
594 803 675 831 opera
693 804 753 823 sua.

307 840 434 876 Populus.
453 841 606 869 Secundum
628 841 838 869 misericordiam
863 846 947 874 luant,
971 841 1050 875 Deus,

271 891 324 914 εις.

341 932 478 960 Sacerdos.
496 933 585 961 Oliero
610 934 667 966 tibi,
689 941 809 969 "omne,
831 935 950 970 symbola
984 935 1052 962 libe-

270 977 385 1005 rationis
411 986 476 1005 mea:
493 986 501 1006 :
517 979 607 1005 scribo
625 986 707 1013 opera
728 987 786 1006 mea
803 981 950 1006 secundum
969 979 1052 1006 verba

272 1029 316 1050 tua
326 1023 363 1059 (ιι)
381 1033 388 1050 :
407 1024 445 1051 Tu
460 1031 490 1051 es
510 1024 556 1059 qui
581 1024 676 1052 dedisti
701 1025 765 1052 mihi
794 1026 845 1052 hoc
873 1026 1050 1053 ministerium

307 1092 345 1127 (ιι)
365 1092 502 1120 Obscurus
519 1093 610 1126 locus,
627 1101 705 1128 quem
726 1095 872 1122 secundum
887 1095 1049 1122 sententiam

270 1127 388 1161 Coptica:
402 1128 533 1155 versionis
551 1127 728 1160 reddidimus,
744 1135 771 1155 et
792 1138 869 1163 quem
888 1130 1049 1164 interpretes

271 1164 392 1193 Arabes,
408 1167 461 1189 tam
485 1164 562 1190 istius
582 1164 683 1191 codicis
704 1165 805 1198 Coptici
820 1184 827 1194 ,
849 1172 929 1199 quam
951 1165 1047 1197 (irasci,

271 1206 324 1224 non
341 1198 464 1224 videntur
480 1199 649 1226 intellexisse.
667 1199 759 1225 Graeca
780 1199 878 1226 nullam
894 1199 1046 1226 obscurita-

269 1237 323 1270 tem
333 1233 439 1270 habent.
450 1232 557 1268 Ταύτης
567 1242 617 1270 μρυ
629 1234 676 1267 τῆς
688 1234 842 1269 ἐλευθερίας
854 1235 998 1270 προσφέρω
1008 1243 1048 1261 σοι

269 1268 304 1294 τὰ
329 1267 462 1305 οὐμὸρλαι
484 1270 540 1305 τνοίς
563 1269 665 1303 ῥήμασί
690 1277 736 1295 σου
757 1267 901 1304 ὲτξιτράᾲω
924 1267 1048 1305 rimosi-

267 1311 372 1338 γματα.
395 1303 474 1330 latius
494 1304 654 1330 liberatiouia
673 1312 737 1330 mea!
761 1306 885 1337 (scilicet
906 1311 953 1338 per
975 1303 1048 1332 salu-

270 1343 354 1364 taretn
375 1338 473 1365 Christi
497 1338 524 1365 in
550 1346 631 1365 carne
643 1339 890 1373 dispensationem)
905 1339 986 1373 offero
1000 1340 1047 1366 tibi

269 1373 385 1408 symbula
399 1381 407 1400 :
424 1373 504 1399 verbis
519 1374 570 1399 tuis
587 1381 627 1399 res
639 1373 751 1400 ascribo.
767 1374 827 1401 ΙΙΨο
843 1374 921 1407 igitur
936 1380 1047 1400 seiiten~

270 1407 307 1434 tia
322 1413 361 1434 est
375 1417 381 1434 :
398 1407 487 1435 Olfero
500 1409 545 1435 tibi
557 1409 613 1435 hazc
623 1409 752 1443 symbola,
767 1416 814 1435 seu
827 1410 957 1435 elementa
972 1410 1048 1443 panis

268 1448 298 1470 et
315 1443 380 1474 vini,
393 1451 451 1477 qua:
462 1451 494 1470 ex
508 1449 562 1475 tuo,
576 1444 693 1474 Christe,
709 1443 840 1476 instituto,
853 1449 1048 1476 repraesentant

269 1478 423 1512 passionem
452 1483 532 1509 tuam,
559 1485 606 1512 per
621 1486 699 1512 quam
723 1485 737 1504 a
763 1482 872 1512 peccato
893 1483 1047 1512 alternaque

785 147 948 175 LITURGlA
968 147 997 174 S.
1016 145 1181 174 GREGORIl
1200 146 1361 175 COPTICA.

1839 146 1891 173 685

1073 212 1093 238 Α
1109 208 1215 240 plenum
1229 207 1357 241 mysterio
1376 215 1382 232 :
1406 205 1555 240 dedislique
1578 206 1640 232 mihi
1655 205 1890 240 participationem

1109 254 1228 287 corporis
1243 256 1281 279 tui
1296 253 1321 279 in
1341 259 1408 286 pane
1425 257 1452 277 et
1467 252 1539 278 vitio.

1143 298 1270 331 Populus.
1284 299 1423 326 Credimus
1437 296 1638 334 [Ht‘xtsﬁopsv].

1147 344 1286 371 Sacerdos.
1304 343 1368 370 Nam
1383 351 1412 369 ea
1432 348 1508 370 nocte
1521 344 1547 370 in
1566 351 1617 377 qua
1633 343 1699 369 tradi
1720 343 1827 370 voluisti
1841 343 1890 377 (εἰ),

1107 390 1246 417 voluntate
1262 396 1289 417 et
1309 394 1441 424 potestate
1462 394 1505 416 tua
1528 390 1594 420 sola,
1611 389 1736 422 accepisti
1751 396 1846 423 panem
1865 389 1890 414 in

1107 443 1202 462 manus
1214 440 1272 461 tuas
1283 440 1400 466 sanctas,
1421 441 1511 468 puras,
1530 434 1726 466 immaculatas,
1746 434 1840 460 beatas
1863 437 1891 459 et

1105 480 1282 506 viviﬁcanles.

1141 524 1268 559 Populus.
1283 525 1422 552 Credimus
1436 526 1471 552 ita
1486 532 1555 551 esse.

1141 570 1279 599 Sacerdos.
1294 571 1327 598 Et
1338 571 1482 606 suspexisti
1496 571 1520 597 in
1531 570 1628 597 coelum
1644 570 1675 595 ad
1693 569 1798 595 Patrem
1814 574 1888 596 tuum

1106 617 1200 649 Deum,
1218 625 1250 644 ac
1270 618 1411 644 Dominum
1428 618 1560 647 omnium,
1573 621 1600 643 et
1611 616 1712 650 gratias
1729 615 1816 650 egisti.

1141 662 1267 696 Populus.
1287 663 1382 690 Amen.

1139 707 1279 734 Sacerdos.
1295 707 1327 734 Et
1343 706 1501 734 benedixisti
1522 705 1606 733 illum.

1139 753 1267 788 Populus.
1283 754 1378 780 Amen.

1141 798 1276 826 Sacerdos.
1293 798 1325 825 Et
1339 799 1514 826 sanctiﬁcasti
1532 798 1617 825 illum.

1141 845 1266 879 Populus.
1283 845 1378 872 Amen.

1143 889 1283 917 Sacerdos.
1303 890 1334 916 Et
1358 890 1463 925 fregisti
1480 889 1565 921 illum,
1585 893 1612 915 et
1630 888 1725 916 dedisti
1745 887 1817 914 illum
1835 887 1888 914 tiiis

1105 936 1229 970 gloriosis
1243 936 1381 970 discipulis
1394 935 1495 964 sanctis
1503 939 1529 962 et
1538 934 1664 969 apostolis
1674 934 1759 967 ptiris,
1774 933 1886 960 dicens:

1102 982 1230 1016 Accipite,
1257 982 1415 1008 manducate
1438 988 1471 1008 ex
1490 988 1523 1008 eo
1546 987 1650 1006 omnes.
1686 978 1742 1005 Hoc
1756 983 1798 1005 est
1815 978 1887 1005 enim

1103 1035 1200 1062 corpus
1213 1035 1301 1054 meum
1318 1027 1388 1062 quod
1402 1026 1534 1061 frangitur
1549 1033 1596 1061 pro
1614 1025 1700 1058 vobis,
1716 1030 1743 1052 et
1757 1031 1806 1059 pro
1820 1024 1888 1051 mul-

1101 1102 1143 1124 est
1159 1106 1166 1124 :
1185 1097 1298 1124 aliorum
1324 1096 1516 1131 interpretum,
1537 1095 1732 1131 qualiscunque
1754 1093 1808 1124 sit,
1826 1100 1879 1131 non

1102 1133 1206 1159 videtur
1229 1132 1290 1158 huic
1311 1131 1369 1158 loco
1396 1129 1553 1158 convenire:
1570 1130 1661 1163 Neque
1686 1130 1779 1156 mirari
1804 1129 1882 1163 quis-

1100 1174 1180 1201 quam
1206 1167 1284 1194 debet
1307 1167 1378 1200 quod
1407 1167 1433 1193 in
1459 1166 1560 1193 Griecis
1591 1164 1801 1198 interpretandis
1822 1164 1885 1201 Vali-

1100 1200 1205 1235 quando
1230 1202 1388 1228 halluciuati
1414 1201 1467 1228 sint
1483 1201 1637 1227 versionum
1653 1204 1796 1235 auctores,
1815 1200 1884 1224 Ara-

1100 1233 1221 1264 bicaruin
1250 1239 1416 1270 praesertim,
1443 1236 1488 1270 qui
1514 1235 1623 1263 Graecas
1650 1242 1730 1270 voces
1765 1233 1883 1267 Coptica:

1099 1271 1215 1298 orationi
1239 1269 1359 1302 iiitiisas,
1384 1269 1459 1305 smpti
1483 1278 1535 1297 nou
1564 1270 1629 1296 satis
1656 1269 1847 1305 intellexerunt
1873 1277 1882 1295 :

1099 1307 1169 1339 quod
1181 1325 1188 1336 ,
1207 1306 1251 1332 ubi
1267 1314 1334 1340 opus
1358 1304 1428 1337 erit,
1448 1305 1631 1340 tnonebimns;
1644 1305 1680 1330 lta
1708 1304 1733 1330 in
1751 1311 1782 1329 ea
1801 1311 1881 1340 prece

1099 1349 1158 1375 qua:
1181 1343 1258 1368 istam
1281 1338 1402 1375 proxime
1429 1340 1580 1371 antecedit,
1610 1338 1721 1365 Elceasti
1741 1339 1882 1375 primitias

1099 1374 1169 1402 meas
1187 1384 1265 1408 usque
1283 1374 1324 1401 ad
1341 1376 1449 1406 cretum,
1470 1381 1499 1402 ut
1523 1375 1602 1402 habet
1623 1379 1712 1400 textus
1735 1374 1883 1406 (lopticns,

1099 1410 1208 1441 Graece,
1225 1411 1264 1442 εἰς
1284 1410 1396 1446 οὐρανόν
1417 1419 1467 1444 μου
1489 1410 1537 1445 τὴν
1553 1409 1677 1444 ἀπαρχὴν
1694 1408 1882 1446 ἁνεϐίῦςιξαςγ,

1099 1446 1228 1472 sententia
1243 1451 1282 1472 est
1294 1444 1419 1478 sniiplcx,
1435 1447 1602 1479 maximeque
1617 1446 1765 1477 theologica
1780 1451 1787 1468 :
1804 1444 1882 1469 Chri-

1098 1485 1167 1506 stum
1188 1488 1294 1507 carnem
1311 1488 1397 1511 suam,
1413 1481 1452 1507 vel
1467 1478 1565 1514 putius’
1578 1478 1712 1506 hominem
1731 1486 1763 1505 ex
1781 1478 1878 1505 Atlami

271 1513 440 1550 damnatione
459 1513 644 1550 liberationem
665 1517 829 1550 consecutus
846 1521 925 1545 sum,
946 1513 1047 1550 faciens
1062 1519 1084 1549 ε
1101 1516 1227 1550 progenie
1261 1513 1601 1550 assumpttnn,_'taiiquant
1634 1513 1742 1548 humani
1772 1514 1881 1550 generis

269 1547 342 1581 quod
360 1547 552 1581 ipsejiissisti:
574 1556 617 1575 res
630 1555 704 1578 vero.
725 1548 781 1575 sive
791 1547 915 1575 eﬂ‘ectum
933 1549 1047 1582 promis-

270 1582 355 1609 sionis
369 1590 384 1608 a
407 1587 431 1608 te
445 1583 533 1614 iactae,
550 1583 654 1616 quoties
671 1583 827 1610 memoriam
844 1583 881 1609 tui
901 1583 938 1610 ita
953 1591 1046 1617 agere-

269 1623 349 1649 mus,
372 1624 424 1643 non
440 1617 506 1644 meis
524 1617 626 1645 meritis
637 1637 645 1649 ,
660 1617 706 1644 sed
723 1619 810 1644 verbis
827 1619 878 1644 tuis
889 1637 897 1649 .
914 1626 972 1651 qua:
985 1626 1045 1644 mox

271 1652 407 1678 recitanda
423 1656 485 1678 sunt
503 1653 619 1683 ascribo.
636 1654 672 1678 ita
685 1657 715 1679 ut
736 1653 769 1679 ab
783 1653 888 1679 illorum
903 1653 1002 1680 virtute
1018 1659 1045 1680 et

270 1687 464 1720 promissorum
483 1693 587 1714 tuorum
603 1687 764 1714 eertitudine
777 1693 863 1714 totum
878 1694 1041 1721 exspectem.

269 1721 501 1758 Arabsinterpres
518 1723 594 1755 cujus
609 1723 696 1749 versio
713 1723 849 1758 contextui
866 1722 990 1756 adjuncta
1004 1727 1046 1749 est

270 1756 298 1783 in
319 1756 412 1784 codice
434 1756 534 1792 Regio,
550 1759 585 1784 ita
599 1758 699 1784 vertit:
715 1757 803 1791 Offero
820 1758 865 1783 tibi
881 1758 996 1791 symbolo
1011 1758 1046 1783 li-

263 1791 411 1818 .berationis
427 1799 490 1818 mea
504 1793 531 1818 in
546 1793 626 1819 verbis
641 1793 703 1824 tuis,
719 1792 825 1827 designo
840 1798 966 1826 prtecepta
980 1798 1025 1819 tua
1036 1801 1046 1820 :

270 1827 333 1860 quia
362 1827 482 1853 ultimam
507 1835 599 1854 vocem
628 1828 733 1854 videtur
758 1827 794 1854 ita
825 1827 936 1861 legisse.
960 1832 990 1854 ut
1013 1835 1045 1854 ex

270 1861 420 1896 πράγματα
441 1861 532 1890 fecerit
558 1862 763 1897 προστάγματα.
790 1861 1045 1897 Οοῐηρθηάίςινεηίιη

270 1898 410 1931 scripturae
423 1897 523 1928 Graecis
548 1896 666 1924 librariis
682 1896 774 1924 inediae
787 1897 875 1924 relatis
893 1896 1045 1924 familiaris-

270 1932 350 1964 sima,
363 1938 435 1965 saepe
454 1931 541 1959 fraudi
564 1932 774 1966 descriptoribus
788 1931 880 1966 fuisse,
895 1932 985 1958 sciunt
999 1932 1044 1965 qui

270 1967 469 2000 inanuscriptos
496 1967 603 1994 codices
623 1965 814 1993 tractaverunt.
841 1965 888 1992 Ille
913 1973 976 1992 vero
999 1966 1046 2000 qui

270 1999 383 2036 Regium
399 1999 550 2035 descripsit,
563 2009 617 2029 sua:
631 2001 714 2036 ipsius
729 2001 869 2036 imperitia:
885 2000 968 2027 multa
981 1999 1045 2028 reii-

270 2035 328 2069 quit
347 2036 465 2068 indicia.
484 2036 531 2063 sed
551 2043 631 2071 quam
643 2035 779 2064 dubitaret
799 2036 832 2063 de
853 2035 1047 2070 significatione

269 2077 366 2106 yoeum
385 2071 574 2106 compendiose
593 2072 754 2106 scriptarum
778 2075 890 2106 testatus
911 2071 1045 2106 est,rdum

267 2104 386 2132 indicem
397 2104 499 2138 earum,
511 2114 571 2140 qua:
585 2106 613 2133 in
625 2104 728 2134 duabus
742 2107 801 2134 istis
816 2105 944 2140 Liturgiis
959 2105 1047 2133 obvia:

271 2145 344 2172 sunt,
356 2141 389 2167 ad
410 2142 488 2167 liuent
503 2141 608 2174 adjecit.

307 2173 409 2202 Textus
423 2183 486 2202 vero
501 2173 643 2210 comicus.
656 2175 700 2209 qui
716 2175 870 2209 primariam
882 2174 969 2202 Graeci
985 2182 1046 2202 ver-

267 2209 376 2237 sionem
390 2210 512 2241 exhibet.
529 2211 606 2237 aliter
620 2211 729 2237 omnino
744 2211 838 2237 eadem
851 2210 932 2236 verba
947 2217 1046 2243 reprae-

270 2250 379 2280 sentat,
401 2253 433 2272 eo
449 2245 551 2272 scilicet
571 2252 624 2280 quo
639 2246 820 2277 expressimus
834 2245 912 2280 modo
929 2253 935 2271 :
956 2243 1045 2280 Olfera

273 2279 320 2305 tibi
332 2280 447 2314 symbolo
458 2278 617 2314 libefatt'oiiis
628 2287 700 2311 metr,
714 2279 757 2314 ubi
768 2287 819 2306 vox
834 2278 927 2314 Grrrecar
945 2278 1046 2313 σύμϐο-

270 2314 328 2346 λον,
347 2313 470 2349 sequens
489 2313 647 2349 Egyptiaca
671 2313 835 2349 ἐλευθερίαν,
855 2313 1044 2349 ἐλευθέρωσιν,

271 2348 512 2381 alrolutionemque
527 2348 675 2384 signiﬁcat,
696 2348 892 2382 usurpaturque
906 2349 981 2375 initio
1003 2348 1046 2375 Li-

273 2385 419 2418 turgiarum
437 2385 470 2411 ad
491 2383 595 2410 titulum
620 2384 749 2411 orationis
773 2383 861 2414 illius,
876 2390 935 2416 quia
946 2384 1046 2410 dicitur

270 2419 460 2446 Abiolutionis.
473 2418 564 2446 Scriba
577 2427 654 2452 opera
662 2427 718 2444 mea
734 2419 876 2445 secundum
887 2418 961 2444 verba
976 2422 1022 2444 tua
1034 2425 1043 2443 :

271 2453 306 2479 ita
330 2455 362 2481 ad
384 2454 494 2481 verbum
518 2454 606 2480 versio
627 2453 740 2480 Arabica
762 2460 822 2487 quae
843 2453 1042 2487 ambiguitatem

271 2488 362 2520 habet,
381 2490 444 2523 quia
459 2489 564 2515 Arabes
578 2495 696 2522 praesens
705 2492 732 2514 et
743 2487 861 2514 futurum
870 2495 927 2523 non
946 2487 1042 2523 distin-

269 2528 354 2556 guunt
378 2522 403 2550 iii
428 2524 570 2550 verborum
592 2523 735 2550 inﬂexione
759 2531 767 2550 :
792 2523 845 2549 into
869 2522 1042 2556 imperativus

271 2558 364 2585 modus
376 2558 527 2585 nullatenus
540 2557 635 2585 diﬁert.
645 2558 740 2591 Itaque
753 2557 821 2584 verti
836 2561 931 2591 potest,
944 2557 1040 2589 scribo,

270 2597 298 2618 ut
316 2594 467 2620 vertendum
481 2597 523 2619 est
538 2593 683 2620 secundum
697 2592 819 2619 Graecum
835 2591 971 2624 exemplar
985 2592 1040 2624 pri-

269 2628 394 2659 marium,
406 2628 518 2654 scribam
529 2646 536 2658 ,
550 2633 594 2654 aut
610 2628 680 2654 sicut
695 2626 824 2654 Maronita
842 2627 933 2656 vertit,
950 2627 1040 2652 Scribe

268 2668 347 2694 opera
361 2670 418 2689 mea
433 2663 575 2688 secundum
601 2662 705 2689 verbum
721 2668 804 2688 tuum.
827 2661 883 2688 Vox
895 2661 1040 2695 symbolum

268 2698 350 2724 variis
367 2698 491 2724 Arabicis
508 2698 618 2729 vocibus
635 2697 805 2730 exprimitur,
825 2703 884 2730 qua:
901 2701 988 2722 Iatttcn
1006 2696 1038 2722 ad

266 2732 386 2759 eamdem
410 2732 633 2766 signiﬁcationem
653 2731 814 2761 referuntur,
830 2738 925 2764 nempe
941 2734 1037 2766 .‘i't‘DZN

267 2765 862 2801 typusm'mvﬂsignum,mnmneumplum,
874 2771 927 2793 etc.
943 2765 975 2792 Ut
989 2767 1038 2791 0b-

267 2809 473 2828 servaviinuscx
489 2803 690 2834 comparatione
707 2803 873 2828 diversorum
895 2801 1030 2832 codicum,

266 2843 324 2867 quae
334 2837 448 2863 varietas
454 2837 654 2870 perplexdatcin
665 2835 909 2870 interpretumsatis
921 2835 1033 2861 indicat.

267 2871 402 2898 hcntentia
419 2878 499 2905 quam
515 2870 607 2898 Graeca
623 2872 702 2898 verba
719 2870 872 2905 praeferunt,
889 2870 1034 2905 simplicior

1100 1548 1249 1584 primitias,
1273 1550 1298 1576 in
1317 1550 1414 1576 coelum
1439 1548 1576 1580 elevasse,
1603 1553 1656 1574 tum
1678 1555 1724 1582 per
1748 1549 1879 1584 unionem

1100 1583 1197 1611 tllVillm
1221 1589 1342 1615 natum,
1361 1589 1415 1611 tum
1441 1592 1488 1618 per
1507 1584 1692 1610 ascensionem
1716 1584 1741 1609 in
1769 1583 1878 1609 caelum.

1100 1619 1208 1646 Scilicet
1232 1619 1355 1653 priutitite
1379 1618 1518 1649 Christus,
1541 1619 1664 1653 primum:
1690 1618 1879 1653 dormientium

1099 1653 1126 1689 (1
1140 1653 1199 1681 Cor.
1215 1663 1258 1686 xv,
1273 1654 1323 1682 25)
1340 1663 1347 1680 :
1361 1659 1388 1680 et
1404 1654 1497 1689 eodem
1510 1660 1588 1689 sensu
1603 1653 1628 1679 in
1648 1652 1768 1687 Liturgia
1779 1652 1880 1689 Ecsto-

1100 1687 1132 1715 i'ii
1148 1689 1315 1716 Eucharistia
1335 1694 1445 1715 vocatur
1469 1687 1572 1714 Oblalio
1593 1688 1651 1718 viva,
1663 1692 1686 1714 et
1712 1687 1877 1720 sacri/icium

1100 1732 1151 1750 non
1168 1729 1322 1754 mactatum,
1342 1723 1519 1755 primitiarum
1545 1727 1705 1749 nostrarum.
1723 1723 1789 1748 Cum
1813 1730 1878 1749 vero

1099 1758 1213 1792 Coptita:
1227 1759 1387 1786 relinueriut
1402 1766 1494 1784 vocem
1513 1758 1596 1791 ipsam
1613 1756 1734 1784 Griecam
1749 1757 1876 1792 ἀπαρχὴ,

1099 1793 1223 1828 ambigue
1239 1794 1345 1828 quidem
1361 1800 1421 1820 eam
1438 1793 1551 1819 reddidit
1569 1793 1654 1828 Arabs
1665 1792 1741 1828 .‘quir
1757 1799 1789 1819 co
1800 1797 1877 1818 licem

1098 1825 1220 1855 Graecum
1230 1825 1419 1862 iiiterpretatus
1429 1833 1470 1854 est
1480 1831 1573 1856 inanti
1584 1835 1591 1853 :
1605 1827 1650 1861 qui
1666 1825 1806 1862 Copticnin
1819 1834 1877 1861 pes-

1098 1864 1182 1895 sime;
1211 1860 1308 1897 nempe
1339 1862 1494 1889 oblationem
1531 1860 1618 1888 meam
1639 1865 1745 1897 una-rp.
1781 1860 1825 1888 Ut'
1851 1863 1877 1888 in

1099 1897 1192 1925 codice
1213 1898 1383 1932 Scaligerano
1402 1906 1409 1924 :
1425 1897 1470 1932 alii
1500 1902 1559 1932 uota
1579 1903 1654 1932 mea,
1675 1901 1703 1922 ut
1717 1897 1721 1904 '
1737 1897 1837 1930 Regius
1850 1901 1877 1923 et

1099 1937 1190 1959 noster
1207 1941 1214 1959 :
1228 1930 1299 1959 nullo
1330 1939 1421 1959 sensu.
1447 1931 1503 1958 Nec
1518 1931 1590 1958 enim
1623 1930 1748 1958 Christus
1762 1932 1877 1958 elevavit

1099 1967 1132 1993 ad
1149 1967 1232 1994 cmlos
1253 1967 1384 2002 primitias
1400 1971 1428 1994 et
1443 1966 1609 2002 oblationes.
1626 1966 1648 1993 si
1667 1966 1699 1992 de
1708 1966 1793 2002 gdonis
1815 1973 1877 2000 pro-

1099 2003 1194 2034 positis
1217 2000 1379 2036 intelligatur
1407 2002 1464 2028 baac
1487 2001 1627 2036 orationis,
1645 2000 1791 2034 particula,
1817 2008 1877 2034 qua:

1099 2038 1216 2064 nondum
1237 2035 1393 2064 consécrata
1408 2040 1480 2064 sunt.
1501 2035 1593 2069 Neque
1605 2035 1767 2062 oblationem
1783 2042 1876 2062 sacer-

1099 2071 1147 2099 dos
1165 2077 1237 2099 recte
1253 2079 1348 2099 vocare
1363 2076 1449 2105 potest
1465 2071 1593 2104 primitias
1607 2078 1668 2096 sua:
1683 2074 1707 2096 et
1723 2075 1783 2097 eota
1805 2079 1854 2097 sua
1865 2089 1875 2102 ,

1099 2112 1159 2132 cum
1179 2113 1265 2140 neque
1279 2104 1403 2141 primitim
1417 2106 1482 2141 sint,
1500 2105 1606 2139 proprie
1621 2104 1766 2139 loquendo,
1787 2112 1874 2140 neque

1099 2145 1159 2168 vota
1177 2141 1262 2173 illius,
1280 2140 1329 2168 sed
1348 2141 1428 2167 totius
1451 2140 1578 2168 Ecclesiae
1597 2143 1624 2166 et
1641 2140 1875 2167 circumstantium

1100 2182 1214 2209 quorum
1235 2177 1342 2202 nomine
1356 2175 1401 2202 illa
1421 2174 1498 2202 offert
1513 2184 1520 2201 :
1540 2175 1673 2208 tutiusque
1686 2175 1819 2201 orationis
1833 2182 1876 2202 se-

1098 2212 1151 2238 ries
1161 2229 1168 2241 .
1185 2215 1215 2238 ut
1232 2210 1447 2237 animadvertere
1467 2210 1545 2237 facile
1560 2210 1675 2244 quisque
1689 2214 1787 2243 potest,
1802 2209 1875 2237 aliud

1096 2245 1159 2279 quid
1175 2245 1284 2272 omnino
1299 2245 1442 2279 signiﬁcat.

1131 2279 1168 2314 (5)
1187 2279 1253 2306 Tota
1279 2278 1336 2306 hinc
1364 2287 1426 2313 pars
1450 2278 1529 2306 olﬁcii
1553 2278 1723 2306 eucharistici
1748 2283 1874 2306 convenit

1095 2321 1156 2341 cum
1169 2314 1262 2342 Gnaeo
1278 2314 1396 2348 ejusdem
1411 2314 1536 2348 Liturgize
1550 2315 1656 2346 codice;
1672 2319 1701 2340 ut
1713 2315 1794 2341 etiam
1813 2322 1872 2340 cum

1095 2349 1155 2376 aliis
1171 2349 1295 2376 omnibus
1306 2350 1378 2376 circa
1395 2349 1577 2375 recitationem
1590 2349 1718 2376 institute
1732 2357 1747 2375 a
1765 2349 1873 2375 Christo

1096 2384 1287 2414 Encharistiie,
1303 2389 1330 2411 et
1358 2383 1500 2410 verborum
1516 2383 1599 2416 illius,
1618 2385 1651 2410 de
1667 2392 1719 2418 qua
1744 2384 1810 2410 nihil
1833 2389 1873 2410 est

1094 2419 1266 2453 singulariter
1280 2419 1486 2453 observandum.
1501 2424 1596 2452 praeter
1608 2426 1639 2445 ea
1651 2426 1711 2452 qna-
1725 2418 1797 2445 dicta
1810 2424 1873 2444 sunt

1094 2453 1128 2488 ad
1142 2452 1266 2480 eumdem
1283 2453 1381 2488 locum,
1392 2452 1519 2487 Liturgiee
1538 2453 1638 2479 Basilii.
1664 2452 1811 2488 Κλώμενον
1826 2454 1872 2478 καὶ

1092 2487 1283 2523 διαδξδόμενον,
1308 2490 1341 2514 de
1364 2487 1464 2514 Christi
1488 2495 1615 2521 corpore,
1638 2493 1670 2523 ul.
1692 2488 1872 2523 ὲκχυνόμενον

1093 2523 1126 2549 de
1140 2522 1239 2549 Christi
1256 2523 1385 2557 sanguine
1398 2541 1405 2553 ,
1421 2529 1468 2556 per
1485 2530 1603 2555 pra-setis
1620 2527 1646 2549 et
1662 2522 1781 2549 fnturmn
1805 2529 1871 2548 teni-

1092 2565 1143 2590 pus
1162 2557 1272 2590 intelligi
1290 2562 1393 2591 potest,
1408 2558 1553 2583 secundum
1575 2558 1714 2584 versiones
1728 2557 1869 2583 Arahicas.

1093 2592 1120 2618 In
1140 2591 1247 2626 Coptica
1267 2590 1388 2619 versione
1410 2592 1550 2625 frangitur,
1571 2597 1599 2619 et
1619 2591 1736 2618 dabitur.
1763 2590 1872 2619 Utrovis

1093 2628 1170 2654 modo
1182 2629 1273 2654 eadem
1286 2627 1445 2661 signiﬁcatio
1456 2632 1496 2652 est
1510 2633 1518 2652 :
1532 2627 1593 2661 Syri
1604 2628 1728 2661 praesenti
1749 2632 1871 2661 tempore

1090 2661 1169 2695 vulgo
1195 2667 1393 2696 expresserunt.
1419 2660 1568 2688 Mistioneiit
1595 2660 1670 2696 aqua:
1699 2669 1759 2688 cum
1791 2663 1870 2693 vino,

1090 2704 1168 2729 quam
1182 2696 1308 2723 Ecclesiae
1321 2703 1414 2723 omnes
1430 2702 1555 2728 servant,
1571 2703 1664 2723 contra
1679 2703 1760 2730 quam
1775 2698 1869 2723 existi-

1091 2736 1163 2757 mant
1185 2731 1384 2762 Protestanies.
1401 2731 1444 2758 hic
1458 2731 1531 2757 locus
1552 2732 1712 2763 continuat,
1736 2736 1766 2757 ut
1788 2733 1870 2758 etiam

1091 2765 1198 2800 reliquie
1212 2773 1305 2793 omnes
1319 2765 1454 2799 Liturgiaa.
1467 2765 1616 2792 Nestoriani
1629 2766 1718 2792 edisse
1729 2771 1757 2792 et
1769 2766 1870 2793 bibisse

1088 2800 1223 2827 Christum
1241 2808 1273 2827 ex
1289 2807 1356 2834 pane
1370 2806 1397 2827 et
1412 2801 1496 2827 calice
1511 2801 1674 2828 consecratis
1691 2800 1783 2827 dicunt
1803 2810 1810 2827 :
1827 2801 1869 2828 hic

1088 2835 1198 2868 (Zoptine
1213 2835 1245 2861 de
1260 2837 1317 2863 solo
1328 2835 1420 2867 calice,
1435 2836 1505 2869 quod
1523 2840 1610 2863 tamen
1627 2836 1652 2862 in
1667 2834 1763 2863 Graeco
1776 2837 1870 2864 codice

1088 2878 1138 2896 non
1155 2871 1260 2904 legitur.

1063 2196 1084 2223 D
