2027 3135
132 170 186 198 685

647 173 810 202 LITURGIA
830 174 859 201 S.
881 171 1044 200 GREGORII
1062 172 1220 200 COPTICA.

1703 176 1754 203 ΘΜ

131 231 169 257 tis
187 230 306 262 dabitur,
321 229 347 257 in
364 230 549 258 remissionem
561 237 732 266 peccatorum
752 242 760 260 :
777 233 827 260 hoc
841 232 919 259 facite
934 236 957 262 Α
971 231 1022 259 hoc
1045 239 1123 266 pane,
1140 236 1167 258 et
1181 231 1304 258 biberitis
1319 238 1351 257 ex
1379 231 1430 258 hoc
1450 232 1542 265 calice,
1560 234 1755 263 annumiabitis

132 275 160 302 in
173 282 259 302 meam
273 276 568 305 commemorationem.

167 319 297 354 Populus.
313 319 350 346 ita
368 324 409 347 est
421 319 447 346 in
468 321 506 348 rei
526 326 649 349 vernale.
669 322 766 349 Amen.

167 365 309 393 Sacerdos.
328 365 458 392 Similiter
472 370 611 401 postquam
628 368 812 399 comederunt,
836 375 916 395 accc-

130 409 193 444 pisti
206 409 331 443 calicem,
351 415 379 437 et
397 411 528 439 miscuisti
555 419 615 439 cum
641 419 674 439 ex
692 412 779 440 lructu
801 413 864 440 vitis
891 418 918 439 et

132 463 220 490 aqua;
237 460 265 482 et
279 456 380 490 gratias
391 456 481 491 egisti.

167 501 297 533 Populus.
314 504 410 530 Amen.

167 546 307 574 Sacerdos.
323 547 356 574 Et
369 547 527 575 benedixisti
541 547 626 576 illum.

167 591 297 627 Populus.
314 593 409 621 Amen.

166 639 306 666 Sacerdos.
325 639 358 666 Et
374 640 549 668 sanctiticasti
566 641 651 668 illum.

167 684 297 718 Populus.
314 687 411 713 Amen.

167 731 308 759 Sacerdos.
322 732 352 759 Et
368 732 479 767 gustasti
489 754 496 766 ,
510 737 538 761 et
553 732 647 760 dedisti
664 732 736 760 illum
754 732 806 760 tuis
820 732 918 768 glorio-

130 778 170 805 sis
198 778 337 813 discipulis
361 780 462 807 sanctis
486 784 513 806 et
537 779 665 814 apostolis
687 780 774 814 puris,
806 780 916 807 dicens:

131 825 263 859 Accipite,
278 825 363 852 bibite
380 833 412 853 ex
432 832 464 852 eo
478 833 581 853 omnes.
596 825 645 853 Hic
660 831 701 853 est
715 826 788 853 enim
809 827 918 860 sanguis

133 878 209 897 incus
224 870 284 897 novi
298 869 476 904 Testamenti,
493 870 538 905 qui
553 870 697 897 ell‘unditur
720 877 769 904 pro
789 870 874 901 vobis,
893 875 920 897 et

133 922 181 948 pro
196 914 289 941 multis
302 914 381 941 datur
401 915 428 941 in
444 915 629 942 remissionem
651 919 821 949 peccatorum
840 924 847 941 :

132 959 213 987 facile
231 960 260 987 in
279 967 365 987 meam
381 961 676 988 commemorationem.

166 1003 295 1039 Populus.
310 1005 347 1032 Ita
365 1012 472 1040 quoque
485 1010 526 1033 est
543 1006 569 1033 in
585 1006 622 1033 rei
641 1006 763 1033 veritate.

165 1050 310 1078 Sacerdos.
324 1051 541 1086 Quotiescunque
553 1051 624 1079 enim
642 1051 869 1078 manducaveritis
884 1058 916 1078 ex

167 1139 208 1174 (6)
235 1139 344 1176 Insigne
366 1146 477 1174 prorsus
505 1139 564 1176 haec
586 1140 678 1176 _oratio
707 1140 827 1167 continet
857 1139 916 1166 fidei

132 1174 304 1208 Coptitaruni
319 1176 351 1202 de
366 1183 428 1201 vera
445 1179 472 1201 et
488 1174 553 1201 reali
569 1174 764 1201 elementorum
784 1180 918 1201 transilui-

132 1210 236 1237 talione
261 1211 443 1237 testimonium
461 1218 467 1236 :
489 1209 560 1243 quod
587 1209 612 1235 in
633 1209 727 1236 Graeco
748 1210 840 1236 codice
865 1217 916 1236 non

133 1245 224 1279 minus
237 1245 345 1279 legitur,
360 1252 440 1279 quam
458 1245 483 1271 in
496 1244 626 1277 Copticis.
646 1244 744 1271 Petunt
757 1244 870 1273 scilicet.
890 1249 918 1271 ut

133 1278 206 1305 Deus
219 1278 378 1306 transmutet
390 1280 457 1305 dona
473 1279 619 1313 proposita,
640 1286 705 1306 voce
720 1287 767 1306 sua
785 1279 852 1309 sola.
868 1280 919 1306 ltoc

135 1319 177 1341 est
187 1315 299 1349 imperio
315 1322 364 1341 suo
376 1315 475 1346 divino,
489 1315 558 1348 quod
572 1314 640 1339 idem
652 1319 693 1340 est
708 1322 738 1341 ac
748 1315 769 1340 si
783 1315 901 1341 dicerent
912 1334 920 1345 ,

134 1356 230 1382 petere
250 1357 279 1376 se
294 1350 319 1376 id
338 1350 408 1383 quod
425 1350 508 1376 solius
529 1349 730 1382 omnipotentia:
746 1349 842 1375 divinze
855 1357 922 1382 opus

135 1390 188 1410 cst.
203 1385 290 1412 Verba
303 1392 364 1419 quae
377 1384 626 1419 transmutationetn
639 1384 800 1417 signiﬁcant,
815 1384 919 1415 Cra-ce,

139 1419 302 1455 Egyptiace
317 1425 344 1446 et
354 1419 469 1446 Arabice
482 1419 588 1453 plenam
601 1418 684 1451 illam,
698 1424 725 1445 et
739 1420 869 1453 integrann
886 1419 922 1445 rei

139 1466 167 1492 ia
190 1473 248 1492 rem
275 1464 537 1492 transformationem
558 1464 699 1497 designant
713 1472 720 1490 :
736 1463 859 1496 Phonkh,
879 1455 925 1493 ΙξἰιΊ

140 1516 169 1538 et
182 1503 252 1554 "JFJ:
270 1516 300 1538 ut
317 1510 439 1544 Graecum
455 1511 647 1545 μεταποίησον.

174 1557 317 1584 Christum
328 1556 406 1591 quasi
420 1561 578 1591 pra-sentem
589 1555 769 1589 alloquuntur,
783 1559 810 1583 et
818 1555 850 1583 ad
862 1563 923 1583 eum

136 1594 295 1619 orationem
316 1592 444 1625 dirigunt,
459 1591 485 1617 in
502 1598 555 1625 quo
568 1591 730 1617 adorationis
751 1591 838 1617 cultus
857 1599 922 1617 con-

136 1628 251 1660 tinetur,
266 1632 293 1653 ct
305 1627 386 1653 simul
403 1625 536 1661 professio
553 1626 672 1661 ﬁdeitde
687 1633 749 1652 vera
763 1626 882 1658 ejusdem
896 1627 921 1653 in

134 1662 317 1689 eucharistira
339 1668 431 1688 mensa
456 1662 608 1695 praasentia.
629 1660 702 1687 Illam
728 1661 795 1687 satis
817 1660 921 1695 signiti-

133 1702 198 1723 cant
216 1697 295 1723 verba
310 1696 411 1723 Graeca:
430 1695 567 1730 Liturgize.
583 1695 670 1726 Αὐτὸς
684 1695 780 1731 παρὼν
802 1695 850 1730 τὴν
871 1704 922 1731 μυ-

135 1733 232 1767 στικὴν
246 1731 347 1766 ταύτην
364 1731 533 1766 λειτουργίαν
545 1731 715 1766 κατάρτισον·
741 1731 922 1767 quae_quidem

133 1765 216 1794 aliter
229 1767 314 1800 accipi
326 1765 460 1801 possent,
482 1773 578 1800 nempe
598 1765 626 1793 ut
642 1770 782 1800 rogaretur
795 1765 922 1792 Christus

135 1803 245 1834 adesse,
263 1807 287 1828 et
304 1809 421 1835 prtcseus
436 1803 486 1828 hoc
503 1801 644 1835 mysticum
665 1801 844 1827 ministerium
862 1807 923 1834 per-

136 1838 230 1869 licere,
249 1837 320 1871 unde
339 1837 525 1871 Protestantes
538 1835 739 1871 concluderent,
761 1839 921 1871 praesentem

135 1879 191 1898 tuon
209 1879 272 1898 esse
298 1869 372 1898 illum
388 1870 465 1904 cujus
483 1870 627 1904 praesentia
652 1869 843 1905 postularetur.
869 1869 922 1896 Sed

135 1906 322 1933 diﬂicnltatem
346 1903 454 1933 omnem
474 1903 582 1933 solvunt
606 1903 746 1932 vei-siones
760 1903 877 1938 Copticte
896 1909 923 1931 et

135 1941 277 1972 Arabicae,
292 1942 354 1968 dum
370 1941 434 1968 illud
448 1938 544 1975 παρών
560 1940 597 1966 ita
613 1941 778 1974 exprimunt.
792 1944 821 1975 nt
834 1947 923 1975 coram

136 1977 336 2010 ιοῡῐεμοεὶιιιε.
356 1976 427 2011 quod
446 1974 599 2010 exprimunt
624 1974 923 2011 interpretesCopticus

134 2016 165 2037 et
178 2011 267 2038 Arabs
286 2021 292 2038 :
307 2010 458 2038 aliailectio
468 2031 475 2043 ,
499 2011 545 2045 qui
560 2018 672 2044 praesens
685 2018 729 2041 es,
743 2015 767 2036 et
779 2010 847 2036 inter
865 2017 922 2038 nos.

177 2051 330 2086 Sequitur:
350 2050 427 2077 Hine
447 2058 526 2083 super
541 2049 722 2086 nosigratiom
747 2047 860 2086 Spiritus
884 2050 922 2075 lui

135 2085 238 2118 κικιῖ,
252 2088 296 2120 qui
319 2086 462 2120 sanctiﬁcat
477 2090 500 2111 et
514 2085 655 2120 transferat
676 2085 731 2110 haec
746 2085 815 2110 dona
827 2090 923 2120 propo-

136 2124 188 2149 sita
216 2117 243 2147 in
258 2117 362 2151 'corpus
379 2117 408 2147 εί
429 2117 693 2154 sanguinem'salutig
715 2117 923 2154 nostrw._l'aulo

136 2157 217 2183 aliter
236 2155 346 2183 Griecus
366 2156 460 2182 codex.
478 2152 566 2185 Ἀὺτὸς
579 2154 608 2180 τὸ
624 2153 737 2189 Πνεῦμά
753 2161 799 2189 σοι)
809 2152 840 2189 τνὸ
856 2161 925 2189 itav-

137 2192 217 2226 ἅγιον
248 2190 429 2226 κατάπεμψον
437 2198 450 2226 '7
463 2190 505 2226 Eva.
525 2188 709 2226 ὲπιφοιτῇσιινΔ
722 2189 758 2226 τῇ
780 2188 856 2226 om,
877 2188 924 2214 καὶ

137 2200 217 2226 αγιον
248 2199 443 2252 καταπὲἑιψον·
464 2199 505 2216 ινα
525 2199 703 2223 επιφοιτησαν
722 2199 755 2224 τῃ
780 2199 856 2223 una,
877 2199 923 2214 και

136 2227 229 2261 ἀγαθῇ
245 2226 294 2252 καὶ
311 2227 340 2252 ὲν
371 2226 408 2260 ξῳ
422 2224 504 2262 αὐτοῦ
524 2223 799 2262 παροιέσίᾳηᾲγιάσῃ
809 2223 859 2262 grai.
875 2231 923 2262 μς-

135 2258 277 2297 τὰποίῆσῃ
302 2261 337 2288 τὰ
354 2258 521 2297 πρὶξκεζμεεα
538 2258 584 2297 itali.
601 2258 666 2297 ἅγιά
680 2258 755 2297 δῷρα
772 2258 858 2297 fret—rm.
879 2259 919 2297 εζς

137 2297 217 2328 αὐτὸ,
230 2293 354 2332 esse,”
371 2293 417 2322 Ital.
472 2293 542 2332 αἷμα
552 2294 602 2332 τῆς
616 2293 754 2332 ἡμετέρας
767 2293 919 2328 ἀπολυτρώ-

138 2340 222 2363 σεως.
241 2330 387 2358 Sententia:
407 2331 477 2357 nulla
497 2330 661 2357 diversitas:
685 2330 789 2363 plenior
804 2332 920 2363 etﬁube-

138 2362 257 2394 rioriest
276 2366 369 2393 Graeca
392 2365 523 2397 formula,
543 2364 590 2391 sed
608 2362 700 2391 eodem
723 2364 804 2390 redit.
825 2362 920 2390 Versio

137 2402 257 2429 Arabica
280 2401 375 2428 Cra-co
399 2400 482 2427 textui
503 2399 627 2433 adjuncta
650 2399 722 2425 illam
744 2403 869 2425 accurate
893 2403 920 2425 et

137 2437 273 2463 verbalim
295 2439 478 2470 repraesentat.
504 2433 806 2470 ltaque,rquod_obi_ter
826 2434 919 2460 obser-

139 2474 273 2503 vandum,
285 2468 393 2506 rogatur
403 2469 538 2506 Christus,
551 2474 580 2495 ut
594 2469 682 2495 mittat
696 2468 826 2506 Spiritum
841 2475 919 2506 situm

139 2512 282 2537 sanctum;
300 2503 328 2532 in
346 2506 443 2539 quibus
461 2504 550 2530 verbis
565 2509 715 2539 agrmscunt
729 2503 842 2536 Coptita:
857 2503 917 2539 Spi-

141 2542 224 2568 ritum
241 2537 364 2567 sanctuui
385 2546 445 2567 esse
464 2537 594 2574 Spiritum
609 2537 685 2570 Filii,
702 2542 729 2565 et
743 2538 776 2574 ab
791 2537 918 2574 camilli.

140 2576 257 2602 Mittitur
271 2583 335 2602 vero
349 2574 464 2609 Spiritus
482 2572 591 2600 sanctus
604 2574 636 2599 ad
651 2580 718 2607 opus
733 2572 839 2609 aliquod
854 2572 921 2609 divi-

140 2619 222 2642 num,
237 2617 264 2638 et
289 2607 413 2636 humanis
426 2609 529 2636 viribus
546 2608 684 2642 superius,
709 2609 779 2641 quod
794 2608 827 2634 de
845 2607 898 2633 alio
912 2626 920 2638 ,

140 2653 224 2680 quatit
238 2647 270 2672 de
283 2644 506 2680 transmutatione
520 2644 654 2680 donorum
667 2642 694 2669 in
707 2649 806 2680 corpus
820 2646 847 2668 et
859 2649 922 2680 san:

139 2676 252 2715 iuit-em
278 2680 399 2711 Christi,
416 2678 534 2715 intelligi
548 2685 599 2705 non
620 2682 717 2712 potest.
741 2677 835 2715 Itaque
853 2676 921 2715 nihil

140 2711 194 2743 Bac
203 2716 341 2742 sententia
354 2714 438 2748 magis
448 2711 626 2750 perspicuum,
642 2715 688 2750 aut
701 2712 787 2750 magis
796 2711 920 2750 simplex,

141 2755 223 2784 atque
250 2750 283 2776 ad
308 2747 425 2776 veterem
449 2748 577 2774 Ecclesia:
603 2747 746 2784 Orientalis
769 2747 921 2784 doctrinam

141 2780 229 2820 magis
240 2784 485 2820 accommodatum,
499 2790 558 2809 cum
570 2789 663 2820 omnes
675 2782 800 2815 Liturgia:
811 2780 921 2820 Graecae,

142 2816 275 2855 Syriacze,
290 2818 413 2855 Coptica
428 2818 610 2852 cujuscunque
629 2817 755 2855 ritus_aut
768 2821 860 2855 sectte,
875 2816 922 2842 iis-

141 2851 202 2883 dem
231 2862 319 2890 prope
333 2851 429 2890 verbis
454 2851 606 2879 contextam
629 2852 752 2890 canidem
774 2851 922 2890 orationem

140 2884 352 2926 repraesentem.
371 2888 406 2914 De
421 2894 532 2915 censura
553 2893 632 2921 quam
647 2886 673 2912 in
689 2893 759 2919 eam,
777 2890 804 2913 ut
820 2893 834 2912 a
850 2884 924 2912 Grot-

971 283 1083 305 mortem
1123 285 1209 305 meam
1241 281 1268 304 et
1298 277 1492 305 conlitebimini
1526 280 1755 309 resurrectionem

971 331 1067 354 meam,
1087 328 1114 350 et
1133 323 1183 350 mei
1212 323 1371 350 memoriam
1400 323 1515 356 facietis,
1536 324 1621 352 donec
1637 327 1753 353 veniam.

1006 367 1134 402 Populus.
1147 368 1258 395 Mortem
1274 372 1355 401 tuam,
1371 368 1494 402 Domine,
1510 370 1709 404 annuntiamus,
1727 376 1756 399 et

970 416 1090 439 sanctam
1109 412 1333 439 resurrectionem
1352 417 1422 439 tuam
1447 417 1474 439 et
1490 414 1674 441 ascensionem
1689 422 1756 442 con-

971 456 1094 489 ﬁtemur;
1110 460 1135 483 te
1149 456 1297 490 laudamus,
1314 457 1359 484 tibi
1378 458 1478 491 gratias
1492 460 1606 493 agimus,
1624 464 1650 487 et
1665 465 1693 488 te
1709 461 1756 488 de-

970 510 1122 537 precamur,
1140 502 1251 529 Domine
1266 503 1336 530 Deus
1358 509 1460 531 noster.

1006 547 1143 575 Sacerdos.
1173 549 1205 575 Et
1228 557 1298 576 nunc
1328 550 1426 581 etiam,
1447 551 1573 584 Domine,
1598 553 1754 580 memoriam

971 596 1074 629 agimus
1090 597 1235 623 descensus
1255 596 1291 623 tui
1309 596 1342 622 ad
1358 601 1468 629 terram,
1489 603 1516 624 et
1530 598 1624 625 mortis
1642 603 1694 626 tua:
1714 600 1755 626 vi-

972 642 1114 672 viticantis,
1124 646 1150 668 et
1163 642 1306 675 sepultum
1321 647 1371 668 tuae
1388 643 1526 673 triduanze.
1541 648 1568 669 et
1579 645 1756 672 resurrectio»

970 686 1012 712 nis
1025 693 1039 711 a
1052 685 1174 717 mortuis,
1194 691 1221 712 et
1243 686 1409 713 ascensionis
1428 687 1461 713 ad
1474 687 1567 720 caelos,
1586 693 1613 715 et
1627 690 1755 716 sessionis

973 737 1024 758 tua:
1039 731 1071 758 ad
1088 732 1226 758 dexteram
1238 731 1327 759 Patris
1343 732 1390 764 tui,
1404 737 1430 759 et
1447 734 1577 760 adventus
1593 734 1629 760 tui
1645 735 1754 761 secundi

973 778 1006 804 de
1022 777 1238 804 cmlistrcmendi
1254 782 1280 804 et
1292 777 1400 810 gloriosi
1416 777 1619 813 :oll'erimnsque
1632 780 1675 806 tibi
1699 780 1756 806 lucc

971 824 1038 850 dona
1063 829 1119 854 tua,
1148 831 1180 850 ex
1207 823 1238 850 iis
1262 831 1320 858 qua:
1345 828 1388 850 tua
1418 829 1489 856 sunt,
1509 832 1556 859 pro
1573 826 1708 859 omnibus,
1728 831 1755 853 et

971 873 1080 902 propter
1094 868 1193 899 nuntia,
1210 872 1237 894 et
1253 869 1278 894 in
1294 868 1428 895 omnibus.

870 915 920 942 hoc
936 910 957 939 Β
1006 912 1149 938 Diaconns.
1165 912 1281 938 Adorate
1298 912 1381 939 Deum
1395 921 1455 940 cum
1474 914 1569 941 timore
1587 919 1614 941 et
1629 920 1753 942 tremore.

1008 958 1147 986 Sacerdos.
1165 958 1215 990 Tu,
1236 958 1356 990 Domine,
1375 967 1441 986 voce
1468 965 1512 986 tua
1533 960 1589 987 sola
1606 966 1753 994 commota,

971 1004 1028 1031 hmo
1042 1011 1102 1038 quae
1118 1008 1178 1029 sunt
1188 1003 1323 1038 proposita
1333 1003 1387 1038 (6);
1404 1009 1432 1030 tu
1445 1012 1536 1032 coram
1550 1006 1625 1032 nobis
1639 1006 1753 1040 positus,

970 1049 1067 1084 perﬁce
1091 1049 1166 1077 nobis
1189 1049 1239 1077 hoc
1262 1051 1439 1078 ministerium
1465 1051 1573 1086 plenum
1596 1053 1751 1087 mysteriis:

971 1139 1011 1166 cis
1025 1143 1210 1171 conservntur,
1227 1139 1345 1166 tulerunt
1360 1138 1524 1166 recentiores
1546 1139 1676 1170 nonnulli,
1691 1139 1751 1167 fuse

971 1174 998 1201 in
1018 1176 1087 1201 notis
1104 1175 1137 1201 ad
1153 1173 1313 1201 Basilianam
1329 1173 1477 1205 Liturgiant
1490 1174 1616 1206 diximus,
1633 1182 1692 1208 quae
1707 1182 1751 1201 re—

971 1217 1070 1243 ponere
1084 1216 1192 1236 necesse
1206 1216 1257 1235 non
1271 1213 1320 1235 est.
1336 1209 1363 1234 Id
1379 1208 1465 1235 solum
1486 1209 1643 1243 adjiciemus
1657 1219 1664 1236 :
1681 1209 1752 1243 quod

975 1252 1036 1271 cum
1053 1245 1096 1271 isti
1111 1251 1239 1271 censeres
1251 1243 1399 1275 inolllciosi,
1416 1243 1488 1270 orari
1501 1251 1552 1270 non
1564 1252 1642 1278 posse
1657 1245 1752 1271 existi-

976 1283 1050 1305 ment
1070 1287 1117 1313 pro
1133 1279 1209 1305 donis
1222 1279 1276 1311 jam
1296 1279 1478 1310 consecratis,
1495 1284 1589 1305 contra
1605 1279 1685 1306 totius
1702 1279 1753 1306 Ec-

977 1313 1067 1340 clesize
1085 1314 1184 1340 veteris
1201 1313 1344 1341 Orientalis
1359 1317 1384 1339 et
1396 1313 1576 1340 Occidentalis
1589 1313 1753 1347 exemplum.

975 1356 1035 1380 quze
1054 1349 1186 1375 similibus
1205 1348 1370 1375 orationibus
1386 1348 1468 1375 deleri
1483 1349 1626 1375 verborum
1647 1349 1752 1376 Christi

977 1383 1122 1410 emcaciam
1140 1391 1274 1418 nunquam
1290 1383 1472 1414 existimavit,
1494 1390 1527 1410 ex
1551 1383 1601 1410 ista
1624 1383 1753 1418 intelligi-

978 1426 1053 1450 mus,
1067 1418 1187 1452 Coptitas
1212 1425 1309 1452 corpus
1329 1417 1427 1445 Christi
1449 1417 1504 1452 jam
1528 1425 1647 1452 praesens
1669 1417 1753 1452 agno—

977 1460 1053 1480 scere
1064 1473 1072 1485 ,
1092 1461 1153 1480 cum
1174 1453 1245 1480 illaut
1258 1472 1265 1484 .
1288 1457 1315 1479 et
1328 1452 1526 1479 lnvocatiouem
1544 1461 1603 1487 qmc
1619 1455 1750 1485 sequitur,

976 1488 1159 1522 pronuntiant.
1180 1488 1214 1514 At
1233 1487 1289 1514 haec
1305 1488 1488 1514 controversia
1506 1487 1689 1515 Protestantes
1705 1488 1749 1514 ni-

978 1523 1014 1549 hil
1028 1523 1121 1557 juvat;
1142 1530 1229 1557 neqne
1245 1522 1410 1553 auctoritati,
1428 1530 1508 1556 quam
1525 1522 1644 1550 Ecclesia
1657 1523 1752 1549 adver-

938 1566 959 1595 ε
976 1564 1022 1585 sus
1045 1565 1100 1595 eos»
1117 1563 1326 1595 comparatae;
1348 1557 1519 1595 conspirante
1543 1557 1579 1595 in_
1598 1557 1648 1595 (ide
1675 1558 1754 1584 rcahs

976 1593 1125 1626 praesentia-
1152 1592 1328 1619 Orientalium
1354 1593 1529 1624 testimonio,
1564 1593 1752 1619 detrimentum

972 1627 1054 1654 ullum
1070 1626 1167 1654 aﬂ'ert:
1186 1635 1247 1654 cum
1267 1628 1300 1653 ad
1318 1627 1378 1653 lidei
1395 1634 1474 1661 quam
1492 1627 1591 1654 habent
1613 1627 1753 1654 certitudi-

972 1670 1049 1695 nem,
1069 1662 1133 1689 nihil
1150 1662 1257 1689 intersit
1273 1662 1398 1696 quando,
1413 1667 1459 1688 aut
1472 1662 1568 1696 quibus
1581 1663 1670 1689 verbis
1689 1669 1753 1688 con-

971 1698 1086 1724 secratio
1103 1697 1266 1731 perﬁciatur,
1295 1697 1373 1723 modo
1388 1704 1448 1723 eam
1466 1703 1528 1723 vere
1543 1697 1600 1724 fieri
1618 1698 1644 1723 in
1663 1696 1751 1723 Litur-

972 1732 1026 1766 δὴ,
1045 1732 1079 1759 ita
1101 1731 1288 1766 proﬁteantur,
1304 1736 1334 1758 ut
1349 1738 1445 1765 panem
1461 1737 1487 1758 et
1509 1732 1598 1758 vinum
1622 1732 1648 1758 in
1662 1731 1751 1764 altari,

972 1774 1003 1793 ea
1019 1767 1137 1800 perlecta
1157 1774 1218 1794 esse
1235 1771 1348 1801 negent,
1368 1767 1413 1793 sed
1435 1774 1533 1801 corpus
1548 1771 1576 1793 et
1595 1767 1752 1801 sanguinem

971 1801 1083 1829 Christi.
1100 1801 1176 1834 Quod
1197 1809 1276 1835 porro
1301 1801 1327 1828 in
1351 1802 1401 1828 hac
1421 1801 1476 1835 ipsa
1499 1803 1620 1828 oratione
1643 1801 1752 1834 dicitur,

973 1836 1105 1863 Christum
1124 1842 1276 1870 praesentem
1301 1844 1356 1863 esse
1374 1840 1398 1862 et
1412 1844 1502 1862 eorum
1524 1836 1660 1862 sacerdote
1679 1836 1753 1869 posi-

973 1876 1039 1902 tum,
1057 1872 1127 1898 idcnt
1145 1871 1171 1898 in
1195 1871 1312 1898 homiliis
1334 1871 1366 1897 de
1382 1871 1484 1897 circulo
1498 1872 1560 1897 anni
1577 1871 1611 1898 ad
1631 1870 1754 1904 Coptita-

974 1913 1032 1932 rum
1048 1914 1135 1938 usum,
1159 1906 1184 1932 in
1209 1906 1367 1932 tractatibus
1388 1906 1480 1932 Severi
1494 1906 1610 1940 episcopi
1622 1905 1754 1940 Aschtno-

973 1941 1018 1968 nin
1031 1961 1039 1974 ,
1053 1941 1119 1968 etin
1146 1941 1236 1967 multis
1250 1940 1320 1973 aliis,
1341 1941 1420 1967 toties
1443 1939 1602 1968 inculcatur.
1621 1947 1650 1968 ut
1663 1939 1752 1967 alubi-

974 1977 1068 2011 guitati
1085 1976 1159 2002 locus
1176 1982 1236 2002 esse
1250 1975 1337 2002 nullus
1353 1979 1443 2009 queat.

1009 2011 1046 2038 Ex
1061 2010 1105 2037 illa
1121 2015 1209 2037 tamen
1225 2011 1280 2045 ipsa
1292 2010 1424 2042 oratione,
1436 2010 1564 2038 Claudius
1589 2011 1749 2045 Salmasius,

974 2046 1015 2072 vir
1031 2053 1095 2082 sane
1110 2046 1300 2082 doctissimus,
1317 2045 1365 2072 sed
1378 2045 1424 2082 qui
1442 2045 1604 2082 theologiam
1619 2047 1753 2082 attingere

974 2088 1026 2107 non
1047 2081 1201 2113 debuisset,
1223 2080 1322 2107 habere
1335 2087 1364 2106 se
1376 2080 1490 2113 jactavit
1501 2100 1508 2111 ,
1525 2080 1595 2108 unde
1608 2080 1752 2109 missiona—

974 2117 1029 2143 rios
1048 2116 1177 2149 quosdam
1196 2122 1230 2142 ex
1254 2115 1363 2142 Oriente
1381 2122 1505 2142 reversos
1517 2134 1524 2147 ,
1540 2116 1585 2149 qui
1601 2116 1753 2145 Orientales

975 2151 1044 2177 idem
1060 2158 1091 2177 ac
1102 2158 1149 2176 nos
1163 2151 1273 2177 credere
1282 2151 1353 2177 circa
1366 2149 1561 2185 Eucliaristiam
1572 2151 1751 2185 aﬂirmabant,

975 2185 1052 2220 plene
1068 2184 1210 2212 refelleret.
1223 2185 1262 2212 Ita
1276 2185 1412 2221 scribebat
1423 2185 1456 2221 ad
1467 2184 1597 2221 Joannem
1613 2186 1751 2221 Deliacum,

974 2226 1077 2256 etcum
1101 2221 1212 2255 epistola
1233 2224 1293 2254 post
1315 2219 1439 2246 Salmasil
1459 2220 1561 2256 obitum
1581 2222 1650 2255 typis
1666 2219 1753 2256 publi;

974 2260 1032 2282 cata
1047 2255 1127 2282 fuerit
1139 2275 1147 2288 ,
1169 2255 1292 2281 excusari
1310 2259 1416 2288 poterat
1431 2255 1501 2289 quod
1517 2255 1640 2283 incautus
1663 2255 1689 2283 in
1714 2257 1754 2284 si-

970 2298 1035 2316 num
1054 2290 1134 2316 amici
1155 2295 1255 2316 temere
1267 2289 1414 2320 elludissel,
1433 2298 1492 2323 quae
1505 2291 1620 2323 primum
1633 2291 1659 2317 in
1674 2299 1754 2318 men-

972 2330 1024 2351 tem
1040 2329 1180 2357 venerant,
1197 2325 1247 2351 nisi
1272 2325 1370 2351 hellum
1396 2324 1459 2351 illud
1477 2332 1555 2351 suum
1567 2331 1750 2353 commentum

971 2359 1040 2386 libro
1073 2359 1112 2386 De
1152 2359 1444 2386 transsabstanlialioue
1473 2360 1640 2387 inseruisset.
1678 2360 1752 2387 Illam

971 2395 1055 2429 igitur
1074 2401 1154 2428 quam
1177 2395 1316 2422 retulimus
1334 2395 1491 2428 particulam
1503 2414 1511 2426 ,
1527 2401 1623 2429 quam,
1640 2403 1675 2423 ne
1687 2396 1752 2429 quid

973 2429 1122 2456 testimonii
1144 2430 1297 2456 auctoritati
1313 2429 1416 2455 deferet
1429 2449 1437 2461 ,
1453 2430 1569 2456 Arabico
1588 2430 1750 2463 descripsit,

971 2464 1008 2490 ita
1031 2465 1221 2498 interpretatus
1237 2464 1351 2498 est(ep.
1372 2463 1416 2493 5‘2.
1433 2471 1459 2497 p.
1477 2464 1527 2498 72)
1543 2471 1550 2489 :
1568 2464 1608 2491 Tu
1623 2466 1751 2498 confirma

972 2499 998 2525 in
1010 2500 1084 2525 nobis
1097 2499 1368 2535 aopmemorationeqt
1384 2499 1520 2535 ministerii
1544 2500 1583 2525 tui
1596 2502 1679 2526 sancti
1693 2507 1703 2527 ε
1723 2505 1752 2526 tu

972 2534 1043 2560 mitte
1062 2532 1138 2567 super
1152 2542 1197 2559 nos
1212 2539 1323 2567 gratiam
1343 2532 1459 2568 Spiritus
1471 2534 1510 2559 tui
1525 2535 1626 2565 sancti,
1641 2540 1668 2560 ut
1680 2535 1754 2568 puri.

971 2568 1090 2600 ﬁcemur,
1105 2575 1127 2594 et
1146 2574 1322 2594 coiwertamus
1337 2567 1384 2593 ltus
1402 2568 1543 2594 oblationes
1566 2569 1627 2595 mles
1651 2571 1678 2595 in
1694 2577 1753 2596 cur-

972 2611 1019 2635 pus
1035 2608 1058 2629 et
1076 2605 1228 2638 sanguinem
1245 2603 1392 2629 Serralaris
1415 2603 1507 2629 nostri.
1525 2603 1552 2629 ln
1569 2603 1625 2637 ipsa
1639 2604 1752 2638 epistola

973 2638 1145 2664 vernaculam
1162 2637 1279 2670 ejusdem
1300 2638 1430 2664 orationis
1452 2638 1600 2664 versionem
1617 2637 1729 2672 legimus
1744 2659 1752 2670 ,

973 2672 1000 2698 in
1013 2681 1064 2706 qua
1083 2672 1246 2698 discriminis
1269 2672 1387 2697 nonnihil
1400 2675 1450 2698 est.
1470 2672 1530 2705 Aﬁn
1544 2673 1673 2706 qu‘eslttnt
1691 2682 1754 2700 san-

973 2707 1067 2740 cti/iet,
1081 2715 1145 2733 nous
1162 2707 1290 2739 puissions
1304 2707 1432 2732 cuncertir
1445 2715 1486 2733 cer
1502 2707 1640 2734 Oblations
1654 2708 1715 2734 viles
1729 2713 1754 2734 et

974 2743 1124 2773 ter'rienues,
1140 2749 1264 2777 aureorps
1282 2746 1306 2767 et
1323 2750 1356 2777 au
1372 2749 1436 2775 song
1461 2742 1492 2768 de
1517 2746 1603 2768 nostra
1627 2742 1754 2774 Sauaeur,

974 2785 1008 2802 ou
1029 2780 1060 2803 de
1074 2781 1162 2802 nostra
1178 2776 1265 2802 Sulut.
1282 2777 1532 2809 lnterpretationem
1559 2779 1754 2805 commentario

975 2811 1103 2843 munivit,
1125 2811 1201 2845 cujus
1227 2812 1283 2837 haec
1300 2811 1433 2837 sententia
1451 2817 1492 2838 est
1515 2818 1523 2837 :
1551 2813 1617 2838 satis
1641 2813 1753 2846 agnosci

976 2847 1169 2882 invocationem
1195 2853 1247 2872 non
1271 2846 1344 2878 tieri,
1366 2851 1395 2882 ut
1415 2847 1499 2880 gratia
1527 2847 1612 2873 sancti
1637 2847 1755 2882 Spiritus

976 2881 1101 2908 itlabatur
1120 2887 1200 2915 super
1218 2888 1314 2915 panem
1328 2886 1355 2908 et
1371 2881 1480 2913 vinum,
1506 2886 1534 2909 ut
1552 2884 1680 2911 mutando
1693 2885 1757 2910 sui»
