2027 3135
279 165 331 194 637

784 165 948 194 LITURGIA
969 164 998 193 S.
1020 164 1184 194 GRECORII
1204 166 1361 193 COP'HCA.

1848 166 1903 194 688

278 227 367 253 insere
395 224 420 250 in
446 223 523 251 nobis
542 225 698 251 memoriam
728 225 871 252 ministerii
897 225 935 251 tui
955 224 1040 252 sancti
1058 234 1065 252 :
1081 229 1102 255 Α
1119 230 1174 252 tum
1191 225 1216 251 in
1235 225 1420 252 remissionem
1435 228 1605 259 peccatorum
1628 227 1655 250 et
1672 223 1699 249 in
1715 222 1797 250 vitam
1823 229 1905 251 ader-

278 272 355 298 mitte
377 277 458 304 Super
479 277 528 296 nos
552 271 666 304 gratiam
695 270 812 305 Spiritus
840 271 878 297 tui
899 271 996 303 sancti,
1015 271 1062 306 qui

278 317 440 349 sanctificet,
458 321 485 343 et
498 316 642 344 transferat
660 317 717 343 lucc
731 316 800 343 dona
817 316 949 350 proposita
966 316 992 342 in
1007 324 1065 343 eor-

277 371 328 397 pus
353 367 380 390 et
401 363 558 397 sanguinem
579 362 674 389 salutis
694 367 802 389 nostrae.
819 361 853 388 Et
867 362 938 389 hunc
953 362 1061 396 quidem

278 416 394 444 panem,
428 408 511 435 facias
547 416 644 443 corpus
675 413 748 434 tmtm
777 413 922 440 sanctum,
950 407 1063 435 Domine

278 455 413 490 Deus(7),
438 459 464 481 et
489 453 612 481 Salvator
641 459 731 481 noster
754 453 818 482 Jesu
847 454 966 486 Christe,
990 454 1062 489 quod

277 501 358 527 datur
370 500 396 526 in
416 500 600 527 remissionem
615 504 785 534 peccatorum
799 504 826 527 et
839 500 920 526 vitam
931 503 1061 526 teternam

279 545 330 572 illis
345 546 390 579 qui
403 552 436 572 ex
453 545 497 572 illo
515 546 724 573 communicant.
742 545 773 573 Et
792 553 895 577 rursus.
918 547 991 573 hunc
1014 553 1062 572 ca-

278 591 366 623 !icem,
391 591 546 625 sanguinem
568 591 712 626 pretiosum
729 591 895 619 Testamenti
924 592 961 618 tui
989 590 1063 622 novi,

278 637 390 664 Domine
404 637 481 668 Deus,
499 641 526 663 et
541 636 664 664 Salvator
681 642 773 665 n0ster
793 637 855 664 Jesu
879 638 996 669 Christe,
1012 637 1062 664 da-

278 761 391 789 stantias
404 781 410 791 ,
434 760 576 795 prmsentia
594 760 714 794 corporis
733 764 760 787 et
777 761 914 794 sanguinis
931 761 991 788 talis
1008 761 1057 791 sit,

278 803 307 824 ut
324 800 480 823 remaneant
495 795 602 831 simque
617 800 755 831 corpiisict
767 796 875 831 sanguis
887 796 1057 831 suscipienti,

278 832 443 867 quicunque”
459 831 512 867 sit,
532 830 602 867 fideli
626 830 668 867 vel
689 830 799 867 inﬁdeli.
816 830 934 863 Verum,
953 830 1057 865 inquit,

278 865 403 894 sacerdos
418 865 462 891 ille
476 865 579 897 Coptita
599 873 627 892 ea
647 865 817 892 invocatione
831 873 911 898 quam
934 867 1054 893 omnimn

1114 278 1175 297 natn
1187 270 1448 297 communicantibus
1461 277 1492 297 ex
1509 277 1552 296 eo.

1149 313 1278 348 Populus.
1295 315 1389 342 Amen.

1148 360 1285 388 Sacerdos.
1301 361 1393 396 Itaque
1408 368 1532 396 rogamus
1543 365 1578 393 te,
1593 361 1699 388 Christe
1711 360 1781 388 Dens
1797 366 1903 394 noster,

1112 407 1241 434 confirma
1262 407 1433 434 fundamenta
1451 407 1576 434 Ecclesia:
1598 415 1604 433 :
1622 406 1794 433 concordiam
1810 407 1903 433 chari-

1113 453 1177 481 tatis
1205 454 1231 480 in
1258 453 1334 480 nobis
1360 453 1488 480 radicitus
1513 453 1626 480 insere:
1646 457 1776 487 augeatur
1797 453 1904 485 paritas

1114 499 1175 526 ﬁdei
1191 508 1198 527 :
1211 506 1330 534 praepara
1345 497 1423 525 nobis
1434 497 1503 523 viain
1514 503 1613 524 rectam
1631 498 1738 531 pietatis
1753 506 1760 524 :
1777 503 1905 532 pastores

1113 546 1258 573 corrobora
1279 555 1286 573 :
1305 552 1397 573 eorum
1407 553 1502 580 greges
1512 544 1641 571 confirma
1656 553 1664 571 :
1681 545 1713 571 da
1725 551 1816 572 mores
1827 549 1904 571 recte

1113 591 1280 626 compositos
1305 590 1388 622 clero,
1407 590 1546 617 monachis
1558 590 1763 621 continentiam,
1781 589 1901 624 virgini-

1114 637 1164 664 bus
1187 636 1340 671 puritatem,
1366 635 1517 670 conjugatis
1539 635 1723 667 concordiam,
1741 635 1900 662 misericor-

1111 759 1245 790 diximus.
1260 759 1349 786 sciunt
1363 759 1516 794 quicurlque
1529 757 1634 794 litteras
1650 759 1802 786 Orientales
1827 767 1842 786 a
1862 760 1898 787 li-

1112 794 1184 821 mine
1209 792 1384 821 salutaverint
1407 802 1415 821 :
1439 792 1606 828 Egyptiaca:
1629 793 1736 827 linguze.
1758 802 1820 828 qua:
1844 803 1897 822 nou

1112 829 1179 856 adeo
1193 829 1345 856 communis
1356 833 1411 860 est,
1426 829 1597 855 mediocriter
1614 829 1727 861 peritum
1741 836 1802 856 esse
1817 838 1900 862 opor-

1109 868 1156 896 tet,
1171 868 1198 890 ut
1214 871 1290 890 error
1309 867 1479 898 agnoscatur.
1495 871 1555 890 cum
1569 864 1714 890 observare
1730 863 1848 891 sufﬁciat
1864 873 1899 892 ex

278 902 386 929 nomine
401 899 565 934 pronuntiat.
582 900 606 926 id
620 900 743 935 designat
757 897 924 927 solummodo
935 922 942 932 ,
958 908 1054 934 panem
1072 907 1093 935 Β
1108 897 1342 935 imperfectissima
1358 898 1533 935 grammatica
1555 906 1622 935 ντες)
1638 906 1697 932 qnze
1715 903 1775 925 nota
1791 898 1808 924 3
1833 907 1897 933 per-

277 941 304 963 οι
321 936 427 967 vinum,
445 942 504 968 qum
518 942 532 960 a
550 935 625 962 nobis
641 935 666 960 in
682 934 764 962 Coena
780 936 974 968 suscipiuntur.
999 936 1055 962 ﬁeri

278 978 375 1005 corpus
390 975 415 996 et
431 969 585 1001 sanguinem
602 969 734 1005 iDoInini,
758 970 810 996 illis
829 971 875 1004 qui
902 971 990 998 debite
1013 970 1055 997 illa

277 1004 435 1039 suscipient.
450 1011 575 1039 quosque
598 1004 714 1038 Spiritus
736 1010 846 1031 sanctus
860 1005 935 1038 prius
957 1006 1057 1033 sancti-

278 1040 397 1067 licaverit
409 1049 415 1066 :
429 1038 606 1074 illosquoque
618 1039 688 1066 solos
701 1040 824 1074 accipere
838 1047 931 1067 verunt
944 1048 1054 1074 corpus,

277 1083 330 1102 non
345 1082 439 1109 panem
450 1073 634 1110 _sultlnnnodo,
647 1075 691 1110 qui
707 1074 781 1110 prius
795 1081 842 1108 per
860 1075 983 1110 fidemret
995 1073 1055 1110 gra-

278 1108 351 1137 tiam
371 1108 457 1136 sancti
484 1108 598 1142 Spiritus
624 1109 683 1142 puri
710 1109 771 1136 facti
801 1109 909 1137 fuerint.
937 1108 1055 1137 Tandem

277 1145 359 1171 edicit
373 1145 441 1170 hanc
453 1151 512 1170 esse
529 1143 678 1178 μεταϐολήν
688 1163 696 1174 .
713 1144 771 1171 sive
785 1145 986 1176 conversionem.
1006 1152 1057 1171 an-

279 1180 359 1214 tiquis
379 1178 503 1214 Patrihus
520 1184 711 1211 memoratam,
737 1186 787 1214 nec
811 1180 980 1213 qurerendam
997 1187 1056 1206 esse

277 1215 366 1242 aliam.
388 1214 424 1240 De
443 1213 547 1240 illorum
567 1214 699 1246 theologia
721 1213 801 1240 alium
824 1215 945 1247 quemvis
967 1215 1056 1246 potius

278 1249 452 1278 audiendum.
471 1249 551 1274 etiam
568 1249 616 1282 ipsi
635 1247 787 1276 Calvinisttn
806 1249 903 1275 dudum
917 1248 1055 1282 iudicave-

277 1289 350 1315 runt,
368 1291 447 1316 quam
463 1283 634 1314 Salmasium,
653 1283 698 1316 qtti
714 1283 812 1310 nemini
825 1291 942 1317 unquam
958 1284 1056 1316 proba-

277 1320 315 1345 vit
335 1325 413 1354 voces
430 1319 596 1354 μεῖαποιεῖν,
614 1317 841 1354 μετανστοιχειοῦν,
869 1318 1054 1354 μεταρῤυθμί-

276 1354 343 1384 ζειν,
358 1353 454 1387 quibus
468 1353 560 1380 Patres
581 1360 633 1379 non
651 1353 741 1380 minus
753 1357 873 1385 utuntur,
889 1353 968 1387 quam
989 1354 1055 1379 sim-

278 1389 339 1423 plici
356 1387 542 1422 μεταϐάλλεινΥ
557 1387 654 1414 nullam
669 1387 748 1414 aliam
762 1388 937 1415 mutationem
952 1387 1055 1422 signifi-

278 1431 351 1452 care.
369 1430 448 1456 quam
461 1431 521 1449 eam
533 1430 592 1456 qua:
606 1423 717 1448 mutatio
732 1429 784 1449 non
799 1423 844 1450 sit.
865 1423 917 1450 Sed
933 1423 984 1449 hoc
1002 1431 1053 1449 non

277 1459 381 1493 agiinns
394 1466 400 1483 :
415 1464 506 1483 verum
521 1465 611 1483 coram
623 1456 787 1493 Ecclesia,et
799 1458 912 1484 eruditis
919 1457 1052 1488 omnibus,

277 1494 321 1527 qui
344 1493 459 1525 aliquam
486 1492 833 1527 linguarumOrientalium
858 1492 979 1519 notitiam
1006 1493 1054 1519 ha-

277 1526 340 1554 bent
352 1548 358 1560 ,
375 1527 499 1553 Salmasii
514 1534 618 1562 nomen
634 1526 779 1562 deferimus
790 1548 797 1559 ,
816 1532 942 1562 tanquam
958 1534 1053 1554 corru-

276 1562 354 1596 ptelic
370 1561 544 1588 intolerabilis
559 1562 612 1591 rei.
627 1569 687 1588 cum
707 1561 847 1589 lectionem
861 1561 962 1589 codicis
974 1569 1052 1596 quem

277 1597 340 1623 citat
353 1616 360 1627 ,
374 1597 508 1630 corrupit,
523 1600 550 1622 et
566 1597 683 1622 enormis
706 1597 818 1623 inscitiae
837 1597 899 1624 dum
917 1597 987 1624 illam
1005 1598 1053 1624 ³1)-

277 1631 433 1658 surdissime
460 1636 499 1658 est
519 1631 717 1666 interpretatus.
738 1632 762 1658 ls
780 1632 836 1665 ipse
858 1633 941 1659 codex
958 1639 1053 1666 Super-

277 1671 318 1693 est
339 1667 364 1692 in
393 1666 553 1692 bibliotheca
571 1665 669 1699 Regia,
693 1666 758 1692 etin
777 1667 838 1698 illo,
853 1668 924 1694 sicut
946 1668 972 1694 in
992 1665 1052 1694 aliis

276 1702 401 1727 omnibus
419 1701 515 1736 legitur
535 1708 587 1727 non
607 1701 716 1734 pluralis
727 1701 825 1736 prima:
848 1709 969 1735 persona:
984 1702 1052 1729 cha-

277 1735 704 1770 racteristica'littera,sedlertiae
722 1735 867 1770 finniuina3,
883 1738 945 1770 quia
962 1738 987 1764 in
1002 1736 1052 1763 lin-

276 1779 326 1804 gua
343 1771 457 1798 Arabica
474 1778 523 1796 vox
538 1775 589 1800 m-i
602 1769 704 1802 Rouuh,
722 1769 834 1804 Spiritus
845 1791 852 1803 ,
869 1769 987 1798 feminini
1011 1777 1052 1799 est

275 1806 392 1840 generis.
410 1805 437 1831 lu
456 1806 541 1840 prima
559 1806 640 1833 etiam
655 1812 735 1837 voce,
751 1813 830 1839 quam
843 1807 924 1833 vertit
946 1807 1050 1833 Saluta-

275 1842 331 1867 sius
348 1841 523 1874 puriﬁcemur,
541 1840 611 1866 nulla
628 1846 689 1867 nota
706 1841 802 1873 passivi
813 1846 866 1872 est,
878 1842 1051 1868 vertendum-

275 1883 327 1909 que
347 1875 439 1902 fuisset
461 1875 642 1908 puriﬁcemus,
664 1883 717 1909 quo
736 1875 793 1902 solo
813 1876 968 1903 discriminc
996 1881 1049 1903 tota

276 1911 400 1937 machina
427 1910 602 1937 Salmasiauae
628 1910 766 1945 theologia:
789 1911 907 1938 funditus
930 1911 994 1939 ruit.
1020 1912 1049 1938 lu

275 1945 356 1972 altera
381 1950 404 1971 et
425 1949 602 1971 corwertamus
622 1945 717 1972 similis
737 1946 887 1980 corruptela
904 1951 965 1976 cst,
989 1953 1049 1973 cum

274 1987 370 2007 sensus
380 1981 426 2011 sit,
442 1984 464 2006 et
478 1985 620 2010 conuertat,
636 1981 676 2006 vel
691 1981 842 2014 transferat,
858 1985 1050 2015 perspecteque

274 2022 333 2042 eam
352 2014 491 2050 lectionem
507 2015 631 2042 exhibeat
645 2016 726 2042 codex
750 2016 955 2050 manuscriptus.
972 2014 1048 2049 Quod

275 2049 455 2084 προκείμενα.
472 2057 531 2083 qua:
552 2050 735 2084 intelliguntur
751 2057 816 2077 voce
831 2049 970 2084 sequenti,
996 2058 1048 2077 non

273 2085 507 2120 miuusAcommuui
523 2085 589 2118 apud
602 2086 703 2112 Arabes
715 2085 882 2112 Christianos
894 2093 957 2112 voce
968 2093 1047 2120 quam

274 2119 343 2152 apud
360 2118 466 2146 Gra-cos
479 2119 573 2151 altera,
588 2120 648 2146 rites
662 2125 685 2146 et
701 2124 815 2146 terrena:
828 2118 1047 2148 oblationearver-

273 2156 321 2184 tit,
338 2161 389 2179 non
407 2155 490 2180 levem
507 2155 637 2188 signiticat
657 2155 789 2181 Arabismi
805 2155 997 2189 ignorantiam,
1020 2160 1048 2182 et

273 2190 300 2215 in
314 2195 347 2215 eo
363 2189 406 2221 qui
420 2189 485 2214 alios
499 2189 641 2222 imperiose
651 2190 747 2216 docere
761 2189 886 2220 audebat,
902 2198 953 2217 non
970 2190 1047 2217 facile

273 2223 447 2249 tolerandam.
463 2224 514 2249 Sed
529 2223 598 2249 hunc
615 2231 732 2250 errorem
743 2224 769 2250 iu
781 2224 848 2250 libro
862 2224 899 2251 De
912 2226 1047 2252 trnmsub-

273 2259 440 2294 atanliatione
457 2258 607 2294 emendavit
625 2268 632 2294 ς
659 2259 739 2285 Ιιίιιδὶι
755 2259 781 2285 in
802 2259 861 2286 aliis
877 2261 1046 2294 gravioribus

272 2293 361 2326 longe,
380 2293 517 2327 magisque
535 2293 699 2326 perniciosis.

308 2327 400 2364 Porro
414 2327 510 2364 mirari
527 2328 593 2364 satis
613 2335 692 2364 nem_o
704 2332 791 2364 potest
809 2328 986 2362 Salmasium,
1000 2330 1047 2364 qui

274 2362 373 2398 ubique
388 2362 472 2398 ferme
495 2363 528 2389 de
549 2362 637 2397 lingua
655 2362 811 2397 Egyptiaca
823 2382 831 2394 ,
850 2368 976 2398 tanquam
995 2362 1045 2392 sibi

271 2405 324 2423 non
347 2397 436 2430 ignota
458 2397 586 2433 loquitur,
607 2397 651 2423 ubi
669 2405 737 2430 opus
759 2405 812 2425 non
827 2397 911 2431 erat,
924 2399 1048 2433 ignoran-

272 2435 335 2458 tiam
356 2433 397 2458 vel
419 2432 516 2467 malam
540 2431 618 2458 fidem
643 2433 694 2458 hoc
712 2433 818 2459 locoita
837 2431 1002 2467 prodidisse,
1019 2439 1048 2461 ut

271 2467 437 2502 excusationi
451 2466 538 2493 locum
553 2474 605 2493 non
621 2467 767 2501 reliquerit.
781 2466 869 2495 Codex
884 2476 936 2502 quo
952 2471 1046 2496 uteba-

272 2508 315 2527 tur
329 2501 486 2538 lEgyptiace
513 2502 627 2535 scriptus
641 2508 698 2528 erat
714 2507 742 2529 et
754 2501 950 2536 Arabicefcur
966 2504 1048 2538 igitur

270 2537 303 2562 de
320 2537 448 2570 primario
472 2542 546 2563 textu
570 2544 603 2563 ne
625 2537 734 2564 verbum
757 2538 863 2571 quidem
890 2537 1045 2570 l‘ecit,’nisi

270 2572 339 2604 quod
357 2571 430 2597 illum
455 2579 507 2598 non
531 2571 710 2606 intelligebat,
736 2573 806 2606 quod
822 2573 912 2604 lacile,
937 2574 959 2600 si
979 2581 1046 2606 opus

270 2611 351 2638 esset,
364 2608 548 2640 probaremus.
567 2607 637 2633 Sane
656 2607 677 2633 si
694 2607 882 2640 intellexisset,
902 2616 954 2634 non
971 2609 1043 2635 illum

269 2641 337 2667 adeo
351 2640 484 2674 perfrieta:
503 2640 599 2668 frontis
618 2642 699 2667 fuisse
713 2643 851 2676 quisquam
867 2644 976 2674 credat,
999 2649 1043 2674 ut,

269 2676 375 2708 qualem
390 2683 422 2702 ex
440 2676 554 2702 Arabica
571 2677 692 2703 versione
709 2683 876 2704 commentus
894 2685 945 2708 est,
963 2679 1045 2705 inter-

268 2711 445 2743 pretationem
457 2712 533 2738 daret
546 2719 553 2737 :
570 2712 784 2745 quandoquidem
797 2713 911 2739 orationi
927 2712 1045 2746 Coptica:

267 2751 382 2781 prorsus
392 2746 559 2781 contradicit.
575 2746 649 2778 Quod
661 2748 764 2773 etiamsi
780 2755 831 2774 non
846 2753 928 2778 esset.
943 2753 971 2775 at
984 2756 1044 2781 qua:

268 2786 330 2805 mox
344 2779 531 2816 subjiciuntur,
552 2781 712 2808 sententiain
729 2782 755 2808 in
772 2788 864 2816 aperta
888 2783 946 2810 luce
961 2779 1040 2810 collo-

267 2819 340 2852 cant,
354 2815 593 2852 demonstrantque
609 2816 662 2849 peti
678 2815 800 2850 illapsum
814 2821 899 2844 sancti
915 2817 1043 2851 Spiritus,

266 2850 376 2885 ejusque
388 2850 610 2883 operationem-in
627 2851 694 2878 dona
709 2852 853 2885 proposita.
867 2850 941 2879 Nihil
954 2858 1042 2879 alitem

265 2884 364 2911 certius
391 2890 450 2910 esse
472 2891 552 2916 quam
577 2885 648 2919 quod
671 2884 714 2913 de
729 2884 894 2915 Sdlmasiaua
921 2888 1042 2916 versione

1108 941 1181 961 senae
1200 933 1283 960 futuri
1304 934 1345 960 vel
1362 933 1533 966 subiunctivi.
1552 940 1584 960 eo
1600 934 1660 959 loco
1675 935 1798 967 usurpari
1813 954 1821 965 ,
1841 942 1895 961 non

1107 970 1200 1002 prima:
1219 968 1329 1002 pluralis
1349 975 1468 1001 persona!
1484 973 1585 995 notam.
1609 968 1684 995 Adde
1709 969 1896 996 testimonium

1107 1004 1191 1031 Grzeci
1205 1003 1317 1036 codicis,
1333 1007 1361 1030 et
1378 1003 1510 1036 adjuncta:
1524 1003 1656 1030 versiouis
1671 1004 1793 1030 Arabica:
1806 1024 1814 1035 ,
1833 1012 1896 1038 qua:

1107 1039 1201 1065 falsam
1220 1038 1291 1065 illam
1315 1043 1342 1065 et
1367 1038 1513 1065 absurdam
1540 1038 1664 1065 Salmasii
1691 1039 1894 1072 interpretatio-

1107 1081 1167 1100 nem
1193 1073 1354 1108 destruunt,
1378 1080 1438 1099 cum
1467 1072 1584 1099 habeant
1611 1073 1712 1108 ἁγιάσῃ
1738 1073 1785 1099 καὶ
1811 1083 1895 1108 μετα-

1107 1109 1218 1144 ποιήσῃ.
1237 1107 1340 1144 Corpus
1355 1113 1379 1134 et
1400 1107 1508 1142 sanguis
1529 1107 1710 1144 liberationis,
1733 1113 1779 1134 aut
1800 1107 1895 1135 salutis

1107 1142 1214 1175 nostra},
1228 1143 1354 1170 dicuntur
1366 1150 1464 1177 corpus
1475 1146 1502 1169 et
1513 1143 1622 1178 sanguis
1634 1142 1745 1174 Christi,
1758 1144 1822 1177 quia
1846 1152 1895 1178 per

1106 1177 1268 1205 sacrillcium
1293 1178 1430 1211 corporis.
1455 1182 1483 1204 et
1509 1177 1667 1205 eﬂusionem
1698 1177 1894 1212 sanguinis'in

1107 1213 1242 1246 passione,
1261 1217 1316 1239 tum
1333 1212 1566 1247 participationem
1578 1212 1635 1245 ejus
1654 1212 1682 1240 in
1700 1213 1892 1245 sacramentis,

1107 1247 1182 1274 saltis
1195 1253 1222 1275 et
1242 1247 1365 1274 liberatio
1385 1247 1461 1274 nobis
1482 1255 1496 1273 a
1518 1248 1635 1280 peccatis
1649 1248 1769 1282 przestita
1787 1253 1848 1278 est.
1865 1254 1894 1275 et

1106 1289 1187 1317 porro
1203 1287 1355 1316 przestatur.
1379 1282 1417 1309 Eo
1438 1282 1463 1309 in
1486 1281 1546 1309 loco
1567 1282 1674 1310 codices
1694 1283 1820 1317 plerique
1844 1284 1895 1310 ba-

1105 1316 1170 1344 bent
1191 1325 1321 1349 πενσωτ.,
1347 1324 1412 1344 voce
1439 1317 1608 1349 abbreviata,
1630 1321 1660 1344 ut
1686 1316 1750 1344 alibi
1773 1318 1893 1351 sapius,

1105 1352 1177 1379 unde
1190 1353 1283 1388 σωτήρ
1301 1351 1342 1388 vel
1361 1351 1482 1387 σωτηρία
1497 1351 1553 1388 legi
1571 1356 1674 1388 potest.
1685 1351 1741 1379 Sed
1754 1353 1892 1387 ambigui-

1105 1389 1188 1423 tatem
1204 1386 1366 1423 determinat
1384 1386 1471 1423 codex
1487 1386 1617 1423 Graecus,
1633 1387 1677 1423 ubi
1704 1387 1820 1414 habetur
1839 1388 1894 1423 τῆς

1105 1421 1240 1456 ἡμετέρας
1253 1420 1482 1457 ἀπολυτρώσεως,
1498 1427 1526 1448 ut
1541 1422 1628 1449 versio
1645 1422 1703 1456 ejus
1719 1422 1850 1456 Arabica,
1865 1420 1896 1450 et
1907 1426 1913 1429 '

1105 1456 1164 1492 alia!
1178 1464 1239 1492 qua:
1253 1456 1371 1492 Coptieis
1391 1456 1591 1492 exemplaribus
1606 1457 1801 1492 adjunguntur.

1141 1491 1179 1526 (7)
1195 1491 1318 1518 Occurrit
1342 1491 1385 1518 hic
1400 1491 1523 1518 lectionis
1538 1491 1663 1518 varietas.
1683 1491 1772 1518 Codex
1798 1497 1894 1520 noster

1104 1533 1184 1560 quem
1204 1527 1406 1561 interpretando
1424 1527 1512 1554 secuti
1530 1533 1623 1553 sumus
1635 1547 1643 1559 ,
1659 1527 1695 1553 ita
1711 1532 1740 1553 ut
1755 1528 1893 1561 expressi-

1106 1568 1175 1597 mus,
1194 1560 1419 1597 ιιεὺεῐητεκαιφ,
1443 1560 1548 1597 facins:
1563 1563 1659 1597 versio
1674 1560 1798 1589 Arabica
1811 1562 1891 1589 simi-

1105 1595 1188 1623 liter:
1213 1597 1250 1623 ita
1273 1595 1379 1628 tamen,
1404 1601 1432 1622 ut
1448 1596 1481 1623 ad
1499 1596 1628 1630 Spiritum
1649 1602 1771 1623 sanctum
1793 1597 1889 1624 referri

1104 1631 1205 1664 possit;
1220 1630 1253 1657 Et
1267 1631 1346 1664 faciat
1359 1638 1368 1657 .'
1386 1632 1447 1666 quia
1462 1635 1491 1657 ut
1503 1632 1602 1657 dielum
1616 1636 1657 1658 est
1677 1631 1799 1659 feminini
1821 1632 1892 1659 Ara-

1103 1666 1168 1697 bici,
1183 1666 1210 1692 in
1221 1674 1275 1700 quo
1285 1673 1384 1700 genere
1399 1670 1441 1693 est
1452 1673 1504 1693 vox
1520 1670 1568 1696 mw
1586 1667 1655 1701 apud
1674 1666 1788 1698 Arabes,
1811 1668 1890 1694 tertia

1103 1707 1232 1734 persona,
1246 1703 1367 1728 eamdem
1387 1708 1468 1736 quam
1489 1702 1606 1728 secunda
1623 1702 1763 1736 utriusque
1782 1704 1893 1736 generis

1102 1735 1349 1763 characteristieam
1382 1735 1500 1770 praefert.
1522 1735 1622 1762 Verum
1656 1737 1753 1764 melior
1777 1735 1890 1763 omnino

1102 1770 1182 1806 lectio
1198 1775 1240 1797 est
1250 1769 1396 1798 secundum
1408 1769 1530 1798 Griecum
1542 1771 1689 1804 exemplar,
1705 1772 1752 1798 καὶ
1765 1772 1887 1806 ποιήσει,

1101 1804 1144 1841 vel
1155 1806 1244 1840 potius
1256 1806 1367 1841 ποιήσῃ,
1381 1811 1405 1832 ει
1416 1806 1508 1840 faciat,
1521 1811 1550 1832 ut
1565 1807 1597 1833 ad
1615 1807 1745 1841 Spiritum
1763 1804 1887 1833 sanctum

1102 1839 1244 1876 referatur,
1268 1839 1355 1874 cujus"
1370 1839 1521 1876 postulatur
1549 1839 1689 1868 adventus.
1715 1842 1753 1868 lta
1779 1849 1888 1876 quoque

1101 1874 1200 1908 legitur
1219 1875 1246 1902 in
1270 1876 1329 1903 aliis
1344 1875 1483 1903 codicibus
1502 1875 1620 1910 Copticis
1633 1896 1640 1907 ,
1656 1876 1700 1911 qui
1725 1874 1887 1910 antiqiiitate

1100 1913 1229 1944 praestant
1241 1920 1248 1937 :
1260 1919 1362 1937 παιωικ
1377 1918 1426 1946 μεν
1441 1919 1550 1946 ητειαιφ
1566 1919 1664 1946 ησωμα
1678 1911 1778 1938 εθουαὸ
1790 1919 1863 1945 ητακ
1878 1920 1886 1938 :

1100 1949 1180 1980 atque
1194 1945 1228 1972 ita
1247 1946 1386 1973 versiones
1399 1946 1530 1973 Arabicae.
1547 1945 1685 1973 Sententia
1703 1951 1793 1973 tamen
1815 1952 1886 1974 utro-

1099 1979 1180 2013 bique
1193 1980 1286 2008 eadem
1301 1986 1352 2013 est,
1373 1981 1429 2007 sive
1443 1980 1567 2007 Christus
1587 1981 1679 2011 iaciat.
1696 1982 1753 2008 sive
1768 1981 1887 2015 Spiritus

1099 2019 1210 2042 sanctus
1225 2016 1258 2042 ab
1273 2023 1304 2042 eo
1320 2016 1430 2043 missus.
1448 2015 1541 2042 Versio
1555 2015 1694 2043 Maronitae
1708 2027 1714 2043 :
1730 2015 1765 2042 Et
1779 2017 1825 2042 hic
1839 2017 1886 2049 ﬁat

1098 2050 1174 2086 ponis
1181 2058 1276 2084 corpus
1286 2056 1481 2086 sacrosanctum
1490 2055 1574 2081 tuum,
1585 2050 1705 2083 Domine,
1713 2058 1802 2086 neque
1813 2050 1886 2085 Cop-

1100 2084 1164 2117 tico,
1173 2093 1260 2119 neque
1267 2086 1392 2117 Arabico,
1404 2084 1549 2112 autGrazco
1561 2087 1644 2112 textui
1660 2084 1816 2120 respondet.
1826 2084 1885 2112 Jain

1099 2126 1162 2155 vero
1170 2120 1293 2147 Salmasii
1307 2120 1517 2147 admiratoribus
1532 2121 1718 2154 incumbit,nt
1732 2122 1884 2155 speciosam

1097 2154 1214 2188 aliquant
1239 2156 1369 2182 rationem
1390 2155 1504 2185 silentii,
1519 2156 1590 2190 quod
1607 2156 1678 2182 circa
1688 2154 1759 2183 hanc
1781 2161 1885 2190 partem

1097 2189 1226 2217 orationis
1250 2191 1422 2221 observavit,
1445 2189 1533 2217 nobis
1550 2191 1676 2222 reddant,
1701 2199 1764 2218 cum
1781 2189 1883 2218 itatnen

1098 2224 1259 2257 praecedenti
1282 2225 1437 2252 necessario
1455 2225 1598 2258 conjuncta
1625 2227 1677 2258 sit,
1705 2231 1788 2261 atque
1817 2227 1886 2252 adeo

1099 2266 1152 2295 una
1168 2266 1201 2286 ex
1216 2261 1300 2286 altera
1316 2260 1444 2294 explicari
1460 2261 1566 2288 debeat.
1585 2261 1623 2287 Ex
1638 2261 1697 2294 ejus
1717 2262 1882 2295 interpreta-

1100 2293 1190 2328 tione,
1209 2301 1289 2328 quam
1310 2293 1392 2328 priori
1412 2295 1536 2322 attribuit
1549 2316 1557 2327 .
1575 2296 1610 2322 ita
1627 2293 1880 2322 vertenduin‘erit:

1098 2326 1133 2354 Et
1148 2326 1335 2363 huuc‘quidem
1351 2338 1443 2363 panem
1458 2330 1601 2363 faciamus,
1615 2338 1708 2363 corpus
1724 2336 1801 2357 tuum
1821 2338 1882 2356 sun-

1099 2368 1180 2400 gtum,
1197 2363 1307 2390 Domine
1321 2372 1330 2390 :
1344 2365 1414 2398 quod
1424 2366 1512 2400 codici
1526 2366 1632 2396 Graeco.
1648 2366 1759 2400 Coptico
1774 2371 1801 2392 et
1816 2368 1882 2392 Ara-

1097 2396 1159 2425 bico
1171 2404 1310 2434 repugnat
1327 2396 1379 2426 non
1394 2399 1482 2426 minus
1497 2408 1576 2434 quam
1592 2396 1718 2427 omnibus
1735 2401 1883 2434 cujuscun.

1098 2439 1150 2469 gue
1170 2433 1266 2467 lingua:
1283 2434 1426 2469 Liturgiis,
1441 2441 1651 2469 sanctorumque
1672 2433 1784 2462 Patrum
1806 2436 1883 2461 theo-

1097 2467 1192 2502 logiaa,
1211 2469 1326 2496 maxime
1349 2467 1411 2496 fero
1435 2467 1615 2496 Orientalium
1639 2471 1814 2504 scriptorum.
1844 2470 1883 2496 llli

1097 2509 1169 2538 enim
1191 2503 1271 2538 Vulgo
1293 2505 1402 2536 dictmt,
1418 2503 1549 2538 Spiritum
1563 2503 1782 2532 sauctum’illabi
1801 2512 1882 2538 super

1096 2536 1167 2564 dona
1181 2536 1316 2573 proposita
1328 2558 1339 2572 ,
1354 2540 1423 2566 sicut
1439 2536 1472 2565 'in
1490 2538 1522 2566 Β.
1538 2539 1648 2566 Mariam
1671 2539 1806 2574 Virginem
1825 2536 1884 2566 illa-

1097 2579 1160 2608 psus
1176 2578 1229 2605 est,
1244 2579 1271 2600 et
1285 2574 1310 2600 in
1335 2574 1412 2600 altari
1427 2574 1544 2601 formare
1559 2581 1658 2608 corpus
1675 2575 1788 2607 Christi,
1811 2580 1882 2601 sicut

1096 2607 1160 2644 illud
1178 2608 1204 2644 in
1221 2613 1299 2636 utero
1321 2608 1456 2644 Virginis,
1477 2617 1510 2636 ex
1531 2607 1650 2643 ejusdem
1667 2617 1750 2636 carne
1766 2615 1794 2637 et
1816 2618 1881 2636 sau—

1095 2643 1176 2676 guine
1190 2642 1327 2672 fortnavit.
1342 2642 1380 2670 us
1394 2643 1510 2671 Severus
1519 2644 1771 2676 Asebmoninensis,
1787 2644 1881 2671 Homi-

1095 2676 1137 2704 liae
1152 2677 1184 2705 de
1199 2679 1301 2706 circulo
1316 2680 1379 2706 anui
1391 2699 1399 2712 ,
1415 2679 1544 2706 Barsalibi
1555 2698 1566 2711 ν
1578 2679 1781 2714 Abulfaragius,
1797 2684 1825 2706 et
1837 2680 1882 2706 alii

1094 2719 1208 2746 quorum
1224 2714 1379 2741 testimonia
1395 2715 1458 2741 alibi
1472 2714 1555 2741 relata
1569 2720 1643 2741 sunt.
1662 2715 1809 2746 Sacerdos,
1827 2715 1878 2740 mi-

1094 2748 1241 2784 nisteriahs
1255 2756 1335 2777 causa
1350 2755 1410 2777 est:
1427 2749 1545 2784 Spiritus
1569 2755 1680 2777 sanctus
1703 2757 1787 2776 causa
1804 2750 1878 2780 prin-

1094 2782 1207 2816 cipalis:
1224 2784 1246 2810 si
1263 2785 1324 2818 quis
1337 2785 1407 2812 ultra
1423 2782 1627 2818 philosophatus
1643 2789 1696 2815 est,
1711 2791 1740 2811 ut
1752 2785 1878 2818 Diampeo

1094 2824 1187 2854 reuses
1202 2826 1330 2847 censores
1342 2839 1350 2852 ,
1369 2826 1396 2846 et
1413 2820 1602 2847 emendatores
1623 2819 1725 2854 aliquot
1745 2819 1877 2854 ignobiles

1093 2851 1287 2894 Liturgiarurn,
1316 2851 1427 2882 minitna
1455 2859 1495 2882 est
1519 2855 1571 2882 boc
1596 2855 1624 2882 in
1649 2851 1879 2889 generevillorutu

1096 2894 1228 2916 ωυςιυιΊιει
1237 2905 1255 2916 λ.
