2027 3135
116 183 172 211 689

647 182 812 210 LITURGIA
833 183 862 211 S.
885 181 1050 210 GREGORII
1068 178 1222 209 COPTICA.

1694 177 1747 207 6‘30

117 241 192 267 diam
208 238 262 266 illis
277 239 321 274 qui
338 238 366 266 in
384 239 544 273 paenitentia
559 242 621 267 sunt
645 239 696 274 (8),
717 241 911 276 benignitatem
926 243 950 272 Α
964 244 1118 267 nostrorum
1143 237 1367 270 orthodoxorum,
1385 237 1430 272 qui
1448 238 1518 264 sunt'
1535 236 1562 264 in
1589 237 1699 272 palatio,
1718 244 1747 267 et

118 284 258 317 divitibus,
277 285 436 312 modestiam
448 285 481 312 iis
501 285 546 320 qui
564 285 589 312 in
605 285 734 320 dignitate
747 290 823 319 sunt,
836 287 910 313 auxi-

119 331 185 358 lium
205 330 389 365 pauperibus:
411 339 489 358 senes
519 331 616 358 robora
637 338 644 358 :
669 333 781 366 juvenes
810 333 908 360 erudi:

120 377 243 404 infideles
258 383 405 408 converte;
424 381 530 404 cessent
548 377 581 404 ab
599 377 719 405 Ecclesia
737 379 883 406 schismata
901 388 908 406 :

121 423 241 455 deprime
253 422 406 456 superbiam
420 423 568 454 haerescon,
582 428 609 450 et
628 431 677 451 nos
693 431 787 452 omnes
801 424 833 451 ad
848 432 911 451 con-

120 468 242 493 cortliam
260 468 368 502 pietatis
382 468 505 496 'adunare
524 468 652 503 digneris.

158 511 289 546 Populus.
305 513 427 545 Domine,
444 515 583 542 miserere.

160 557 304 585 Diaronus.
329 559 411 586 Orate
437 568 485 594 pro
509 568 575 595 pace
600 561 680 589 unius
717 562 858 593 catholicae
885 567 912 589 et

122 604 278 637 apostolicae
298 604 345 631 Dei
367 605 505 633 Ecclesiae.

160 648 298 676 Sacerdos.
314 650 576 683 Metueulo,Dom.ne
591 653 675 687 pacis,
689 655 784 686 unicae,
800 658 910 687 sancta,

121 695 265 722 catholica:
286 700 315 722 et
339 697 493 730 apostolicm
516 698 642 726 Ecclesia:
670 703 730 730 tum,
751 708 810 734 qua:
831 705 871 728 est
896 709 912 728 a

125 740 222 767 finibus
243 748 328 775 usque
345 741 378 767 ad
407 742 472 769 ﬁnes
496 747 584 775 terrm,
606 747 632 770 ct
654 751 746 771 eorum
770 743 814 779 qui
841 749 913 772 recte

124 786 282 819 dispensant
298 786 324 813 in
338 794 369 814 ea
385 788 494 815 verbum
507 789 640 816 veritatis.

162 831 306 858 Dial-auus.
325 832 407 860 Orate
428 841 477 867 pro
499 834 625 868 pontiﬁce
643 838 736 861 nostro
752 841 818 868 papa
836 834 912 861 Anba

125 878 158 905 Ν.
176 879 206 905 D.
227 879 430 914 archiepiscopo
455 888 559 916 inagna:
588 881 662 908 urbis
690 881 868 913 Alexandriae,
889 885 915 908 et

125 931 176 958 pro
195 925 354 952 orthodoxis
369 926 502 960 episcopis

162 968 303 997 Sacerdos.
322 971 475 998 Praesertim
499 980 562 999 vero
577 972 740 1006 patriarcha:
765 973 847 1000 nostri
864 973 915 1000 Pa-

125 1016 177 1043 tris
200 1017 365 1044 venerabilis
387 1017 466 1045 Anba
480 1018 511 1047 N.
533 1024 560 1046 et
581 1018 669 1046 Patris
695 1019 779 1046 nostri
798 1019 916 1054 episcopi

125 1061 205 1088 Anba
221 1060 255 1088 N.
273 1066 300 1088 et
314 1070 407 1090 eorum
422 1064 466 1098 qui
483 1064 528 1091 hic
550 1064 659 1097 adsunt,
673 1069 700 1092 et
715 1065 760 1099 qui
778 1065 917 1099 requieve-

127 1107 208 1134 runt,
238 1104 449 1140 episcoporum,
477 1107 707 1141 hegumenorum,
735 1107 915 1139 sacerdotum,

128 1149 316 1182 diaconorum,
341 1151 578 1185 subdiacouorum,
604 1155 746 1185 lectorum,
763 1158 915 1186 cantorum,

127 1196 340 1229 exorcistarum,
372 1198 578 1231 monachorum,
599 1199 742 1234 virginum,
767 1200 917 1231 viduarum,

126 1243 337 1275 continentium,
367 1245 561 1279 orphanorum,
586 1246 728 1278 laicorum,
751 1251 777 1274 et
797 1247 916 1274 omnium

128 1287 249 1315 ﬁdelium
268 1288 393 1317 Ecclesiae
408 1295 459 1317 tuze
477 1296 586 1318 sanctae.

203 1335 347 1362 Diaconos.
377 1335 458 1364 Orate
485 1345 533 1372 pro
561 1346 623 1371 rege
662 1343 754 1365 nostro
783 1337 918 1366 Christum

128 1386 240 1408 amante
253 1381 303 1416 (9).

204 1428 348 1456 Sacerdos.
364 1428 507 1462 Memento,
524 1430 646 1463 Domine,
655 1437 748 1458 eorum
763 1431 807 1465 qui
824 1438 919 1466 regna-

131 1478 230 1501 verunt
246 1482 305 1501 cum
321 1475 432 1509 pietate,
447 1481 473 1502 el.
490 1484 583 1503 eorum
598 1478 643 1512 qui
662 1470 799 1512 regnant;

168 1519 316 1546 Diacomts.
342 1519 484 1552 Memento,
517 1521 638 1554 Domine,
664 1522 781 1549 ﬁdelium
808 1521 920 1549 fratrum

132 1571 299 1592 nostrarum.

961 286 1049 313 omnis
1066 285 1213 312 exercitus.

997 331 1141 358 Diaconus.
1159 331 1242 359 Orate
1257 337 1306 365 pro
1320 329 1353 358 iis
1365 329 1410 364 qui
1425 333 1487 356 sunt
1502 328 1529 356 in
1545 329 1644 363 palatio
1659 329 1749 356 fratri-

960 376 1012 404 bus
1029 377 1130 405 nostris
1147 376 1281 410 ﬁdelibus,
1295 380 1322 404 et
1338 375 1506 408 orthodoxis,
1520 379 1547 402 et
1559 383 1607 410 pro
1623 375 1750 403 universo

961 423 1092 451 exercitu.

997 469 1138 498 Sacerdos.
1155 468 1300 501 Memento,
1315 468 1436 499 Domine.
1447 475 1540 495 eorum
1555 467 1600 502 qui
1614 467 1661 495 tibi
1672 468 1751 495 obtu-

961 515 1050 543 lerunt
1068 516 1124 543 ha-e
1141 516 1221 548 dona,
1243 519 1270 542 et
1295 522 1388 542 eorum
1404 515 1448 549 qui
1471 522 1520 549 pro
1540 521 1569 541 se
1585 514 1749 545 obtulerunt,

962 567 990 589 et
1008 569 1101 590 eorum
1116 569 1165 597 pro
1180 562 1278 596 quibus
1292 560 1380 589 oblata
1396 564 1457 588 sunt
1474 569 1481 587 :
1497 561 1614 587 concede
1627 561 1752 588 omnibus

964 607 1114 635 mercedem
1128 615 1143 635 e
1154 607 1235 635 coelo.

999 653 1144 681 Diacomu.
1167 652 1248 680 Orate
1259 660 1307 687 pro
1318 652 1353 680 its
1368 653 1414 687 qui
1431 652 1596 679 obtulerunt.

1000 697 1139 726 Sacerdos.
1156 698 1298 731 Memento,
1312 697 1437 731 Domine,
1448 698 1626 725 habitantium
1641 698 1667 724 iu
1680 705 1754 724 ntou-

964 745 1036 772 tibus
1052 750 1079 772 et
1095 744 1221 772 cavernis
1239 754 1245 771 :
1262 749 1290 772 et
1306 744 1420 771 fratrum
1449 749 1601 772 nostrorum
1626 745 1671 779 qui
1692 748 1754 771 sunt

965 790 991 816 in
1008 789 1164 824 captivitate
1185 797 1191 815 :
1207 789 1324 817 concede
1340 789 1392 816 illis
1413 794 1442 816 ιιι
1456 789 1568 823 paciﬁce
1584 789 1617 816 ad
1639 796 1687 816 sua
1703 788 1752 815 do-

965 836 1064 863 micilia
1078 839 1255 862 revertantur.

1002 882 1145 908 Diaconus.
1159 881 1240 908 Orate
1256 889 1303 916 pro
1319 882 1444 915 captivis.

930 925 952 952 Β
1002 927 1131 962 Populus.
1145 927 1267 959 Domine,
1287 927 1424 954 miserere.

1003 972 1147 999 Diacanul.
1162 972 1281 999 Adorate
1294 971 1397 1006 Agnum
1416 971 1530 998 Verbum
1550 971 1594 998 Dei
1611 971 1676 1007 (10).

1004 1017 1132 1044 Sacerdos
1161 1022 1270 1045 secreto.
1296 1016 1438 1050 Memento,
1465 1017 1586 1050 Domine,
1615 1016 1753 1046 tenuitatis

968 1072 1034 1092 meae
1052 1068 1079 1091 et
1104 1064 1211 1092 remitte
1226 1064 1291 1091 mihi
1309 1069 1420 1098 peccata
1434 1070 1503 1095 utea,
1526 1067 1555 1090 ut
1574 1063 1617 1090 ubi
1634 1063 1754 1090 abunda-

969 1111 1007 1138 vit
1025 1110 1161 1146 iniquitas,
1191 1110 1227 1137 ibi
1246 1109 1446 1144 superabundet
1469 1109 1556 1143 gratia
1579 1112 1623 1135 tua
1640 1118 1646 1135 :
1666 1115 1753 1142 neque

969 1162 1078 1192 propter
1103 1162 1213 1191 peccata
1237 1164 1294 1183 mea
1318 1156 1434 1191 propria,
1454 1159 1480 1183 et
1504 1159 1615 1190 propter
1633 1155 1753 1182 maculas

969 1204 1058 1230 cordis
1075 1202 1126 1230 mei
1144 1202 1267 1237 deprives
1283 1201 1408 1236 populum
1436 1205 1510 1228 tuum
1531 1201 1617 1236 gratia
1631 1200 1757 1236 ESpiritus

969 1248 1053 1275 sancti
1071 1248 1119 1274 tui.

1005 1293 1133 1328 Populus.
1149 1293 1278 1321 Miserere
1298 1293 1394 1324 nostri,
1414 1293 1486 1320 Deus
1511 1292 1634 1320 Salvator
1654 1297 1754 1319 noster.

1005 1340 1134 1368 Sacerdos
1148 1341 1204 1367 alla
1218 1347 1286 1367 voce.
1300 1339 1369 1372 Quia
1391 1340 1503 1374 populus
1517 1344 1578 1367 tuus
1591 1345 1618 1367 et
1635 1339 1756 1366 Ecclesia

971 1391 1015 1413 tua
1028 1392 1054 1414 te
1067 1387 1212 1414 obsecrant
1234 1390 1262 1413 et
1283 1386 1389 1412 Patrem
1414 1390 1489 1412 tuum
1502 1390 1600 1417 tecttm,
1613 1386 1732 1412 dicentes
1747 1393 1754 1411 :

971 1433 1098 1460 Miserere
1111 1433 1207 1466 nostri,
1227 1432 1296 1460 Deus
1314 1432 1438 1459 Salvator
1454 1436 1554 1458 noster.
1573 1431 1695 1458 Concede
1708 1438 1756 1465 po-

971 1479 1032 1513 pulo
1057 1484 1102 1506 tuo
1129 1486 1176 1505 cor
1204 1486 1286 1505 unum
1305 1487 1310 1505 :
1327 1479 1359 1505 da
1386 1478 1603 1513 tranquillitatem
1635 1477 1755 1504 mundo:

972 1523 1128 1558 temperiem
1145 1524 1241 1550 bonum
1264 1524 1320 1550 aeri
1339 1523 1482 1558 :dignare,
1503 1523 1625 1555 Domine,
1644 1522 1757 1549 benedi-

974 1577 1036 1596 cere
1055 1569 1106 1596 hoc
1121 1577 1192 1596 anno
1205 1575 1300 1596 ventos
1315 1569 1375 1596 cccli
1390 1573 1416 1595 et
1430 1568 1520 1603 fruges
1534 1573 1621 1595 terrae.
1636 1568 1752 1602 Diguare

170 1610 311 1639 Sacerdos.
341 1611 486 1645 Memento,
516 1612 638 1647 Domine,
663 1613 780 1641 ﬁdelium
808 1614 919 1641 fratrum
934 1613 956 1641 C
973 1616 1096 1649 Domine,
1117 1615 1276 1643 benedicere
1292 1623 1376 1650 aquas
1393 1614 1522 1645 fluminis.
1541 1614 1688 1641 ascendere
1711 1621 1758 1640 cas

172 1700 211 1736 (8)
235 1699 302 1727 Ilinc
322 1700 532 1730 demonstratur.
550 1702 735 1736 ptenitentiam
759 1703 785 1729 in
808 1703 917 1736 Coptica

135 1735 257 1762 Ecclesia
273 1735 359 1762 locum
374 1736 436 1762 olim
452 1737 579 1763 habuisse
590 1755 597 1767 ,
612 1737 711 1764 dudum
730 1742 791 1764 ante
804 1735 920 1764 obscena

137 1771 181 1797 illa
198 1776 320 1804 tempora
342 1769 467 1800 Joannis,
488 1777 515 1797 et
537 1771 619 1798 Marci
635 1772 680 1799 ﬁlii
702 1772 786 1799 Zaraa
806 1774 922 1806 patriar-

136 1806 261 1836 charum,
275 1806 320 1839 qui
335 1806 531 1833 confessionem
547 1812 730 1840 peccatorum,
741 1812 769 1834 et
780 1807 922 1837 Cononem.

138 1842 196 1867 sive
213 1839 376 1867 laboriosam
393 1839 578 1875 pmnilentia’m
593 1861 599 1873 ,
620 1842 712 1869 tollere
723 1839 823 1869 conati
841 1848 903 1868 sunt
914 1863 921 1873 ,

136 1875 172 1902 de
187 1882 239 1909 qua
258 1875 429 1902 innovatione
446 1876 546 1903 dictqu
562 1882 603 1903 est
624 1877 650 1904 in
666 1877 785 1904 Historia
810 1877 923 1904 Alexan-

138 1911 217 1936 drina
234 1908 271 1944 (ι)
287 1915 312 1946 et
329 1910 404 1938 alibi.
418 1911 483 1938 Esse
498 1912 525 1938 in
541 1912 710 1946 pmnitentia,
728 1918 813 1939 status
827 1919 879 1944 est,
896 1917 926 1939 ut

138 1952 234 1984 eorum
251 1945 335 1984 quiin
351 1947 444 1972 eadem
460 1945 583 1984 oratione
594 1952 853 1984 commemorantur,
880 1955 926 1973 va-

138 1981 182 2017 rii;
198 1980 360 2017 ξυηιτηΝοη
388 1988 450 2017 vero
473 1983 495 2009 is
522 1982 595 2009 locus
619 1982 809 2017 intelligendus
827 1988 869 2008 est
894 1984 926 2008 de

139 2015 247 2053 publica
270 2015 314 2042 illa
328 2035 348 2053 ,_
362 2016 449 2053 qualis
475 2017 500 2044 in
525 2025 574 2043 usu
598 2022 657 2053 erat
680 2015 774 2052 primis
800 2017 926 2044 Ecclesiae

138 2049 260 2086 saeculis,
278 2050 435 2084 paenitentia
446 2071 453 2084 ,
467 2052 544 2086 cujus
564 2052 663 2078 dudum
674 2049 688 2084 ,⁷
698 2057 876 2086 praeterquam
893 2053 925 2078 ad

141 2085 265 2120 publicos
278 2090 435 2119 peccatores
457 2085 639 2114 emendandos
650 2107 658 2118 ,
673 2085 813 2120 disciplina
825 2088 924 2113 omiSsa

138 2125 194 2146 est.
214 2119 267 2156 Sed
284 2121 328 2147 hic
353 2121 516 2156 intelligendi
541 2127 603 2148 sunt
627 2122 684 2153 illi,
704 2119 749 2155 qui
771 2121 840 2148 facta
856 2122 926 2156 apud

141 2155 312 2182 sacerdotem
332 2155 502 2184 confessione
514 2176 522 2189 ,
543 2156 676 2184 Cononem
686 2178 693 2190 ,
712 2158 762 2184 hoc
776 2161 818 2184 est
832 2164 926 2190 paruas

142 2191 290 2226 canonicas
305 2191 499 2223 suscipiebant,
518 2197 545 2219 et
559 2193 676 2226 aliquam
697 2192 802 2218 illarunt
821 2196 924 2225 partem

140 2224 365 2258 compleverant,
380 2230 524 2260 antequam
546 2224 762 2254 communionem
777 2224 927 2253 sacramen-

143 2255 232 2286 loruin
257 2255 429 2291 obtinerent,
451 2255 465 2288 ξι
491 2270 545 2296 qua
567 2263 726 2288 arcebantur
751 2269 798 2296 per
819 2261 926 2295 aliquod
942 2255 964 2282 D

144 2295 272 2328 temporis
297 2295 478 2322 intervallum.
500 2295 565 2324 'lltcc
588 2297 726 2330 disciplina
752 2295 841 2323 fusius
864 2296 927 2323 alibi

142 2334 308 2363 exponetur,
324 2337 355 2356 ex
374 2332 455 2357 variis
467 2331 622 2358 auctoribus
647 2337 701 2357 tum
725 2339 757 2359 ex
779 2331 927 2358 cauonibus

143 2364 387 2397 pwnitcntialibns,
402 2367 448 2400 qui
467 2371 574 2393 exstant
587 2367 612 2392 in
625 2367 762 2393 codicibus
778 2366 926 2393 manuscri-

143 2401 226 2436 ptis.”
241 2399 431 2436 [fmilia-utinm
457 2409 563 2436 quoque
593 2403 693 2428 mentio
716 2402 746 2427 ﬁt
769 2401 859 2433 infra,
882 2401 927 2434 qui

145 2434 257 2469 intelligi
286 2435 355 2462 forte
378 2434 493 2470 debent,
512 2434 559 2471 per
575 2444 621 2463 eos
646 2437 691 2463 cui
718 2437 745 2462 in
766 2436 928 2470 confessione

142 2475 215 2495 “illi.

180 2504 219 2537 (9)
242 2503 356 2530 Servata
375 2504 431 2532 haec
445 2505 557 2532 formula
571 2511 612 2532 est
622 2514 655 2533 ex
671 2507 754 2534 veteri
775 2506 927 2539 disciplina,

144 2546 206 2579 ante
218 2545 378 2579 Ot‘CIIJIjIlat’tl
391 2549 405 2566 a
419 2540 619 2579 hluhamcdanis
631 2541 788 2579 [Egyptutm
799 2543 823 2568 in
835 2541 928 2579 Gra‘cu

144 2573 198 2600 τῶν
212 2574 333 2605 εὐσεϐῶς
357 2573 589 2609 βασιλευσάντων,
605 2573 768 2610 ειυωἿὲτινει
792 2577 929 2603 versiones

144 2610 267 2645 Arabicae
281 2612 404 2642 quzcdam
417 2615 616 2645 expresserunt.
635 2611 737 2645 Nempe
753 2619 813 2638 cum
832 2618 929 2645 regna-

146 2649 206 2670 rent
223 2643 373 2670 Christiani
392 2643 567 2679 imperatorcs
578 2666 586 2677 ,
609 2647 665 2673 haec
683 2643 797 2672 formula
814 2643 928 2678 usurpa-

145 2679 236 2711 batur,
258 2687 318 2712 quae
340 2686 433 2714 postea
455 2681 480 2706 in
502 2681 578 2708 libris
593 2686 699 2708 servata
717 2686 775 2713 est,
796 2680 930 2713 adjunctis

144 2718 235 2740 tatncn
252 2714 343 2740 verbis
362 2715 476 2746 ultimis,
490 2717 550 2749 quin
565 2724 611 2749 pro
624 2716 805 2749 principibus,
822 2716 930 2749 quales-

143 2756 251 2783 cunque
278 2750 350 2780 sint,
377 2755 457 2776 orant
487 2751 657 2784 Orientales,
694 2752 717 2778 si
754 2750 930 2778 Nestorianos

142 2784 305 2821 excipimus,
325 2784 352 2811 in
371 2792 484 2821 quorum
506 2785 630 2821 iLiturgia
645 2787 775 2813 memoria
793 2787 823 2812 lit
841 2794 930 2820 regum

141 2818 272 2852 ﬁdelium,
291 2826 345 2846 non
363 2820 487 2846 aliorum.
505 2820 543 2847 Ex
561 2818 605 2848 illo
618 2821 676 2849 loco
695 2826 766 2850 recte
780 2818 929 2849 Salmasius

172 2901 204 2933 l‘)
216 2901 283 2928 Hist.
300 2904 371 2928 Patr.
386 2902 456 2929 Ala.
469 2911 493 2935 p.
507 2904 560 2929 5035.

973 1703 1099 1737 Liturgia:
1115 1703 1303 1736 antiquitatem
1313 1703 1494 1735 commendat,
1508 1707 1635 1737 tanquam
1647 1702 1755 1737 scriptae

973 1739 1022 1765 sub
1045 1737 1207 1765 Christianis
1230 1737 1377 1773 Egyptum
1399 1738 1604 1769 obtinentibus,
1624 1738 1685 1772 quia
1710 1745 1758 1771 pro

975 1774 1027 1800 illis
1042 1778 1146 1804 oratur,
1168 1778 1195 1800 et
1215 1773 1268 1799 illis
1286 1774 1331 1807 qni
1355 1777 1418 1799 sunt
1434 1773 1459 1799 in
1484 1773 1593 1808 palatio.
1615 1773 1667 1799 Sed
1685 1773 1758 1806 pala-

976 1809 1042 1834 tium
1069 1816 1122 1835 non
1145 1809 1230 1843 magis
1254 1808 1422 1835 Christianos
1443 1815 1522 1842 quam
1549 1808 1758 1834 Muhamedanos

980 1843 1116 1878 principes
1131 1844 1269 1877 designat,
1288 1850 1374 1877 neque
1395 1843 1427 1868 ad
1454 1843 1580 1869 lamiliam
1601 1843 1700 1877 regiam
1714 1849 1757 1868 re-

978 1878 1042 1904 ferri
1059 1877 1158 1909 debet,
1186 1879 1233 1904 sed
1256 1877 1289 1904 ad
1314 1878 1411 1904 fratres
1437 1877 1620 1907 orthodoxos.
1644 1879 1694 1903 hoc
1716 1882 1758 1902 est

977 1912 1112 1940 Jacobitas
1124 1912 1304 1942 Christianos.
1320 1913 1365 1945 qui
1390 1917 1451 1938 tunc
1462 1918 1542 1945 ,erant
1559 1913 1584 1938 in
1602 1912 1689 1938 aulico
1705 1912 1757 1937 mi-

980 1949 1102 1975 nisterio.
1119 1947 1215 1975 Multos
1229 1948 1299 1974 enim
1320 1947 1404 1974 fuisse
1420 1948 1464 1981 qui
1482 1947 1642 1981 scripturatn
1657 1946 1682 1972 in
1697 1947 1758 1972 aula

977 1983 1086 2015 sultani,
1112 1987 1159 2010 aut
1181 1983 1206 2009 in
1223 1983 1322 2009 divano
1339 1987 1506 2014 exercerent,
1530 1985 1603 2015 patet
1625 1988 1657 2008 ex
1674 1981 1757 2008 variis

980 2018 1099 2044 historiae
1114 2017 1303 2044 Alexandrinm
1315 2017 1396 2047 locis,
1411 2017 1482 2050 quod
1496 2017 1596 2050 pariter
1611 2016 1759 2050 saepissime

978 2053 1092 2087 conligit
1114 2053 1139 2079 in
1156 2052 1216 2079 aula
1239 2052 1422 2087 Bagdadensi,
1444 2051 1488 2078 ubi
1509 2051 1584 2087 multi
1602 2051 1758 2087 _Ghristiaui

979 2085 1075 2122 magna
1089 2088 1158 2122 apud
1175 2087 1304 2121 quosdam
1318 2086 1410 2113 califas
1424 2086 1584 2112 auctoritate
1598 2085 1757 2122 lim-uerunt,

979 2121 1131 2149 Nestoriani
1154 2123 1297 2156 praecipue.
1323 2122 1391 2148 Hinc
1406 2129 1475 2154 sarpe
1492 2125 1606 2155 utraque
1619 2121 1739 2156 Ecclesia
1749 2140 1758 2152 ,

978 2156 1126 2184 Jacobitica
1141 2155 1168 2183 et
1189 2157 1347 2183 Nestoriana
1358 2176 1365 2188 ,
1387 2156 1512 2182 maximis
1527 2157 1613 2182 turbis
1635 2163 1681 2190 per
1697 2155 1758 2190 illo-

980 2200 1038 2218 rum
1055 2193 1193 2219 hominum
1207 2192 1381 2218 ambitionem
1398 2191 1497 2225 agitata
1512 2196 1553 2217 est
1568 2200 1574 2217 ε
1592 2197 1619 2217 ct
1633 2189 1660 2217 in
1674 2189 1760 2224 Egy-

980 2232 1024 2260 plo
1038 2228 1088 2254 sub
1111 2227 1213 2253 ultimis
1231 2226 1362 2256 sultanis,
1377 2226 1473 2253 Turcis
1488 2230 1514 2252 et
1527 2226 1674 2258 Circassis,
1690 2233 1758 2259 quos

980 2261 1141 2289 lllatnalucos
1164 2265 1279 2293 vocant,
1299 2262 1449 2288 durissima:
1463 2261 1664 2295 persecutiones
1686 2260 1760 2286 exci-

981 2301 1041 2324 tata:
1055 2302 1126 2324 sunt.
1147 2296 1231 2330 Quam
1247 2297 1388 2323 lectionem
1406 2294 1513 2322 secutus
1532 2295 1613 2321 fuerit
1626 2294 1759 2321 Maronita

979 2331 1113 2365 interpres
1126 2339 1186 2358 cum
1203 2332 1282 2357 vertit
1297 2340 1304 2358 :
1321 2330 1462 2362 Memento,
1479 2329 1598 2362 Domine,
1614 2337 1700 2364 regum
1715 2330 1760 2363 qui

978 2372 1038 2393 sunt
1054 2367 1127 2393 electi
1140 2367 1167 2393 in
1184 2367 1339 2400 perfectione
1356 2366 1470 2399 pietatis,
1484 2369 1611 2391 eteorum
1631 2365 1675 2399 qui
1698 2368 1759 2390 sunt

978 2401 1105 2435 eligendi,
1119 2409 1171 2428 non
1185 2402 1250 2428 satis
1264 2401 1432 2434 intelligitur,
1456 2408 1516 2426 curti
1540 2400 1700 2426 sententiam
1720 2400 1760 2425 si-

980 2436 1070 2463 miletu
1104 2444 1190 2470 neque
1218 2437 1346 2470 Copticus
1379 2443 1466 2470 neque
1500 2435 1632 2461 Arabicus
1671 2438 1761 2461 textus

979 2471 1102 2498 ull'erant.
1612 2476 1615 2479 ‘

1017 2506 1073 2541 (t0)
1096 2506 1157 2532 Haec
1176 2505 1282 2532 diaconi
1301 2505 1418 2541 hortatio
1437 2505 1463 2531 in
1488 2504 1581 2532 codice
1597 2504 1692 2541 Graeco
1707 2511 1761 2530 non

979 2539 1099 2568 occurrit
1113 2550 1119 2567 :
1138 2541 1178 2574 pia
1195 2547 1260 2567 sane
1283 2544 1310 2566 et
1323 2539 1468 2574 singularis
1478 2560 1487 2572 ,
1502 2547 1583 2574 quam
1597 2547 1631 2566 ex
1650 2539 1761 2573 Coptica

980 2577 1068 2609 lingua
1082 2576 1113 2602 ad
1134 2576 1243 2602 verbum
1263 2575 1428 2608 interpretati
1448 2581 1555 2606 sumus,
1574 2576 1762 2601 consentiente

979 2611 1092 2637 Arabica
1109 2611 1239 2637 versione.
1254 2609 1282 2636 lu
1299 2617 1352 2636 uno
1366 2616 1400 2637 ex
1415 2609 1552 2636 codicilms
1570 2609 1671 2643 Regiis,
1688 2609 1762 2634 illius

981 2646 1048 2672 adeo
1070 2645 1167 2677 legitur
1191 2644 1303 2670 formula
1323 2644 1366 2670 illa
1393 2645 1519 2679 frequens
1541 2644 1654 2670 Adorate
1677 2643 1762 2670 Deum

980 2689 1039 2706 cunt
1064 2682 1155 2706 liotore
1177 2687 1186 2706 :
1212 2681 1281 2713 quod
1305 2678 1399 2706 Gra‘ce
1426 2687 1479 2705 non
1504 2680 1698 2712 pronuntietur,
1733 2681 1761 2703 ut

981 2722 1073 2742 onmes
1084 2715 1196 2747 similes,
1214 2712 1272 2740 eam
1288 2722 1340 2741 non
1357 2715 1423 2741 adeo
1439 2714 1575 2747 antiquam
1595 2721 1656 2740 esse
1676 2712 1762 2747 signi—

981 2751 1061 2776 ἥρωι-ε
1075 2751 1188 2776 videtur.
1203 2749 1303 2776 Eratin
1319 2749 1448 2783 Scaligeri
1463 2750 1566 2781 codice,
1581 2749 1628 2776 sed
1644 2750 1763 2783 peSsime

981 2785 1114 2848 ibtltrl'pl'es
1132 2785 1246 2812 reddidit
1266 2793 1272 2812 :
1295 2783 1376 2811 Orate
1394 2793 1441 2819 pro
1455 2792 1484 2811 eo
1501 2784 1544 2818 qui
1557 2789 1641 2819 portat
1659 2783 1763 2811 uerbum

1007 2828 1039 2847 ei.

1007 2828 1039 2847 ΕΙ.
