2027 3135
242 167 292 195 ειη

765 170 930 199 LlTURGIA
950 172 978 200 S.
999 171 1164 201 GREGORII
1183 173 1340 202 COPTICA.

1810 152 1867 208 6-92

242 223 285 251 fac
299 224 376 260 juxta
387 231 540 253 mensuram
554 233 640 260 suam,
654 228 801 255 secundum
813 230 926 264 gratiam
943 235 1026 257 tuam.
1041 233 1066 262 Α
1079 232 1230 260 orthodoxa
1248 241 1256 260 :
1276 233 1310 260 da
1330 231 1382 260 illis
1397 232 1521 261 omnibus
1536 233 1669 268 requiem,
1681 241 1742 262 cum
1762 237 1868 265 sanctis

242 269 358 296 Latiﬁca
376 269 472 297 faciem
489 275 579 303 terrae,
591 276 643 299 etc.
661 272 703 299 Ea:
723 272 845 309 Liturgia
858 274 961 302 Basilii.

277 315 394 343 lnﬂrmis
412 317 554 345 sanitatem
571 326 578 343 :
598 318 779 354 indigentibus
795 321 919 348 solatium
937 331 944 349 :
959 322 1024 349 libe-

241 362 372 390 rationem
386 363 500 397 captivis
512 365 630 391 concede
642 374 649 392 :
665 365 772 400 suscipe
789 366 821 394 ad
834 371 860 394 te
871 368 1026 403 orphanos:

243 409 371 436 auxilium
397 410 431 436 da
455 410 565 437 viduis:
585 418 632 439 eos
652 413 699 446 qui
727 412 925 447 angustiantur,
950 415 1028 443 bonis

242 460 385 483 sustenta:
407 462 454 484 eos
480 456 525 491 qui
545 457 700 484 ceciderunt
714 459 789 493 erige
806 469 812 487 :
838 464 940 488 stantes
957 468 1028 488 'con-

243 500 321 527 llrma
338 509 346 526 :
362 500 546 527 defunctorum
571 507 707 529 memento
724 511 731 529 :
746 510 838 530 eorum
859 504 904 538 qui
918 504 946 531 in
961 512 1028 532 con-

243 546 360 574 fessiOue
381 551 454 579 sunt,
482 548 684 581 deprecationes
710 549 816 584 suscipe
835 558 843 577 :
865 551 1028 585 poenitentes

243 596 356 617 numera
373 597 432 617 cum
446 589 569 618 ﬁdelibus
584 591 647 625 tuis,
660 596 688 618 et
702 591 794 620 ﬁdeles
806 599 866 621 tuos
880 601 941 621 cum
956 602 1030 623 mar-

245 634 349 669 tyribus
365 634 436 662 tuis:
451 639 479 662 et
501 643 550 663 eos
567 636 612 671 qui
638 637 683 665 hic
703 638 811 671 adsunt,
830 639 932 667 similes
954 639 1029 668 eﬂice

244 681 348 716 angelis
359 681 411 709 tuis
425 690 433 710 :
448 689 497 709 nas
511 689 628 718 quoque,
647 683 703 718 qui,
717 684 780 712 licet
793 685 907 720 indigni,
929 685 963 712 ad
977 686 1028 713 mi-

246 727 385 754 nisterium
402 733 476 755 tuum
493 735 542 762 per
553 729 666 764 gratiam
679 733 752 757 tuam
765 730 852 758 vocati
873 737 979 763 sumus,
996 732 1029 759 ad

245 775 273 798 te
286 773 400 805 suscipe.

281 816 374 852 Kyrie,
387 818 499 853 eleison,
507 819 564 847 alta
573 828 642 847 voce.

282 864 421 895 Sacerdos.
450 865 593 899 Memento,
618 866 740 900 Domine,
761 866 858 896 salutis
878 867 958 903 hujus
979 868 1028 896 loci

248 910 335 938 sancti
354 912 402 942 tui.
424 916 452 938 et
470 913 589 940 omnium
609 913 741 948 locorum,
770 921 798 944 et
825 917 946 944 omnium
972 925 1030 945 mo-
1046 903 1068 930 Β

249 956 428 984 nasteriorum
455 957 564 985 Patrum
589 965 739 988 nostrorum
765 961 986 996 orthodoxorum,
1006 967 1034 990 et

248 1001 367 1029 omnium
381 1003 519 1031 civitatum
538 1004 620 1032 totius
646 1006 791 1040 provinciae
810 1012 838 1034 et
860 1008 988 1043 regiOnis,
1007 1012 1034 1036 et

250 1047 338 1075 omnis
353 1048 560 1083 pulchritudinis
571 1050 645 1084 ejus;
671 1056 699 1078 et
725 1059 773 1079 nos
794 1059 889 1080 omnes
907 1053 993 1081 libera
1018 1062 1032 1080 ει

249 1093 331 1127 fame,
348 1102 363 1122 a
379 1100 463 1129 peste,
478 1103 492 1122 a
509 1099 588 1123 terra:
601 1097 729 1129 motibus,
743 1098 942 1132 submersione,
966 1106 1033 1126 nau-

249 1140 335 1174 fragio
349 1145 375 1168 et
390 1141 531 1175 incendio;
549 1150 562 1168 a
575 1143 730 1177 captivitate
744 1144 932 1179 barbarorum,
948 1152 962 1172 a
978 1145 1035 1180 gla-

249 1186 295 1214 dio
307 1192 446 1220 extraneo,
462 1193 489 1215 et
500 1188 534 1215 ab
549 1188 744 1217 insurrectioue
760 1190 955 1218 haereticorum.

284 1232 411 1267 Dignare,
431 1233 553 1266 Domine,
573 1235 709 1262 recordari
731 1237 851 1263 omnium
878 1241 1032 1264 sanctorum

250 1280 295 1315 qui
317 1280 365 1308 tibi
391 1280 549 1315 placuerunt
566 1282 601 1308 ab
629 1282 715 1313 initio,
743 1282 851 1309 Patrum
879 1288 1034 1311 nostrorum

251 1330 419 1358 sanctorum,
431 1327 656 1361 patriarcharum,
674 1328 876 1362 prophetarum,
902 1329 1036 1364 apostolo-

251 1379 325 1404 rum,
347 1372 584 1406 evangelistarum,
603 1377 766 1407 martyrum,
791 1373 986 1405 confessorum,
1008 1379 1036 1401 et

251 1423 347 1443 eorum
372 1417 417 1451 qui
448 1416 620 1452 Evangelium
651 1418 881 1445 aununtiaverunt
908 1418 1035 1446 Ecclesia:

253 1468 316 1496 tum,
330 1467 357 1490 et
381 1463 500 1490 omnium
526 1464 668 1498 spirituum
691 1463 826 1497 iustorum
839 1465 884 1498 qui
908 1472 1035 1491 consum-

253 1509 330 1539 mati,
350 1509 467 1536 defuncti
481 1514 543 1536 sunt
560 1510 585 1536 in
609 1510 670 1538 ﬁde.
688 1509 826 1544 Praecipue
842 1518 906 1537 vero
925 1516 1034 1542 sanctae,

254 1554 337 1588 ginria
352 1554 437 1589 plenae
449 1562 554 1589 semper
566 1554 697 1590 Virginis,
711 1555 856 1583 Genitricis
869 1555 915 1583 Dei
936 1561 1036 1584 sancta:

255 1600 356 1632 Mariae,
371 1605 398 1628 et
413 1602 497 1628 sancti
517 1601 628 1629 Joannis
644 1601 835 1634 Prmcursoris,
859 1602 986 1637 Baptista:
1010 1607 1037 1629 et

256 1646 392 1680 martyris,
407 1650 434 1673 et
452 1647 539 1674 sancti
563 1646 691 1681 Stephani
708 1647 890 1680 protodiaconi
907 1652 933 1674 et
949 1653 1039 1682 proto-

258 1692 396 1726 martyris,
408 1696 435 1718 et
448 1692 647 1727 contemplativi
663 1693 802 1726 Deumque
818 1693 935 1720 videntis
957 1701 1039 1720 evan—

258 1736 360 1771 gelista:
385 1737 478 1769 Marci,
493 1738 604 1772 apostoli
623 1738 710 1765 sancti
738 1744 766 1765 et
790 1739 930 1773 martyris;
949 1743 976 1765 et
993 1746 1041 1773 pa-

259 1782 383 1809 triarcha:
407 1783 494 1810 nostri
516 1784 601 1810 sancti
627 1783 738 1815 Severi;
763 1788 791 1810 et
814 1783 930 1811 doetoris
956 1785 1040 1811 nostri

261 1827 393 1859 Dioscuri,
409 1827 495 1854 sancti
516 1828 619 1863 Cyrilli,
641 1829 727 1855 sancti
744 1827 847 1859 Basilii,
871 1829 955 1855 sancti
972 1829 1042 1856 Gre-

260 1873 341 1906 gorii,
359 1873 444 1900 sancti
457 1872 569 1900 Joannis
588 1873 784 1908 Chrysostomi,
803 1874 887 1900 sancti
903 1874 1042 1901 Athanasii

260 1918 416 1952 apostolici;
433 1923 460 1946 et
483 1919 650 1946 dominorum
675 1924 826 1947 nostrorum
839 1918 946 1946 Patrum
962 1919 1043 1950 iusto-

261 1971 332 1997 rum,
349 1965 436 1999 magni
462 1965 566 1992 abbatis
597 1965 716 1997 Antonii,
740 1970 767 1991 et
787 1965 821 1998 pii
838 1965 921 1991 sancti
939 1965 1044 1992 abbatis

262 2008 347 2042 Pauli,
371 2014 397 2037 et
416 2010 495 2037 trium
515 2010 703 2042 Macariorum,
729 2011 865 2044 totiusque
880 2011 954 2037 chori
979 2018 1043 2037 san-

263 2059 370 2082 ctorum
393 2061 510 2087 tuorum,
526 2063 641 2089 quorum
658 2057 784 2091 precibus
800 2061 827 2083 et
848 2056 1046 2083 intercessioni-

265 2102 325 2133 bus,
340 2101 466 2129 miserere
480 2103 599 2129 omnium
618 2107 785 2135 nostrum,et
798 2110 846 2130 nos
855 2110 948 2129 omnes
963 2103 1046 2130 libera

264 2152 373 2183 propter
392 2156 488 2175 nomen
508 2154 582 2175 tuum
608 2154 730 2176 sanctum
751 2152 821 2183 quod
840 2149 989 2175 invocatum
1005 2152 1046 2175 est

263 2201 344 2229 super
354 2202 412 2222 nos.

1078 278 1147 310 tuis,
1169 281 1197 305 et
1223 285 1283 305 cum
1313 278 1346 305 iis
1372 285 1485 313 quorum
1514 279 1623 306 nomina
1651 286 1866 309 commemorata

1077 329 1150 351 sunt.

1113 369 1243 397 Sacerdos
1261 375 1320 404 post
1339 370 1469 405 Diptyclta
1483 370 1563 397 dicet.
1579 370 1722 404 Memento,
1738 372 1866 404 Domine,

1077 422 1170 442 eorum
1198 423 1311 450 quorum
1339 416 1495 443 memoriam
1528 416 1640 444 fecimus
1668 417 1807 447 ﬁdelium.
1838 422 1868 445 et

1078 467 1173 488 eorum
1186 469 1302 494 quorum
1321 468 1374 488 non
1400 462 1572 489 tueminimus
1598 463 1819 496 orthodoxorum,
1839 468 1867 491 et

1079 507 1166 534 nostri
1183 514 1291 542 quoque
1304 514 1366 534 cum
1380 507 1444 540 illis,
1463 515 1480 535 ο
1494 508 1562 536 bone
1588 513 1703 542 amator,
1726 508 1867 537 hominum

1079 552 1159 580 Deus.

1117 598 1243 634 Populus.
1268 599 1392 632 Remitte,
1417 607 1509 635 parce,
1535 598 1656 626 condona
1680 597 1768 629 nobis,
1786 597 1867 629 Deus,

1080 643 1197 672 oﬂensas
1216 650 1321 673 nostras
1343 652 1411 680 quas
1436 643 1619 672 commisimus
1644 643 1796 670 voluntarie
1821 646 1871 669 aut

1079 689 1278 722 involuntarie,
1293 690 1409 717 scienter
1429 689 1470 717 vel
1491 689 1646 724 iguoranter
1660 697 1667 715 :
1685 687 1809 720 Domine,
1826 687 1869 714 di-

1079 735 1154 762 mitte
1168 735 1228 763 illas
1239 735 1325 762 nobis.

1115 780 1255 808 Sacerdos.
1273 780 1312 807 Tu
1327 787 1357 808 es
1372 780 1442 808 enim
1470 779 1541 807 Deus
1568 778 1722 807 misericors
1742 778 1788 813 qui
1814 785 1868 806 non

1084 826 1126 853 vis
1139 831 1252 853 mortem
1267 826 1427 861 peccatoris,
1441 825 1487 852 sed
1506 829 1535 851 ut
1552 828 1726 852 convertatur
1738 828 1766 850 et
1784 823 1871 851 vivat.

1084 871 1218 898 Converte
1245 879 1304 904 nos,
1332 871 1452 903 Domine,
1477 878 1524 905 per
1547 870 1658 897 salutem
1677 875 1761 900 tuam,
1782 874 1811 896 et
1828 869 1873 896 iac

1087 916 1227 944 nobiscum
1244 917 1390 944 secundum
1405 915 1550 943 bonitatem
1570 920 1662 947 tuam;
1680 919 1706 941 tu
1725 913 1771 949 qui
1787 913 1872 941 eilicis

1086 962 1162 997 plura
1176 969 1255 996 quam
1281 963 1397 997 petimus
1420 966 1467 988 aut
1494 961 1687 996 intelligimus:
1704 966 1733 988 ut
1757 961 1783 988 in
1809 960 1872 992 hoc,

1087 1007 1157 1034 sicut
1172 1012 1200 1034 et
1223 1007 1249 1034 in
1275 1007 1409 1040 omnibus,
1432 1007 1605 1042 gloriﬁcetur,
1631 1006 1817 1037 benedicatur,
1845 1011 1876 1033 et.

1086 1052 1230 1079 extollatur
1261 1060 1356 1080 nomen
1380 1057 1453 1079 tuum
1482 1059 1626 1087 magnum,
1657 1051 1871 1082 sanctissimum,

1087 1097 1235 1131 gloriosum
1251 1103 1279 1125 et
1299 1097 1481 1131 benedictum,
1505 1105 1566 1125 cum
1587 1097 1667 1125 Patre
1683 1102 1728 1125 tuo
1742 1097 1826 1129 bono,
1844 1100 1874 1124 et

1088 1143 1188 1179 Spiritu
1204 1149 1307 1171 sancto.

1122 1189 1176 1216 Pax
1190 1189 1324 1217 omnibus.

1121 1234 1246 1269 Domine,
1262 1234 1387 1263 Salvator
1407 1240 1623 1267 noster,amator
1637 1234 1775 1262 hominum
1790 1233 1875 1265 bone,

1087 1281 1132 1316 qui
1148 1280 1270 1308 vivificas
1288 1281 1395 1308 animas
1409 1286 1527 1314 nostras,
1543 1281 1587 1315 qui
1601 1280 1734 1307 tradidisti
1746 1285 1772 1307 te
1787 1279 1873 1313 ipsum

1087 1334 1136 1360 pro
1156 1327 1244 1358 nobis.
1259 1327 1284 1354 in
1301 1327 1415 1354 salutem
1434 1334 1483 1361 pro
1509 1327 1625 1361 peccatis
1641 1326 1742 1352 nostris
1757 1333 1764 1351 :
1782 1325 1827 1359 qui
1848 1325 1876 1350 in

1088 1371 1262 1399 multitudine
1289 1372 1485 1399 misericordiae
1514 1376 1565 1398 tuae
1594 1370 1697 1398 solvisti
1718 1369 1877 1397 inimicitias

1089 1418 1226 1445 hominum
1246 1427 1253 1445 :

1088 1463 1147 1490 tris.

1124 1507 1216 1544 Kyrie,
1233 1507 1345 1535 eleison.
1362 1507 1488 1535 Benedic.
1496 1508 1590 1534 Amen.
1611 1539 1617 1545 _

1124 1553 1261 1580 Sacerdos.
1277 1553 1328 1586 Qui
1354 1553 1515 1581 benedixisti
1537 1553 1582 1581 illo
1604 1557 1736 1588 tempore.
1763 1553 1877 1581 benedic

1089 1606 1159 1626 nunc
1177 1598 1245 1634 (tt).

1123 1643 1250 1676 Populus.
1267 1643 1364 1670 Amen.

1125 1689 1264 1716 Sacerdos.
1277 1688 1328 1722 Qui
1344 1689 1519 1717 sanctiﬁcasti
1532 1689 1576 1717 illo
1585 1694 1714 1725 tempore,
1734 1688 1879 1717 sanctiﬁca

1090 1743 1171 1762 nunc.

1126 1781 1255 1816 Populus.
1275 1781 1372 1808 Amen.

1129 1828 1265 1855 Sacerdos.
1288 1827 1338 1861 Qui
1359 1827 1474 1855 divisisti
1496 1827 1541 1855 illo
1554 1832 1682 1863 tempore,
1694 1828 1784 1856 divide
1794 1835 1876 1855 nunc.

1127 1871 1256 1905 Pupulus.
1274 1872 1359 1899 Amen

1128 1917 1265 1944 Sacerdos.
1290 1916 1340 1950 Qui
1360 1917 1459 1944 dedisti
1484 1917 1537 1944 tuis
1566 1916 1706 1951 discipulis
1729 1916 1833 1943 sanctis
1850 1921 1879 1943 et

1094 1963 1222 1995 apostolis
1238 1963 1310 1997 puris
1327 1962 1372 1990 illo
1389 1968 1519 1997 tempore,
1535 1970 1615 1996 nunc,
1639 1962 1760 1993 Domine,
1775 1963 1810 1989 da
1830 1970 1884 1989 no-.

1095 2009 1146 2041 bis,
1160 2013 1187 2035 et
1210 2009 1282 2036 omni
1307 2008 1403 2043 populo
1420 2013 1476 2042 tuo,
1491 2009 1661 2044 omnipotens
1675 2008 1789 2036 Domine
1808 2007 1880 2035 Deus

1096 2059 1196 2082 noster.

1131 2099 1274 2126 Diaconus.
1295 2098 1386 2126 Orate.

1238 2146 1329 2173 Oratio
1350 2147 1487 2181 [motionis
1510 2146 1543 2172 ad
1567 2144 1738 2179 Filiumﬂi).

1134 2192 1291 2219 Benedictus
1311 2199 1350 2223 es,
1371 2191 1476 2218 Christe
1493 2191 1562 2218 Deus
1584 2190 1764 2224 omnipotens,
1786 2188 1882 2215 Salva-

1279 1417 1437 1453 Unigenilus
1461 1418 1551 1452 Deus,
1576 1418 1623 1452 qui
1648 1424 1678 1445 es
1696 1417 1724 1444 in
1741 1417 1804 1459 sinu
1823 1416 1876 1444 Pa-

300 2240 429 2267 Sacerdos
454 2246 559 2266 sccrelo.
587 2240 731 2272 Memento,
759 2240 879 2272 Domine,
896 2245 1000 2273 patrum
1020 2245 1046 2267 et
1062 2247 1085 2275 υ
1099 2243 1140 2265 tor
1168 2238 1295 2265 Ecclesia:
1314 2243 1392 2264 tute:
1418 2236 1534 2264 Verbum
1561 2235 1727 2270 intelligibile
1752 2239 1780 2262 et
1802 2235 1884 2262 homo

264 2286 377 2313 fratrum
390 2291 543 2313 nostrorum
559 2286 605 2320 qui
620 2287 722 2321 pridem
734 2286 937 2313 obdormieruut
949 2287 975 2312 in
994 2286 1049 2312 ﬁde

302 2379 358 2414 (Η)
375 2379 512 2406 Sententia
530 2380 608 2411 hujus
625 2379 755 2405 orationis
781 2378 822 2412 pia
841 2377 934 2414 valde,
951 2381 977 2404 et
995 2385 1045 2412 pu-~

267 2412 381 2442 rissimze
408 2414 545 2449 theologia
567 2414 660 2448 plena;
687 2421 782 2446 nempe
802 2418 831 2438 ut
853 2412 976 2449 Christus
1000 2420 1046 2446 per

268 2450 385 2476 divinam
403 2448 624 2479 omnipotentiam
639 2468 647 2479 ,
669 2449 816 2475 secundmn
840 2448 1047 2482 promissionem

268 2485 324 2512 suis
342 2484 441 2511 iactant
458 2493 464 2510 :
479 2483 545 2510 Ecce
562 2491 607 2518 ego
624 2483 756 2510 uobiscum
772 2490 830 2508 sum
844 2490 922 2516 usque
939 2483 973 2508 ad
988 2490 1050 2508 con-

267 2520 466 2546 summationem
477 2517 583 2551 seculi,
597 2523 623 2544 et
638 2517 764 2552 singulari
790 2518 878 2549 modo,
898 2524 945 2549 per
962 2521 1050 2552 trans-

268 2554 442 2581 tnutationem
471 2554 546 2588 panis
568 2557 595 2579 et
618 2551 713 2579 viniin
737 2559 836 2588 corpus
850 2557 876 2578 et
893 2551 1050 2588 sanguinem

269 2596 347 2615 suum
366 2586 483 2624 praesens
493 2608 501 2620 ,
515 2589 673 2624 mysterium
688 2595 702 2613 a
713 2587 913 2624 sciustitutum
929 2586 1051 2624 perﬁciat

269 2629 297 2650 et
322 2624 347 2650 in
366 2620 406 2650 ἐυ
428 2620 639 2650 consummando
665 2621 834 2649 invisibiliter
858 2627 994 2654 operetur.
1022 2620 1049 2646 ln

271 2658 392 2685 eamdem
419 2658 579 2684 sententiam
601 2657 683 2684 multa
708 2660 856 2683 occurrunt
882 2656 907 2682 in
938 2655 1050 2682 diversis

272 2693 448 2724 orationibus,
468 2698 587 2726 tempore
604 2691 802 2719 distributionis
815 2690 992 2726 Eucharistiae
1008 2697 1050 2726 re-

273 2727 389 2755 citandis
399 2747 406 2759 ,
423 2732 478 2754 tam
497 2727 565 2761 apud
580 2726 715 2754 Jacobitas
729 2733 809 2760 quam
823 2725 1050 2761 apudrNestoria-

273 2770 334 2793 nos,
349 2767 378 2788 ut
399 2767 462 2789 sunt
477 2760 526 2788 ista
542 2770 548 2788 :
561 2761 616 2787 Hoc
629 2762 714 2795 ipsum
728 2769 782 2788 esse
799 2760 952 2793 mysterium
968 2761 1051 2785 crucis

275 2801 299 2822 et
324 2796 423 2824 ultimae
444 2804 522 2823 ctenw
540 2804 548 2822 :
570 2796 637 2822 hunc
662 2796 769 2822 calicem
794 2796 879 2829 ipsum
902 2802 957 2821 esse
977 2802 1053 2820 ouem

276 2831 394 2858 Christus
411 2832 523 2863 miscuit,
540 2831 676 2864 multaque
691 2830 798 2858 similia.

310 2865 366 2901 (12)
386 2867 415 2893 ιη
428 2866 520 2893 codice
532 2865 755 2901 Graeco-Arabico
769 2865 826 2901 alia!
840 2864 898 2891 dna:
910 2867 1055 2891 occurrunt

281 2899 411 2931 stationes
434 2901 484 2930 sub
507 2901 600 2928 eodem
625 2900 701 2928 titulo
725 2899 773 2934 τῆς
797 2899 928 2932 κλασευς,
961 2905 1056 2933 nempe

1100 2283 1223 2315 visibilis,
1241 2283 1286 2317 qui
1302 2289 1349 2316 per
1361 2281 1574 2308 incarnationem
1590 2285 1663 2307 tuam
1675 2279 1884 2314 incomprehen-

1097 2376 1217 2403 dicendaz
1230 2374 1384 2409 priusquam
1397 2372 1484 2400 hostia
1497 2372 1526 2409 in
1537 2371 1694 2409 minutiores
1705 2368 1882 2409 partesiran-

1098 2415 1186 2446 gatur,
1200 2404 1237 2446 ad
1261 2404 1482 2446 communionem
1502 2406 1726 2446 distribuendam.
1755 2404 1883 2446 Scilicet,

1100 2439 1129 2472 in
1144 2439 1206 2471 alibi
1225 2444 1396 2474 monuimus,
1417 2443 1444 2469 in
1467 2442 1596 2478 liturgicis
1615 2440 1752 2478 codicibus
1774 2439 1883 2478 scripta:

1100 2485 1164 2507 sunt
1186 2479 1324 2506 orationes
1337 2478 1450 2504 diversa:
1461 2495 1470 2509 ,
1490 2474 1641 2512 secundum
1653 2474 1782 2512 festorum
1796 2474 1885 2512 diver-

1102 2515 1208 2542 sitatem
1231 2517 1278 2540 aut
1298 2513 1444 2539 sacerdotis
1461 2511 1600 2538 arbitrium
1617 2510 1747 2536 dicendae.
1773 2509 1826 2534 Ista
1845 2509 1885 2533 vi-

1105 2551 1183 2577 detur
1199 2548 1347 2581 antiquior,
1365 2555 1426 2574 cum
1447 2546 1520 2582 prior
1537 2545 1622 2572 Graeci
1637 2545 1743 2582 codicis
1759 2542 1886 2582 enuclea-

1105 2589 1158 2611 tum
1172 2579 1417 2617 Monopbysitarum
1426 2579 1560 2617 doctrinas
1584 2579 1781 2617 professionem
1787 2579 1886 2617 .conti:

1104 2623 1166 2646 neat
1183 2628 1188 2645 ε
1208 2618 1233 2644 id
1251 2612 1315 2644 ver'o
1337 2624 1390 2644 non
1405 2616 1456 2643 nisi
1479 2620 1539 2648 post
1559 2612 1670 2642 scissam
1693 2620 1740 2646 per
1763 2612 1885 2648 Dioscuri

1104 2658 1254 2681 sectatores
1277 2651 1445 2683 Ecclesium,
1473 2646 1571 2677 factum
1596 2656 1657 2676 esse
1680 2648 1776 2682 potuit.
1802 2646 1888 2683 Habet

1105 2693 1193 2714 autem
1208 2687 1265 2714 hac
1277 2686 1365 2713 oratio
1380 2681 1554 2713 obscuritatis
1572 2681 1715 2720 nonnihil,
1733 2690 1785 2708 non
1808 2681 1888 2720 modo

1105 2724 1177 2750 circa
1194 2729 1249 2753 res,
1266 2721 1312 2748 Sed
1332 2721 1413 2747 etiam
1435 2728 1469 2747 ex
1485 2720 1543 2753 ipsa
1566 2726 1659 2745 vocum
1678 2716 1888 2753 aliquotetme

1105 2758 1216 2790 guitate,
1234 2751 1315 2790 quam
1330 2755 1442 2789 Coptita:
1457 2751 1535 2790 pri—mi
1552 2754 1724 2790 interpretes,
1740 2757 1767 2778 et
1783 2751 1889 2778 Arabes

1105 2789 1158 2819 non
1172 2789 1421 2819 satis’versionibus
1439 2790 1496 2816 suis
1508 2789 1720 2823 elucidaverunt.

1143 2826 1238 2853 Statim
1255 2826 1287 2852 ad
1301 2825 1437 2852 Christum
1454 2824 1572 2851 dicitur:
1597 2822 1707 2848 Verbum
1725 2820 1889 2854 intelligibile

1105 2866 1128 2887 et
1136 2862 1211 2888 homo
1224 2860 1331 2887 visibilis
1339 2869 1346 2887 :
1354 2859 1460 2887 Grzece:
1469 2857 1503 2885 Ὦ
1511 2858 1573 2891 λόγε
1583 2857 1612 2883 ὃν
1623 2856 1783 2892 προνοοῦσιν
1795 2854 1888 2885 αὑτὸν,

1107 2897 1154 2923 καὶ
1167 2895 1293 2930 ἆνθρωπε
1305 2895 1334 2922 ὃν
1348 2894 1546 2930 προθεωροῦσιν
1559 2892 1650 2920 αὐτόν.
1668 2892 1753 2920 Verba
1770 2892 1825 2918 hinc
1836 2896 1891 2916 now
