2027 3135
140 173 195 202 695

676 176 841 206 LITURGIA
861 179 890 207 S.
913 179 1078 208 GBEGORll
1101 180 1261 208 COPTICA.

1717 174 1780 208 ost

141 231 262 263 sibilem,
279 231 437 266 pmparasti
459 231 536 260 nobis
554 239 651 267 panem
668 234 817 265 cmlestem.
832 243 931 272 corpus
945 241 969 270 Α
983 244 1088 266 verunt.
1110 239 1226 273 Acquirc
1244 244 1292 264 nos
1307 236 1365 269 tibi,
1378 243 1394 263 ο
1408 235 1487 266 bone.
1504 243 1597 263 servos
1617 239 1677 263 tuos
1691 244 1698 262 :
1719 244 1770 264 nos

142 280 197 306 hoc
207 282 281 305 tuum
295 282 418 305 sanctum
435 278 461 305 in
486 279 614 312 mysterio
631 281 756 308 omnibus
770 283 855 309 modis
866 290 931 310 san-

142 329 189 351 cto
213 323 281 359 (l5).
301 323 431 351 Miscuisti
441 323 519 351 nobis
525 324 634 352 calicem
645 332 675 352 ex
687 325 773 353 fructu
781 326 842 354 vitis
851 335 932 361 verae,

144 377 205 403 quae
219 373 261 397 est
283 368 354 396 latus
376 368 496 397 divinum
521 374 596 397 tuum
616 375 643 398 et
662 372 875 406 immaculatum,
899 381 932 401 ex

145 422 201 450 quo
230 419 374 450 postquam
395 415 528 443 tradidisti
559 416 694 450 spiritum,
719 419 838 446 manavit
857 419 934 447 nobis

145 461 258 496 unguis
270 464 298 488 et
310 468 392 496 aqua,
408 468 467 496 qua:
482 461 610 489 mundum
630 463 785 492 universum
807 465 934 500 puriﬁca-

146 551 216 579 satis
229 550 336 584 Graeca,
347 559 394 579 seu
406 551 460 585 iam
469 552 621 580 barbariem
632 552 793 586 redolentia,
807 553 932 582 videntur

146 587 297 621 antiquitus
317 594 376 614 esse
391 587 550 622 interpolata
563 607 571 619 ,
593 594 653 614 cum
674 588 824 622 simplicius
838 594 865 616 et
888 597 933 616 ac-

147 622 270 659 curatius
285 622 448 659 sententiain
463 623 614 659 exprimere
633 622 808 659 Alexandrini
829 624 871 659 illi
880 631 929 659 po-

147 656 280 694 tuissent.
295 657 376 694 Λόγε,
391 656 420 694 ὃν
434 656 548 694 νοοῦᾳιν,
565 657 703 694 ἄνθρωπε,
726 657 756 686 ὃν
774 656 934 694 θεωροῦἰτιν,

147 698 231 752 tynam
259 692 345 718 Arabs
371 691 481 733 pri-nilis
503 691 637 726 interpres
667 691 901 734 recte‘expr'essit
926 703 933 721 :

177 727 267 752 erbum
283 726 353 752 auod
372 726 526 752 intelliaitur
541 734 550 752 :
570 728 646 752 homo
667 736 712 752 aui
735 728 846 752 videtur.
865 729 933 752 Duas

177 726 353 762 £77751"!ququ
372 726 550 762 intelligitur:
570 728 646 754 homo
667 729 712 762 qui
735 726 846 755 videtur.
865 729 936 756 Duas

149 761 254 798 scilicet
271 761 306 798 in
322 761 430 798 Christo
447 767 556 798 naturas
574 761 721 798 agnoscere
743 771 774 790 se
797 763 936 798 signiﬁca-

148 796 215 822 bant
230 796 324 832 paucis
339 796 399 832 illis
415 797 503 824 verbis
515 817 523 829 ,
539 797 671 824 orationis
693 798 771 832 primi
788 796 913 826 auctores
929 818 937 830 ,

148 832 270 858 novitate
295 831 543 867 Monophysilarum
557 851 565 862 ,
581 836 610 867 ut
626 831 760 867 conjicere
773 840 917 867 possumus
927 853 935 866 ,

150 866 270 892 nondum
289 866 396 902 imbuti.
413 866 448 893 lia
465 873 570 901 quoque
584 866 627 893 illa
645 868 759 895 reddidit
772 867 877 902 Coptita
895 868 938 895 in-

986 285 1110 319 iudignos
1132 284 1174 311 fac
1188 283 1235 311 tibi
1260 282 1387 318 populum
1412 285 1617 316 congregatum,
1644 289 1768 316 regnum,

986 329 1165 357 sacerdotium
1180 333 1208 356 et
1222 327 1347 364 populum
1362 326 1487 354 electum.
1506 325 1621 353 Pnriﬁca
1637 334 1697 359 nos,
1717 326 1773 354 Do-

987 376 1070 408 mine,
1087 377 1158 403 slcut
1172 372 1349 402 sanctiﬁcasti
1367 372 1417 399 has
1440 371 1590 399 oblationes
1606 372 1770 406 propositas,

987 425 1014 448 et
1043 420 1129 448 iecisti
1163 419 1222 447 illas
1254 418 1404 446 invisibiles
1431 425 1465 446 ex
1488 417 1715 452 visibilibus(lt),
1745 423 1774 445 et

987 466 1117 502 mysteria
1134 465 1182 494 tibi
1193 464 1243 493 soli
1259 465 1377 500 cognita,
1388 463 1501 492 Domine
1513 463 1585 492 Deus
1607 468 1635 492 et
1649 463 1776 491 Salvator

987 555 1071 583 mines
1085 560 1202 583 versatus
1213 576 1221 590 ,
1237 555 1282 591 qui
1300 563 1346 590 per
1356 553 1566 591 incarnationem
1580 558 1650 579 tuam
1672 552 1774 591 inconi-

991 592 1188 624 preliensibilem
1205 589 1361 625 pricpuraui
1384 589 1459 625 nobis
1475 595 1589 625 panem)
1612 595 1705 620 corpus
1726 589 1775 616 hac

989 623 1064 652 iunm
1089 623 1304 658 sacrosanctum,
1329 624 1482 659 mysterium
1507 623 1613 659 omnino
1635 629 1774 659 sacrosan-

989 665 1058 687 ctum
1067 668 1077 687 :
1089 668 1176 696 neque
1191 661 1262 688 enim
1273 657 1386 695 (λοι)ιίὀο
1398 663 1444 686 aut
1456 658 1571 686 Arabico
1586 657 1670 684 textui
1684 658 1773 685 versio

989 696 1141 728 respondet.

1027 726 1083 764 (⁷14)
1104 731 1149 758 Sic
1162 737 1244 765 prope
1259 730 1291 757 ad
1307 729 1422 765 verbum
1434 732 1521 756 textus
1537 727 1674 761 Copticus,
1691 726 1729 754 ita
1741 733 1771 754 ut

990 766 1128 794 distinctio
1146 764 1180 792 sit
1203 767 1274 792 inter
1290 764 1505 799 puriﬁcationem
1518 783 1525 795 ,
1546 769 1627 797 quam
1652 767 1712 799 orat
1728 770 1774 790 sa-

992 802 1086 827 cerdos
1099 801 1215 828 conferri
1238 809 1252 827 a
1276 797 1331 827 Deo
1354 799 1403 826 sibi
1426 803 1453 825 et
1475 797 1730 830 circumstantibus,
1747 802 1775 824 et

990 835 1230 862 sanctiﬁcatiouem
1267 835 1471 862 elementorum.
1496 833 1525 860 In
1559 833 1645 867 prima
1673 832 1776 867 signiﬁ-

991 870 1074 896 canda
1088 871 1231 898 adhibetur
1246 877 1297 896 vox
1317 868 1414 900 τουϐο,
1431 876 1511 902 quam
1527 867 1631 894 Arabes
1651 874 1699 900 per
1713 875 1774 894 eam

149 905 256 940 terpres
271 901 503 940 :mmloyoi‘srou
526 909 614 940 epvoiv
639 901 852 940 μμοφ.-ῖτιρώμι
875 911 939 940 gron

993 905 1145 937 exprimunt
1163 913 1222 939 quae
1242 905 1349 940 proprie
1362 901 1558 940 inundationem
1571 902 1775 940 e_t_puri/icatio-

149 935 285 971 epOswpiv
308 944 395 972 μμοφ.
413 935 546 963 Christus
557 935 680 968 scilicet,
695 935 724 964 nt
738 935 854 965 Verbum
873 938 939 969 Dei,

149 976 243 998 mente
261 976 367 998 tantum
385 972 534 1005 concipitur
550 980 557 998 :
581 975 708 1006 tanquam
724 973 808 999 homo
821 993 827 1005 ι
853 973 940 1000 oculis

149 1006 237 1033 videri
254 1012 369 1040 poterat.
385 1006 420 1033 Ea
436 1011 524 1032 autem
542 1006 601 1033 lidei
625 1007 755 1041 particula
768 1027 774 1038 ,
794 1008 827 1033 ab
840 1007 939 1034 Orien-

151 1041 253 1068 talibus
269 1041 442 1073 Christianis,
459 1041 570 1072 chero,
585 1041 745 1075 Barsalibio,
763 1041 940 1069 liomiliarum

151 1081 281 1107 auctore,
309 1081 336 1103 et
361 1076 420 1103 aliis
445 1076 535 1103 multis
560 1077 758 1104 accommodari
783 1077 941 1111 plerumque

153 1111 223 1138 solet
238 1111 272 1137 ad
289 1111 466 1138 Eiicliaristia',
482 1112 651 1146 mysterium,
667 1113 730 1139 dum
744 1111 860 1138 dicunt:
877 1119 941 1145 apo-

152 1146 240 1173 stolos
264 1151 290 1173 et
314 1147 398 1178 alios,
422 1147 468 1180 qui
495 1153 555 1173 cum
571 1146 691 1179 Christo,
715 1147 778 1173 dum
806 1147 833 1173 in
862 1147 941 1173 terris

153 1185 242 1214 esset,
262 1181 511 1216 conversatisunt,
531 1181 667 1208 hominem
691 1181 838 1216 simplicem
854 1182 939 1209 oculis

151 1216 276 1249 corporis
291 1216 401 1246 vidisse.
418 1215 499 1242 Deum
513 1216 599 1243 oculis
615 1217 712 1243 mentis
723 1215 864 1249 agnovisse
878 1226 885 1243 ε
903 1218 938 1244 ita

154 1251 255 1286 debere
268 1250 438 1278 Christianos
452 1251 646 1278 Eticharistiam
662 1251 844 1286 suscipiendo,
860 1251 939 1278 ﬁdem

153 1285 328 1312 conformari:
352 1293 445 1317 suam,
471 1291 499 1312 ut
515 1287 637 1319 quamvis
661 1288 738 1321 panis
756 1291 783 1313 et
798 1287 853 1313 vini
879 1287 938 1313 ele-

153 1326 247 1347 iueuta
270 1321 437 1348 solummodo
457 1322 580 1348 sensibus
597 1322 763 1355 percipiant,
779 1322 857 1348 oculo
871 1322 940 1349 intc-

155 1357 230 1392 riore
248 1355 320 1386 ﬁdei,
338 1356 475 1392 Christum
494 1357 519 1382 iu
535 1356 586 1383 illis
602 1357 710 1383 videant
722 1378 729 1387 .
748 1361 896 1392 agnoscant
912 1363 940 1384 et

153 1391 280 1426 adorent,
298 1391 524 1423 quemadmodum
545 1391 613 1418 latro
625 1392 650 1417 in
671 1400 751 1419 cruce
768 1392 840 1418 illum
856 1399 940 1426 agno—

151 1426 200 1456 vit,
215 1425 340 1460 illiusque
354 1426 475 1460 exemplo
483 1427 572 1453 dicant
584 1436 590 1452 :
608 1426 737 1453 Memento
750 1427 809 1459 inci,
819 1425 938 1458 Doniine,

153 1469 213 1487 cum
238 1461 339 1487 reneri;
364 1462 391 1486 in
412 1469 516 1495 rcgnnnt
548 1467 632 1488 tuum.
656 1460 799 1488 Versioues
818 1461 940 1489 Arabica:

154 1503 215 1527 quae
244 1497 270 1522 in
303 1496 439 1523 codicibus
466 1496 584 1531 Copticis
609 1497 750 1531 leguutui,
779 1497 939 1523 sententiain

155 1530 279 1556 “Illlicm
295 1531 457 1565 exprimunt.

193 1565 250 1600 (l3)
272 1565 324 1597 Qui
342 1574 387 1599 per
404 1566 607 1592 incarnationem
622 1572 694 1592 tiiam
716 1566 938 1601 incomprehensi-

155 1601 233 1627 bilcni
248 1601 403 1634 preparasti
418 1602 490 1627 nobis
513 1609 605 1634 panem
620 1600 746 1628 cwlestem
759 1621 765 1632 ,
780 1610 872 1632 corpus
889 1603 936 1628 hoc

156 1642 231 1662 tuum
254 1641 384 1665 sanctum.
408 1636 433 1662 in
457 1637 577 1670 iugalerio
597 1637 717 1664 omnibus
736 1637 818 1662 mollis
835 1641 935 1663 sancto.

157 1671 260 1697 Sensus
281 1671 358 1705 istius
377 1671 507 1698 oralioms
528 1671 662 1705 simplex:
687 1672 749 1705 quia
771 1671 874 1698 scilicet
896 1672 937 1698 lii-

156 1706 281 1732 carnatio
305 1704 364 1741 Filii
394 1706 458 1738 Dei,
482 1704 636 1741 mysterium
666 1704 936 1740 incomprehensibile

156 1745 209 1771 est,
229 1748 282 1774 quo
299 1740 376 1774 panis
392 1741 467 1767 vivus
483 1743 515 1767 de
534 1742 602 1768 cmlo
618 1742 756 1768 desrendit
770 1750 776 1768 :
792 1741 869 1776 panis
892 1749 939 1767 au-

159 1781 212 1802 tem
229 1777 414 1802 sanctiﬁcatus
437 1776 462 1802 in
487 1776 632 1807 altaribus,
660 1781 702 1803 cst
731 1784 828 1810 corpus
853 1777 938 1810 ipsum

157 1813 230 1844 quod
248 1810 330 1836 Filius
352 1811 396 1837 Dei
413 1811 515 1844 accepit
530 1819 563 1837 ex
579 1811 661 1838 Maria
681 1811 805 1846 Virgine,
826 1816 853 1837 ct
869 1811 938 1844 quod

158 1848 205 1872 dat
222 1846 300 1872 nobis
328 1846 354 1872 in
379 1851 564 1876 sacramento,
587 1851 616 1872 ut
637 1846 686 1881 ipsi
708 1847 820 1880 Coptitrc
846 1852 938 1880 postea

158 1886 373 1915 recognoscant,
403 1881 428 1906 in
457 1881 626 1908 confessione
648 1889 707 1915 quie
731 1881 760 1908 ﬁt
784 1886 846 1908 ante
870 1882 940 1907 illius

159 1917 368 1948 susceptionem.
395 1915 472 1943 Unde
498 1917 596 1942 frustra
623 1921 687 1943 sunt
712 1917 745 1943 ad
777 1917 938 1943 sententiain

159 1951 239 1978 istius
253 1951 383 1977 orationis
400 1951 602 1985 pervertendam
615 1959 709 1978 omnes
726 1951 900 1978 Albertiniaui
914 1955 940 1978 cl

160 1985 300 2012 Claudiani
319 1987 517 2013 commentarii.
538 1986 595 2012 Non
611 1987 681 2014 enim
695 1986 792 2013 dicitur
806 1986 862 2012 dari
879 1993 940 2012 cor-

160 2029 210 2055 pus
224 2019 324 2046 Christi
345 2022 371 2047 in
392 2027 570 2053 sacramento,
588 2021 658 2054 quod
674 2021 787 2055 intelligi
804 2026 894 2055 posset
909 2021 941 2048 de

159 2056 256 2082 eodem
274 2060 398 2090 suscepto
412 2064 459 2090 per
475 2056 553 2083 ﬁdem
564 2076 570 2088 ,
589 2058 635 2083 sed
650 2056 699 2082 hoc
715 2064 828 2090 corpus,
847 2064 941 2089 nempe

159 2092 231 2124 quod
247 2092 375 2117 sacerdos
399 2091 425 2117 in
447 2091 522 2118 disco
539 2092 653 2125 positum
669 2093 795 2122 intuetur,
817 2092 942 2125 quodque

161 2133 224 2152 mox
241 2126 350 2152 elevans
361 2145 367 2155 .
383 2131 410 2152 ct
428 2126 634 2158 demonstrans,
653 2131 765 2153 testatur
779 2134 839 2152 esse
857 2127 941 2160 ipsum

161 2168 256 2187 verum
277 2169 374 2196 corpus
394 2161 503 2187 Christi.
522 2160 607 2187 Τοῦτο
629 2161 659 2187 τὸ
680 2161 762 2196 σῶμά
774 2169 820 2187 σου
839 2160 868 2187 ὃν
880 2160 941 2186 ἔθου

160 2197 190 2222 ὲν
208 2195 363 2231 μυστηρίῳ,
382 2196 416 2222 ita
434 2197 504 2222 enim
520 2195 659 2230 legendum
680 2195 785 2222 videtur
803 2197 827 2222 iii
849 2196 942 2231 Graeco

161 2230 320 2267 exemplari,
338 2231 380 2257 ubi
396 2232 525 2265 scriptum
546 2237 586 2258 est
602 2232 630 2257 ὲν
647 2232 795 2267 μυστήριρν
810 2230 943 2265 πανάγιον

161 2267 191 2292 ὲν
205 2259 263 2297 τοῖς
280 2259 391 2297 cii-iactv,
406 2259 476 2299 quod
496 2266 553 2293 sive
575 2267 608 2292 ad
634 2259 853 2300 c'orpusUChristi
876 2259 946 2293 rel'e-
962 2259 984 2288 ο

162 2308 250 2333 ratur,
267 2302 323 2328 sive
336 2301 368 2327 ad
384 2302 552 2335 mysterium,
566 2302 676 2336 perinde
692 2307 742 2328 est.
760 2301 874 2328 Arabica
890 2308 948 2327 ver-

161 2337 203 2363 sio
216 2338 249 2362 ad
265 2344 363 2370 corpus
379 2335 479 2362 Christi
495 2335 586 2362 refert.
605 2335 705 2369 Corpus
717 2341 789 2362 tuitui
805 2337 862 2367 ltoc,
879 2336 947 2370 quod

161 2376 201 2397 est
215 2371 424 2401 sacranientale;
440 2371 625 2406 μυστηριῶδες
634 2391 641 2403 ,
659 2378 681 2397 et
699 2372 804 2398 omniin)
817 2377 947 2397 sanctum.

161 2406 220 2433 Vox
237 2407 310 2432 enim
322 2410 372 2434 ’Ὃ
385 2407 462 2438 sem‘,
478 2407 549 2433 idem
565 2406 700 2441 signiﬁcat
713 2406 785 2441 quod
799 2406 828 2432 τὺ
846 2413 950 2441 μυστη-

164 2441 262 2477 ριῶδες
277 2449 284 2456 ·
305 2445 332 2468 et
356 2442 401 2475 qui
426 2449 524 2475 corpus
538 2441 639 2468 Christi
663 2442 690 2468 in
707 2447 896 2474 sacramento,
912 2441 949 2467 ita

163 2477 296 2511 appellat,
326 2483 374 2510 per
397 2477 588 2510 oppositioncui
606 2477 641 2503 ad
668 2477 809 2505 naturale.
827 2483 880 2503 non
902 2483 949 2502 uc-

162 2517 208 2546 gat
236 2518 328 2538 veram
355 2514 381 2537 et
402 2511 501 2546 realem
517 2511 638 2544 ejusdem
662 2511 783 2546 corporis
809 2511 834 2537 in
859 2518 951 2546 sacra-

163 2545 257 2573 iucnto
274 2546 456 2580 praesentiam.
473 2545 500 2572 ιιι
516 2546 556 2573 vel
571 2554 638 2573 unus
653 2546 809 2574 Gennadius
822 2546 889 2573 satis
901 2545 949 2571 de-

164 2585 309 2614 monstrat,
325 2581 369 2615 qui
385 2582 411 2607 in
428 2581 535 2607 liomilia
553 2589 636 2616 nuper
648 2582 730 2612 edita,
743 2581 952 2608 cuintranssub-

164 2616 368 2643 stantiationeiu
386 2617 526 2649 perspicue
548 2617 659 2648 (luceat,
679 2617 784 2642 titulum
810 2616 881 2642 hunc
906 2616 950 2642 in-

164 2651 292 2685 scripsit:
308 2651 377 2686 Περὶ
389 2650 590 2686 μυστηριώδους
604 2650 728 2686 σώματος
744 2650 779 2686 (³)
790 2670 797 2682 ,
811 2656 864 2678 etc.
884 2649 950 2677 Ver-

165 2687 256 2714 siones
270 2687 397 2713 Arabica:
412 2687 543 2719 duplicem
561 2694 651 2713 vocem
665 2687 802 2717 adhibent,
819 2692 846 2712 et
859 2686 950 2717 istam,

165 2727 193 2749 et
207 2722 289 2747 aliam
304 2728 364 2754 qum
378 2721 514 2753 signiﬁcat
527 2722 552 2748 id
569 2722 640 2755 quod
656 2721 766 2756 Coptice
781 2721 910 2748 scribitur
923 2721 951 2746 in

166 2758 290 2790 mysterio
304 2763 313 2782 :
329 2755 361 2781 τὸ
377 2755 509 2789 πανάγιον
532 2757 653 2783 referunt
668 2755 701 2783 ad
726 2763 823 2790 corpus
839 2756 950 2782 Christi.

167 2790 298 2819 Ilaronita
315 2799 367 2817 non
384 2797 457 2818 recte
473 2796 554 2818 totam
567 2792 637 2818 hanc
647 2792 795 2819 orationem
807 2792 952 2825 expressit.

172 2825 284 2853 Verbum
298 2826 450 2860 spirituale,
470 2827 513 2860 qui
526 2826 603 2853 homo
616 2827 701 2861 {actus
714 2835 757 2858 es,
773 2831 796 2852 et
813 2827 881 2853 inter
904 2828 952 2852 Ito-

192 2912 222 2946 (‘)
238 2913 327 2944 Opusc.
341 2913 383 2937 Gr.
398 2911 525 2937 Geniuulii.

992 936 1051 966 nent
1075 936 1219 975 signiﬁcat,
1237 936 1382 974 aliquando
1405 938 1486 975 etiam
1508 936 1741 975 sanctificatione":
1762 945 1773 964 :

991 971 1113 1002 alteram'
1128 975 1242 1002 reddunt
1267 971 1324 1009 ipsa
1348 980 1413 1001 voce
1436 972 1530 999 Grmca
1549 971 1699 1009 47t¢€8tv,_
1714 979 1776 1009 quae

991 1010 1112 1036 occurrit
1129 1011 1154 1037 in
1175 1006 1395 1040 Grmco'codice,
1416 1012 1531 1040 utroque
1556 1007 1582 1033 iu
1599 1007 1668 1032 loco.
1686 1006 1774 1033 Arabs

990 1044 1076 1072 δι’εοί
1092 1046 1191 1072 codicis
1206 1045 1338 1078 interpres
1349 1044 1443 1071 eadem
1462 1050 1537 1078 voce,
1550 1049 1608 1078 quae
1623 1041 1662 1076 τῷ
1674 1041 1774 1078 thiaso

991 1080 1100 1114 proprie
1119 1076 1283 1114 respondet,
1299 1087 1363 1106 usus
1382 1082 1445 1105 est:
1470 1076 1515 1103 alii
1536 1077 1668 1114 diversam
1696 1076 1775 1103 adhi-

991 1111 1117 1142 buerunt.
1139 1111 1178 1143 Ita
1193 1114 1414 1146 distinctionem,
1431 1119 1483 1139 non
1499 1112 1606 1146 quidem
1624 1111 1703 1144 plane
1728 1118 1775 1138 ne-

991 1150 1153 1182 cessariam,
1195 1149 1394 1177 constituerunt
1429 1147 1500 1174 inter
1532 1146 1772 1182 sanctilicatioiiem

992 1180 1194 1218 suscipienlium
1210 1204 1218 1218 ,
1251 1188 1278 1211 et
1304 1183 1435 1218 donorum
1464 1181 1683 1218 propositornma
1706 1180 1772 1207 Nam

991 1215 1099 1247 cavisse
1118 1215 1242 1247 videntur
1256 1215 1471 1254 quodammodo,
1487 1224 1520 1244 ne
1537 1215 1703 1254 comparatio
1719 1223 1773 1242 non

989 1255 1056 1282 satis
1071 1256 1209 1290 adazqnate
1235 1251 1448 1290 inielligeretnr,
1466 1259 1526 1290 cum
1544 1251 1774 1290 sanctilicationes

991 1289 1089 1318 diversi
1105 1286 1216 1317 omnino
1232 1286 1340 1324 generis
1356 1289 1410 1316 sint
1429 1297 1436 1314 :
1465 1286 1544 1314 aliter
1552 1287 1634 1324 _etiitt_i_
1651 1286 1772 1324 sanctiﬁ-

990 1331 1087 1352 cantur
1101 1320 1246 1357 homines:
1263 1325 1342 1350 aliter
1360 1323 1428 1357 dona
1453 1322 1597 1356 proposita.
1619 1320 1671 1347 Sed
1695 1320 1773 1347 intel-

991 1359 1075 1387 lectus
1091 1356 1308 1395 simplicissimus
1321 1363 1363 1395 est
1376 1368 1382 1385 :
1396 1356 1613 1395 Uts_auctiticasii
1627 1357 1696 1395 dona
1715 1363 1775 1390 pro-

989 1398 1076 1429 posita
1090 1416 1097 1426 ,
1121 1391 1249 1429 singulari
1276 1394 1381 1421 scilicet
1403 1393 1507 1429 ratione
1528 1391 1774 1429 quaiii__stilijqncta

990 1425 1071 1457 verba
1085 1425 1238 1465 explicant,
1254 1430 1291 1456 ita
1307 1429 1341 1456 ad
1357 1427 1525 1462 suscipienda
1539 1426 1582 1453 illa
1598 1426 1677 1459 digne
1690 1425 1774 1452 Chri-

991 1464 1094 1492 stianos
1114 1464 1276 1492 sanctiliccs.

1026 1500 1166 1533 Quomodo
1186 1505 1276 1526 autem
1291 1496 1581 1533 sanctiﬁcaveritDeus
1597 1496 1667 1533 dona
1680 1502 1777 1533 propo-

990 1531 1116 1563 sita'mox
1133 1535 1285 1569 expellitur,
1311 1533 1433 1569 iaciendo
1453 1531 1556 1569 scilicet
1575 1538 1605 1558 ea
1631 1531 1775 1569 invisibilia

952 1580 973 1608 ο
990 1578 1022 1597 ea:
1037 1566 1180 1608 visibilibni
1194 1570 1321 1608 {adparat
1336 1570 1368 1595 ὲκ
1382 1568 1437 1594 τῶν
1454 1566 1570 1603 ὁρατῶν,
1588 1566 1774 1608 ιιιριιιιὶιειλερ-

991 1607 1041 1632 ilex
1065 1605 1184 1632 Graccus.
1203 1601 1331 1631 Maionita
1349 1611 1442 1639 parum
1459 1601 1550 1634 recte,
1572 1606 1596 1628 et
1614 1601 1697 1635 fecisti
1715 1601 1776 1639 illa:

991 1649 1042 1667 non
1053 1640 1235 1672 adumbratas,
1252 1640 1297 1667 sed
1308 1636 1435 1674 quidquid
1445 1642 1553 1671 apparet
1566 1636 1775 1674 esLiiiysti’rium

991 1681 1065 1702 tuum
1081 1676 1229 1709 apiritunle,
1247 1671 1319 1701 nullo
1337 1671 1468 1709 setisu,_et
1484 1671 1696 1709 contra_C0ptici
1710 1672 1775 1709 Ara-

993 1706 1170 1744 bicoruiuque
1184 1711 1304 1737 codicum
1322 1709 1412 1736 ﬁdem.
1429 1707 1569 1744 sententia
1583 1707 1638 1733 haec
1649 1711 1690 1733 est
1703 1715 1710 1732 :
1723 1706 1776 1744 ¹(ηιξ

992 1741 1136 1771 oblationes
1152 1745 1236 1778 fecisti
1260 1753 1292 1771 ex
1308 1745 1340 1771 iis
1359 1751 1417 1778 qua:
1437 1742 1601 1773 videbantur,
1622 1749 1678 1778 esse
1701 1741 1775 1778 aliud

991 1781 1054 1814 quid
1066 1800 1072 1812 ,
1092 1776 1161 1814 quod
1178 1788 1228 1806 non
1243 1780 1342 1806 videtur
1355 1776 1370 1805 ξ’
1380 1784 1476 1810 nempe
1491 1781 1574 1814 erant»
1588 1777 1723 1814 panismet_
1733 1776 1775 1814 vi-

993 1810 1070 1846 i'uun,
1082 1810 1168 1841 iecisti
1189 1822 1235 1841 eas
1252 1822 1312 1841 esse
1326 1821 1423 1848 corpus
1438 1817 1465 1839 et
1481 1812 1640 1844 sanguinem
1660 1810 1774 1837 Christi.

992 1851 1062 1876 Ante
1074 1849 1312 1877 sanctiﬁcationcin
1327 1856 1372 1875 seu
1393 1847 1635 1876 consecrationem,
1648 1849 1736 1876 erant,
1749 1851 1777 1871 et

993 1885 1151 1912 videbantur
1175 1885 1252 1919 panis
1273 1888 1300 1910 et
1323 1884 1430 1914 vinum;
1454 1886 1515 1916 post
1533 1880 1776 1919 Sanctiﬁcationein

995 1924 1057 1946 sunt
1079 1914 1182 1953 corpus
1192 1924 1219 1946 et
1239 1918 1348 1953 sanguis
1360 1938 1368 1950 ,
1393 1914 1464 1952 qna:—
1478 1916 1680 1953 non_vi_dentn_r.
1696 1914 1775 1953 Nulla

995 1955 1038 1982 hic
1052 1949 1223 1989 ambiguitas,
1238 1949 1559 1989 vcriqnertrausmntatio
1574 1950 1600 1977 in
1615 1950 1673 1989 istis
1684 1949 1774 1976 verbis

995 1985 1160 2023 agnoscitur,
1177 1991 1255 2023 longe
1279 1985 1382 2015 distans
1402 1988 1435 2013 ab
1452 1994 1483 2013 ea
1499 1993 1579 2023 quam
1598 1985 1684 2023 solam
1700 1990 1778 2023 vete-

995 2019 1070 2051 ribus
1084 2029 1112 2051 et
1129 2019 1193 2059 ipsis
1213 2019 1326 2056 Coptitis
1349 2022 1479 2059 creditam
1502 2021 1608 2059 fuisse,
1620 2025 1674 2059 tam
1692 2019 1778 2059 auda-

995 2065 1053 2086 cter
1080 2055 1228 2086 ailirinabat
1254 2055 1413 2085 Salmasius.
1436 2057 1463 2082 Is
1485 2063 1558 2088 vero,
1583 2056 1606 2082 si
1631 2056 1698 2082 bona
1726 2055 1778 2081 lide

995 2095 1094 2128 egisset
1105 2114 1113 2126 ,
1127 2102 1188 2121 cum
1205 2095 1297 2127 nngaci
1313 2097 1339 2120 et
1361 2092 1476 2128 absurda
1500 2090 1722 2128 interpretatione
1738 2090 1778 2115 in-

996 2125 1162 2156 vocationem
1187 2125 1303 2162 Spiritus
1324 2128 1409 2155 sancti
1434 2126 1512 2159 hujus
1533 2125 1658 2159 Littlrgim
1681 2129 1779 2151 conta-

997 2164 1100 2190 minare
1117 2164 1255 2198 satagebat
1270 2183 1277 2195 ,
1291 2169 1447 2196 comparare
1459 2162 1532 2198 hanc
1548 2162 1701 2198 orationem
1716 2167 1777 2186 cum

998 2199 1058 2229 ista,
1074 2205 1100 2225 et
1114 2195 1299 2232 enin-utraque
1316 2195 1391 2224 suam
1405 2196 1611 2231 explicationem
1635 2195 1776 2232 debuerat.

997 2235 1027 2260 ln
1042 2234 1090 2260 ista
1104 2230 1281 2261 sanctiﬁcatio
1297 2230 1512 2260 Christianorum
1524 2251 1531 2269 ε
1545 2235 1572 2258 et
1593 2230 1677 2269 ipsius
1689 2236 1780 2269 sacer-

998 2270 1069 2296 dotis
1098 2270 1257 2304 postnlatnr,
1285 2274 1314 2294 ut
1338 2270 1363 2294 iu
1389 2269 1474 2304 prima
1499 2267 1629 2304 adventus
1662 2265 1779 2299 Spiritus

999 2304 1083 2331 sancti
1094 2301 1106 2336 ,⁷
1115 2312 1194 2338 super
1207 2312 1254 2330 eos
1273 2309 1300 2330 et
1319 2301 1399 2337 super
1417 2303 1485 2329 dona
1502 2301 1655 2335 proposita:
1671 2307 1778 2338 nempe,

1000 2340 1037 2365 ait
1053 2335 1212 2372 Salmasius,
1228 2343 1256 2364 ut
1270 2335 1469 2366 sanctiliceuiur
1483 2341 1510 2363 et
1526 2339 1716 2372 convertemus
1731 2335 1780 2361 has

999 2374 1149 2401 oblationes
1162 2375 1187 2400 in
1206 2370 1304 2408 corpus
1317 2379 1344 2400 ct
1359 2372 1515 2408 sanguinem
1537 2370 1638 2408 Christi
1656 2377 1664 2396 :
1685 2377 1781 2408 quam—

1001 2409 1051 2440 vis,
1066 2414 1095 2435 ut
1111 2417 1190 2444 supra
1204 2405 1421 2444 υιιεὲετνίινίιιιυξζ
1434 2407 1501 2444 nihil
1523 2406 1610 2444 simile
1630 2405 1733 2439 legatur
1753 2405 1779 2431 in

1002 2449 1076 2470 textu
1098 2441 1207 2478 Coptice
1221 2449 1248 2470 ct
1261 2445 1386 2470 Arabico.
1399 2441 1428 2468 lu
1443 2442 1492 2468 ista
1509 2442 1631 2478 oratione
1651 2447 1711 2475 quae
1727 2447 1781 2466 non

1001 2480 1080 2514 longo
1097 2476 1158 2513 post
1172 2479 1285 2512 primam
1306 2477 1445 2514 intervallo
1459 2478 1590 2514 sequitur.
1599 2476 1684 2514 plena
1698 2482 1778 2514 para-

1001 2510 1062 2541 dnva
1087 2510 1247 2541 Salmasiani
1265 2513 1391 2540 refutatio
1412 2517 1462 2539 est.
1481 2511 1546 2538 Orat
1562 2512 1634 2537 enim
1655 2510 1784 2537 sacerdos

1004 2549 1101 2580 ltenni,
1115 2555 1143 2575 nt
1164 2556 1193 2575 se
1209 2553 1236 2575 ct
1259 2548 1465 2574 circumstantes
1489 2545 1656 2578 sanctilicet,
1678 2553 1729 2571 non
1753 2550 1782 2570 ut

1002 2588 1160 2610 convertant
1179 2591 1226 2617 per
1250 2583 1468 2609 communionem
1491 2581 1623 2617 elementa
1639 2581 1665 2606 in
1684 2587 1783 2617 corpus

1002 2623 1029 2645 et
1043 2615 1212 2653 sanguinein,
1225 2617 1450 2653 quandoquidem
1460 2615 1783 2653 agiioseit_cons_ee_r_atio-

1003 2662 1063 2680 nem
1076 2649 1131 2687 jam
1147 2649 1255 2684 factum,
1270 2659 1330 2679 cum
1343 2649 1414 2687 Deus
1425 2651 1468 2677 illa
1481 2649 1576 2687 iecerit
1589 2649 1733 2687 invisibilia
1749 2656 1783 2675 ex

1003 2686 1167 2720 visibilibus;
1185 2692 1295 2721 totaque
1313 2686 1465 2721 verboruui
1479 2686 1564 2713 series
1577 2686 1721 2721 ostendat,
1736 2691 1784 2721 eos

1003 2724 1048 2758 qui
1063 2723 1106 2749 illa
1124 2719 1317 2758 pronuntiant,
1337 2729 1435 2755 corpus
1448 2720 1547 2758 Christi
1561 2727 1678 2758 praesens
1695 2720 1720 2758 in
1744 2719 1785 2745 al-

1005 2755 1054 2784 tari
1067 2755 1136 2789 esse»,
1150 2758 1271 2784 credere.
1285 2757 1369 2783 Porro
1385 2764 1442 2790 qua:
1455 2756 1487 2782 de
1503 2755 1636 2782 Salmasio
1651 2755 1789 2786 diximus,

1004 2794 1036 2820 ad
1047 2794 1213 2820 Albertinuui
1224 2813 1232 2823 ,
1248 2793 1281 2819 ad
1296 2789 1435 2818 Claudium
1446 2811 1454 2823 ,
1480 2793 1514 2817 ad
1530 2789 1675 2824 discipulos
1689 2796 1786 2816 eorum

1005 2838 1056 2857 non
1075 2829 1162 2855 minus
1180 2828 1330 2862 pertinent,
1348 2827 1392 2860 qui
1419 2833 1478 2853 cum
1500 2833 1584 2861 pauca
1603 2825 1790 2859 Liturgiaruiu.
