2027 3135
231 163 284 192 6θῖ

758 166 924 196 LITURGIA
944 168 972 196 S.
995 168 1161 197 GREGORII
1181 168 1339 197 COPTICA.

1802 168 1856 196 696

232 228 323 252 noster
338 223 402 251 Iesu
426 223 543 252 Christe.
561 224 600 252 Tu
614 232 661 260 per
677 225 847 254 clementiam
861 232 932 254 tuam
954 234 1012 254 ma-
1027 230 1052 260 Α
1066 227 1151 255 miles.
1168 227 1207 254 Tu
1223 235 1305 260 nunc,
1323 226 1447 258 Domine,
1468 233 1528 253 cum
1548 225 1668 253 levamus
1690 225 1782 253 oculos
1793 234 1855 253 cor-

232 277 312 305 gnam
342 269 429 298 fecisti
447 277 496 297 nos
519 269 614 304 dignos
639 270 768 298 ﬁliatione
789 279 837 305 per
855 271 1016 307 baptismum

233 320 405 348 sanctum,et
419 316 534 344 docuisti
549 323 598 344 nos
615 316 727 344 formam
741 318 870 345 orationis
884 319 1014 354 mysticae,

233 367 261 389 ιιι
282 369 330 396 per
343 369 402 389 eam
419 362 606 390 invocaremus
626 361 732 390 Patrem
758 367 843 390 tuum.
871 363 910 390 Tu
935 372 1015 397 nunc,

232 409 354 440 Domine,
372 407 416 436 fac
432 415 481 436 nos
500 409 603 442 dignos,
629 413 660 435 ut
683 409 847 437 conscientia
867 411 965 438 munda
990 415 1017 438 et

232 454 396 486 cogitatione
414 454 494 486 bona,
510 455 738 488 quemadmodum
757 455 835 483 decet
855 456 936 488 ﬁlios,
954 464 1015 483 eum

232 499 365 526 desiderio
378 503 405 526 et
421 499 527 531 ﬁducia,
545 500 690 527 audeamus
706 501 832 528 invocare
858 501 940 528 Deum
961 501 1015 528 Pa-

233 549 300 570 trem
314 549 386 570 tuum
396 548 518 571 sanetum
534 544 579 578 qui
597 550 638 572 est
651 545 678 572 in
693 545 769 573 malis
781 551 808 573 et
820 547 940 574 dicamus
952 555 958 572 :
972 547 1016 573 Pa-

234 594 273 616 ter
289 594 389 622 noster,
406 594 459 617 etc.

435 634 527 662 Oratio
545 641 602 670 post
621 635 701 663 Pater
714 641 815 664 noster.

269 679 373 710 Etiam,
403 679 531 711 Domine,
559 680 604 714 qui
627 680 724 708 dedisti
751 681 829 708 nobis
855 685 1015 716 potestatem

231 725 350 752 calcantli
364 731 501 760 serpentes
514 731 541 753 et
553 727 721 761 scorpiones,
730 732 757 754 et
767 734 874 755 otnnem
888 727 1014 755 virtutem

234 772 349 804 inimici,
368 777 478 799 contere
500 773 588 807 capita
617 772 673 806 ejus
697 773 746 800 sub
773 773 886 808 pedibus
910 775 1012 802 nostris

231 817 370 849 velociter,
379 821 407 844 et
419 816 517 851 repelle
532 825 546 843 a
563 817 640 845 nobis
653 825 746 845 omnes
762 817 821 852 ejus
837 819 1014 854 cogitationes

231 862 328 894 malas,
341 863 490 890 contrarias
510 862 586 890 nobis
604 873 610 889 :
629 867 655 890 tu
675 870 704 891 es
724 864 797 891 enim
819 864 874 891 ltex
893 865 1013 891 omnium

1068 274 1141 301 dium
1163 279 1314 301 nostrorum
1336 274 1368 300 ad
1385 278 1420 307 te,
1443 273 1567 306 Domine,
1594 273 1638 308 qui
1666 272 1782 299 remittis
1804 273 1855 299 ini-

1067 319 1184 353 quitates
1210 324 1329 352 nostras,
1355 319 1400 354 qui
1432 318 1541 346 redimis
1573 319 1605 345 de
1632 318 1742 345 interitu
1770 319 1853 346 vitam

1068 368 1208 397 nostram;
1227 365 1371 391 adoramus
1387 363 1599 391 misericordiam
1616 367 1688 390 tuam
1708 363 1854 391 inenarra-

1067 409 1159 442 bilem,
1183 417 1360 445 rogamusque
1391 415 1427 442 te,
1444 414 1473 436 ut
1493 410 1625 437 concedas
1653 409 1732 437 nobis
1753 417 1850 444 pacem

1068 460 1151 483 tuatn.
1181 456 1279 483 Omnia
1307 456 1383 484 nobis
1408 456 1514 487 dedisti,
1543 456 1652 489 acquire
1676 463 1725 482 nos
1756 455 1816 488 tibi,
1836 462 1854 481 ο

1068 502 1156 535 Deus;
1186 510 1273 537 neque
1296 503 1367 529 enim
1390 502 1469 528 alium
1498 502 1622 528 novimus
1644 506 1741 536 praeter
1768 506 1804 533 te,
1825 506 1853 528 et

1066 555 1163 575 nomen
1179 552 1252 575 tuum
1267 553 1389 575 sanctunt
1405 548 1620 581 pronuntiamus.
1641 547 1773 574 Converte
1789 554 1850 579 nos,

1067 595 1149 627 Deus,
1164 594 1196 622 ad
1211 595 1333 622 timorem
1350 599 1435 625 tuum.
1449 598 1475 620 et
1489 593 1651 620 desiderium
1670 593 1725 626 tui;
1746 597 1774 620 et
1788 600 1852 620 con-

1066 640 1131 667 cede
1155 644 1183 667 ut
1203 640 1393 674 perveniamus
1412 639 1445 666 ad
1461 638 1617 665 fruitionem
1634 638 1764 664 bonorum
1790 643 1853 664 tuo-

1066 693 1136 713 rum.
1153 686 1184 712 Et
1195 686 1240 720 qui
1257 686 1454 713 inclinaverunt
1473 684 1558 720 capita
1575 692 1621 712 sua
1639 684 1689 711 sub
1699 691 1779 710 manu
1793 689 1849 715 tua,

1066 730 1163 757 extolle
1175 737 1222 758 eos
1246 731 1275 757 in
1289 730 1367 764 hujus
1381 731 1442 756 vita:
1464 725 1578 756 decursu
1594 738 1600 754 :
1617 736 1682 755 orna
1699 735 1746 754 eos
1763 727 1850 754 virtu-

1067 776 1148 808 tibus,
1165 781 1191 804 et
1219 783 1316 811 praesta
1341 782 1369 803 ιιι
1389 783 1484 804 omnes
1512 775 1583 809 digni
1603 775 1688 802 simus
1706 782 1789 808 regno
1807 778 1853 801 tuo

1066 822 1181 854 caelesti,
1198 829 1246 857 per
1258 822 1456 856 beneplacitutn
1473 821 1517 848 Dei
1542 820 1630 847 Patris
1647 820 1684 847 tui
1699 820 1772 852 boni,
1790 827 1851 846 cum

1066 874 1119 901 quo
1133 872 1160 894 tu
1176 874 1205 894 es
1219 868 1391 899 benedicttts,
1410 872 1437 894 et
1461 873 1523 894 cum
1544 866 1644 900 Spiritu
1659 871 1751 893 sancto
1766 865 1854 892 viviti-

231 913 364 940 nostrutn,
382 908 488 936 Christe
508 909 578 936 Deus
594 914 685 937 noster
701 917 708 935 :
728 915 754 937 et
776 915 802 936 tu
817 918 846 938 es
860 911 902 938 cui
930 912 1014 938 mitti—
1032 906 1053 932 Β
1067 916 1156 945 cante,
1174 911 1274 946 tibique
1287 911 1522 942 consubstantiali,
1537 918 1619 942 nunc,
1633 915 1686 938 etc.

231 963 290 982 mus
306 955 421 988 laudem,
435 960 487 982 etc.

266 1002 395 1030 Sacerdos
413 1002 476 1028 dicit
491 1002 634 1028 orationem
648 1001 843 1030 Inclinationis.

265 1048 408 1075 Diacomts.
425 1048 552 1076 lnelinate
570 1049 657 1083 capita
675 1054 763 1076 vestra
780 1049 903 1076 Domino.

265 1094 315 1128 Tu,
335 1095 457 1126 Domine,
473 1095 634 1122 inclinavisti
653 1095 736 1123 caelos
753 1100 781 1123 et
794 1095 968 1128 dcscendisti,
985 1100 1014 1123 et

231 1141 387 1168 incarnatus
403 1148 433 1168 es
448 1147 556 1176 propter
573 1141 687 1169 salutem
708 1142 813 1176 generis
835 1142 944 1168 humani
962 1149 969 1168 :
985 1147 1011 1169 ιιι

230 1187 307 1214 sedes
323 1195 403 1221 super
418 1188 558 1215 cherubim
575 1193 602 1215 et
616 1188 763 1224 seraphim,
782 1188 948 1222 respicisque
962 1189 1012 1215 Ιιιι-

230 1278 386 1306 tostimonia
411 1278 552 1311 vellicent,
574 1283 603 1306 ιιι
627 1279 793 1307 obscuritate
818 1280 929 1313 alicujus
956 1280 1007 1307 loci

230 1314 385 1348 abutantur,
416 1314 554 1348 perspicua
582 1320 609 1341 et
641 1322 701 1347 qua
734 1315 839 1342 illorttm
875 1316 1008 1342 novitates

230 1347 352 1375 funditus
365 1347 500 1379 evertunt,
517 1355 550 1375 ne
565 1349 681 1376 indicant
696 1350 813 1383 quidem.

266 1383 393 1418 Sequitur
410 1385 435 1409 in
451 1384 545 1410 eadem
561 1385 693 1414 oratione.
711 1389 735 1411 et
757 1385 879 1418 mysteria
902 1385 947 1411 tibi
962 1385 1011 1412 soli

230 1417 346 1453 cognita.
372 1417 400 1445 In
424 1419 518 1446 Graeco
548 1424 622 1446 textu
645 1420 689 1451 qui
714 1417 855 1446 manifeste
881 1421 1009 1447 vitiosam

230 1455 391 1486 scripturam
409 1454 488 1480 habet
503 1455 639 1489 μυστήρια
654 1454 691 1483 ὧν
703 1454 863 1489 προνοοῦσιν
874 1455 944 1481 αὐτά
960 1464 1011 1486 σοι,

229 1489 316 1524 Κύριε
329 1508 336 1519 ,
353 1488 425 1515 nullo
435 1496 514 1515 sensu
526 1498 533 1521 ;
545 1488 614 1516 hunc
629 1488 760 1522 expressit
770 1490 856 1516 Arabs
872 1491 1002 1524 intetpres

229 1531 277 1558 per
296 1525 418 1557 mysteria
435 1524 587 1558 inuisibilia,
605 1525 733 1552 intellectu
748 1525 804 1555 tibi,
825 1524 944 1551 Domine.
960 1526 1011 1552 Co-

1103 958 1233 986 Sacerdos
1252 959 1319 986 dicet
1338 959 1483 985 orationem
1504 951 1679 984 Absolutioiu's
1691 958 1726 984 ad
1740 956 1851 984 Filium.

1069 1005 1180 1032 Domine
1208 1005 1271 1033 Jesu
1301 1006 1409 1033 Christe
1420 1004 1625 1039 Filiunigenite,
1641 1009 1704 1037 etc.,
1719 1009 1746 1030 ιιι
1760 1004 1789 1030 in
1804 1003 1852 1030 Li-

1067 1053 1152 1086 lttrgia
1164 1053 1247 1079 sancti
1257 1053 1358 1079 Basilii.

1101 1097 1231 1125 Sacerdos
1247 1099 1310 1124 dicit
1330 1097 1533 1132 Confessionem.

1099 1143 1204 1178 Corpus
1228 1144 1417 1180 sanctum(t5)
1439 1149 1465 1172 et
1487 1144 1597 1179 sanguis
1626 1143 1761 1178 pretiosus
1788 1142 1852 1171 Iesu

1065 1190 1166 1218 Christi
1181 1189 1240 1217 Filii
1256 1190 1303 1217 Dei
1319 1191 1413 1218 nostri.
1427 1190 1511 1218 Amen
1519 1189 1586 1226 (l6).

1066 1288 1127 1308 nem
1146 1280 1341 1313 Eucltaristirc,
1358 1279 1466 1310 Grmce.
1485 1278 1598 1311 Latine,
1617 1279 1745 1315 Syriace,
1762 1278 1850 1315 Egy-

1067 1316 1165 1350 ptiace.
1179 1315 1340 1349 Ethiopice,
1362 1315 1488 1346 Persice,
1505 1320 1550 1341 aut
1567 1314 1728 1341 Armeuice?

1103 1351 1155 1377 Sed
1173 1351 1236 1376 illud
1253 1351 1366 1377 minoris
1384 1350 1511 1376 momenti
1527 1356 1567 1376 est
1583 1359 1590 1376 :
1611 1357 1641 1376 ea
1657 1357 1715 1383 qua:
1736 1349 1850 1382 subjun-

1066 1385 1113 1420 git,
1130 1386 1256 1416 mentita,
1274 1385 1356 1416 falsa.
1370 1385 1501 1420 plenaque
1515 1385 1631 1415 erroris,
1647 1384 1808 1417 ignorantia:
1823 1388 1852 1411 et

1065 1419 1240 1452 temeritatis,
1256 1421 1377 1453 excusari
1395 1419 1465 1446 nulla
1482 1420 1584 1446 ratione
1602 1424 1722 1453 possunt,
1745 1419 1797 1446 nisi
1812 1427 1846 1446 ex

1066 1457 1184 1482 auctoris
1199 1456 1343 1488 imperitia.
1358 1462 1417 1489 quae
1430 1455 1569 1481 excusatio
1585 1454 1670 1480 locum
1689 1462 1741 1480 non
1757 1454 1849 1480 habet.

1065 1490 1131 1523 Quis
1145 1491 1215 1516 enittt
1226 1491 1339 1523 cogebat
1356 1488 1502 1521 hominem,
1518 1489 1563 1523 qui
1581 1490 1606 1515 iu
1623 1488 1740 1515 Ecclesia
1759 1490 1852 1515 catho-

1067 1526 1117 1552 lica
1135 1531 1212 1551 natus
1225 1529 1252 1551 et
1267 1525 1417 1558 baptizatus
1430 1524 1528 1550 avitam
1543 1524 1621 1551 ﬁdem
1634 1523 1789 1555 iuveniliter
1803 1525 1851 1550 de-

231 1560 301 1591 ptica
320 1559 398 1585 lectio
411 1567 416 1584 :
430 1557 466 1584 Et
481 1559 605 1593 mysterio
617 1568 675 1593 qua:
698 1559 743 1585 tibi
759 1559 860 1593 cognita
874 1565 942 1589 sunt.
959 1560 1010 1587 Do~
1025 1564 1046 1592 (ζ
1064 1565 1196 1590 sertterat,
1209 1560 1242 1586 de
1257 1557 1337 1586 rebus
1353 1558 1510 1590 theologicis
1530 1557 1667 1585 scribere?

229 1594 310 1630 tuine,
330 1602 499 1628 μμυστηριον
521 1602 580 1620 ετον
602 1603 693 1630 ερνοιη
718 1602 812 1629 μμωου
830 1602 900 1628 ητακ
921 1604 1010 1627 πενος.

231 1627 456 1664 νθιειυλιθιιιιιιὶιι
471 1627 704 1664 {mysterio-pleni:
718 1627 797 1664 quod
812 1627 858 1655 tibi
881 1632 1012 1663 cognitum

229 1667 279 1698 est,
295 1663 403 1690 Domine
417 1671 426 1690 ι
442 1663 510 1689 male
524 1663 653 1691 Maronita
670 1673 677 1691 :
693 1665 843 1698 mysterium
863 1665 1010 1696 spirituale.

230 1697 371 1724 Sententia
393 1705 425 1725 ex
442 1698 656 1731 prmcedentihus
672 1697 729 1726 haec
742 1704 792 1726 est.
819 1698 917 1725 Fecisti
937 1700 1012 1726 obla-

230 1733 319 1759 tiones
335 1733 482 1760 iuvisibiles
493 1740 526 1760 ex
545 1734 710 1766 visibilibus,
728 1739 755 1760 et
768 1735 941 1768 mysterium,
956 1736 1012 1762 sive

230 1775 279 1801 per
292 1769 448 1802 mysterium
465 1768 535 1802 quod
551 1769 640 1802 solus,
659 1769 781 1799 Domine.
799 1769 934 1802 intelligis,
950 1777 1010 1796 cum

233 1804 356 1839 Immana;
371 1803 468 1830 mentis
483 1804 560 1839 vires,
573 1808 691 1838 superet.
712 1803 777 1830 Nam
801 1805 925 1839 προνοεῖν
941 1805 1011 1837 quod

231 1841 273 1864 est
292 1837 318 1864 in
335 1837 430 1865 Graeco
442 1842 528 1868 textu.
544 1838 681 1872 Copticus.
698 1843 728 1866 ut
750 1837 884 1872 superius,
896 1840 1012 1874 explicat

231 1879 279 1906 per
292 1881 381 1909 epvotv
397 1873 446 1900 hoc
465 1879 507 1900 est.
527 1874 607 1904 νοεῖν,
625 1875 729 1901 Arabes
745 1881 792 1909 per
812 1881 842 1900 ea
856 1876 935 1901 verba
953 1882 1012 1909 quae

230 1907 387 1943 intelligere,
403 1914 426 1934 et
441 1909 527 1935 animo
541 1911 675 1943 concipere
689 1908 852 1943 signiﬁcant.

266 1942 322 1978 (15)
342 1942 379 1968 De
394 1943 437 1969 illa
455 1943 553 1970 eximia
575 1942 625 1971 nec
647 1944 729 1971 ullius
745 1943 777 1969 ad
800 1942 1011 1970 Protestantinm

231 1983 348 2004 mentem
364 1977 594 2012 interpretationis
605 1986 703 2012 capace
715 1978 895 2010 confessione,
909 1979 1009 2004 ιΙὶι-ῑιιιιι

231 2017 273 2039 est
293 2012 327 2039 ad
344 2012 490 2047 Lilurgiam
512 2012 541 2040 S.
560 2014 668 2044 Basilii;
690 2021 774 2047 pauca
793 2017 894 2039 tantum
920 2014 1012 2040 obser—

230 2048 371 2083 vabimus,
387 2056 448 2081 quae
471 2048 505 2075 ad
530 2049 607 2075 istatn
630 2049 737 2083 proprie
757 2053 888 2081 spectant.
919 2048 1013 2075 Exstat

231 2082 259 2108 in
277 2089 308 2109 ea
327 2083 383 2116 ipsa
401 2083 519 2117 Liturgia
537 2091 617 2117 quam
637 2082 729 2112 citavit
745 2083 905 2114 Salmasius,
926 2089 954 2109 ut
969 2091 1012 2110 ar-

230 2122 357 2150 gumenta
373 2118 622 2145 subministrantem
634 2137 642 2150 ,
659 2119 755 2152 quibus
774 2123 800 2144 et
821 2118 967 2145 Catholicis
982 2127 1012 2143 os

229 2152 426 2184 occluderetur,
442 2158 467 2179 et
480 2153 652 2180 Calvinistica
664 2160 745 2180 causa
757 2153 945 2186 triumpharet.
957 2153 1012 2179 Cur

230 2187 311 2222 igitur
328 2187 360 2214 de
377 2188 426 2214 ista
447 2187 615 2214 confessione
631 2190 667 2214 ita
687 2187 791 2214 locutus
804 2192 845 2215 est
865 2189 890 2213 iu
912 2195 958 2214 sua
979 2188 1011 2213 ad

229 2221 358 2266 patiamur
372 2223 495 2266 epistola,
512 2227 541 2248 nt
554 2223 684 2256 integram
702 2223 850 2266 orationem
869 2230 920 2266 non
935 2228 1010 2266 retq-
1028 2239 1048 2266 υ

229 2257 303 2291 lerit,
321 2258 392 2291 quod
410 2263 468 2284 erat
483 2262 573 2284 tatnen
592 2258 785 2288 necessariutn,
805 2262 832 2284 et
850 2262 939 2283 notam
959 2257 1008 2282 fal-

230 2292 365 2319 sissimam
403 2292 547 2326 adiecerit?
582 2292 669 2319 Verba
695 2291 753 2325 ejus
785 2297 848 2318 sttnt
876 2300 882 2318 :
910 2301 919 2317 ι
949 2292 1010 2318 Post

229 2327 438 2354 celebrationem
464 2327 568 2358 (Σωιιιιξ,
595 2331 622 2354 et
641 2328 870 2361 participationem
892 2327 950 2361 ejus
972 2328 1011 2353 fa-

229 2367 311 2392 ctam,
328 2362 396 2389 idem
417 2362 543 2389 sacerdos
559 2368 668 2394 monet,
691 2362 716 2388 id
731 2363 802 2396 quod
826 2370 840 2388 a
859 2363 1010 2388 communi—

230 2397 353 2424 cantibus
368 2402 523 2432 susceptura
535 2401 587 2430 est,
602 2405 694 2424 verum
709 2405 769 2432 esse
788 2404 885 2431 corpus
903 2402 930 2423 et
949 2405 1012 2423 san-

229 2433 338 2466 guinem
354 2433 474 2464 Christi,
489 2432 515 2459 id
532 2437 573 2458 est
591 2431 705 2459 fructum
722 2431 783 2458 vitis
807 2439 891 2462 verae,
907 2432 950 2465 qui
969 2437 1010 2458 est

230 2468 371 2500 Christus,
388 2469 423 2494 ita
446 2468 601 2502 signiﬁcans
613 2487 620 2499 ,
634 2468 726 2493 vinum
741 2466 842 2498 calicis,
864 2474 914 2493 non
931 2467 1010 2493 aliter

229 2502 320 2530 vocari
347 2501 505 2537 Sanguinem
527 2501 632 2528 Domini
658 2509 770 2537 verum,
794 2509 874 2535 quam
900 2506 928 2528 ut
952 2503 1009 2536 ipse

229 2545 320 2564 veram
339 2545 368 2564 se
386 2536 465 2564 vitent
490 2537 642 2571 appellavit.
663 2546 674 2562 ι
691 2536 819 2563 Excusari
838 2543 903 2563 sane
919 2537 1009 2563 Calvi-

229 2573 300 2599 nista
317 2578 415 2607 potest,
431 2573 586 2599 Calvinista:
599 2572 709 2605 loquens
725 2572 757 2597 de
773 2579 822 2598 usu
835 2572 948 2607 ridiculo
961 2578 1008 2598 vo-

229 2609 269 2634 cis
285 2606 385 2638 Coclite,
406 2611 438 2634 ad
452 2607 615 2642 Lilurgiam,
632 2611 768 2640 totamque
780 2614 884 2632 sacram
903 2606 1008 2642 Eucha-

229 2642 313 2669 l'lSliiB
341 2643 508 2669 celebrandae
531 2640 676 2668 ‘actionem
705 2642 918 2675 signiﬁcandam.
956 2640 1008 2668 Sed

229 2686 289 2703 cum
306 2677 410 2710 publice
422 2677 553 2709 scribunt,
571 2677 609 2703 uti
627 2676 724 2703 debent
739 2676 790 2703 illis
806 2677 923 2708 vocibus,
942 2683 1009 2710 quas

229 2713 354 2738 universa
372 2711 489 2739 Ecclesia
505 2719 554 2738 usu
569 2719 621 2738 non
637 2712 787 2746 interrttpto
798 2711 942 2738 tnultornm
962 2719 1009 2738 see-

228 2747 352 2774 culorum
376 2747 563 2779 consecravit;
590 2754 651 2773 culti
676 2745 746 2773 nulla
770 2753 835 2779 gens
855 2746 1006 2773 Cltristiana

228 2783 414 2816 cujuscunque
442 2782 509 2808 ritus
530 2787 556 2808 et
578 2781 693 2815 linguae,
717 2783 753 2808 ita
778 2782 865 2808 locuta
890 2789 1007 2816 unquam

228 2817 313 2843 fuisse
336 2817 496 2850 reperiatur.
520 2816 623 2843 Cedant
647 2816 742 2843 eruditi
768 2816 820 2848 illi,
837 2816 882 2850 qui
906 2821 1006 2842 tantam

229 2850 405 2878 Orientalium
429 2851 577 2884 linguarum
598 2851 719 2884 peritiam
744 2851 842 2884 ubique
861 2856 1006 2882 ostentant,

230 2891 367 2914 austorcm
389 2885 470 2914 ullum
482 2906 490 2921 ,
503 2886 547 2920 qui
562 2885 670 2913 Coenam
689 2886 825 2914 vocaverit
847 2886 1005 2913 celebratio—

1098 1595 1190 1622 0ratio
1209 1602 1268 1628 quae
1289 1594 1486 1622 confessionem
1511 1594 1647 1624 continet,
1673 1600 1724 1619 non
1750 1592 1851 1619 dicitur

1063 1635 1124 1664 post
1144 1629 1352 1656 celebrationem
1374 1629 1620 1664 Liturgitetnequc
1642 1633 1701 1661 post
1727 1635 1852 1654 cornum-

1063 1666 1188 1697 nionem,
1216 1666 1261 1691 sed
1286 1669 1431 1699 antequam
1456 1671 1487 1690 ea
1509 1663 1710 1699 distribuatur:
1737 1667 1778 1699 nt‘
1793 1664 1850 1697 ipsa

1062 1700 1161 1725 rituum
1180 1700 1264 1726 series
1286 1697 1493 1727 satis‘intlicat:
1518 1699 1585 1724 adeo
1610 1702 1640 1724 ut
1664 1697 1848 1730 Salmasiutn,

1062 1740 1109 1760 aut
1125 1733 1272 1769 Liturgiatn
1291 1742 1343 1761 non
1368 1734 1465 1768 legisse
1478 1738 1620 1769 oporteat,
1642 1738 1689 1759 aut
1712 1733 1848 1769 nemiuem

1062 1769 1180 1795 futurum
1196 1768 1386 1801 existimasse,
1404 1769 1461 1803 qui,
1481 1768 1565 1794 oculis
1580 1768 1605 1794 in
1621 1775 1682 1795 eam
1704 1768 1848 1802 conjectis,

1063 1804 1122 1831 falsi
1139 1811 1198 1831 eum
1212 1804 1356 1831 testimonii
1375 1811 1450 1830 reum
1468 1808 1634 1837 agnosceret.

1097 1838 1189 1872 Neque
1206 1839 1294 1867 minus
1307 1839 1373 1865 falso
1385 1838 1509 1870 atiirmat,
1524 1845 1540 1864 a
1555 1839 1697 1866 sacerdote
1711 1837 1764 1865 dici
1786 1842 1847 1871 post

1063 1874 1278 1900 communionem
1292 1893 1299 1906 ,
1320 1874 1346 1900 id
1361 1874 1431 1907 quod
1447 1881 1461 1899 a
1476 1873 1740 1900 communicantibus
1755 1880 1847 1900 susce-

1063 1916 1136 1942 ptum
1153 1913 1212 1941 est,
1230 1917 1284 1935 esse
1303 1916 1395 1942 corpus
1418 1913 1441 1934 et
1460 1909 1612 1942 sanguinem
1634 1908 1744 1938 Clu-isti,
1761 1907 1790 1933 id
1809 1912 1846 1934 est

1062 1944 1256 1977 [‘rttctum_oitis
1271 1951 1339 1970 verte
1349 1964 1356 1976 ,
1371 1951 1429 1978 quae
1453 1948 1490 1969 eu
1513 1942 1643 1969 Christus.
1660 1944 1763 1978 Neque
1774 1944 1846 1969 euint

1062 1979 1206 2012 quidquam
1228 1979 1314 2006 simile
1339 1977 1437 2012 legitur
1456 1978 1482 2004 in
1507 1978 1674 2004 orationibus
1695 1977 1845 2012 gratiarum

1061 2014 1175 2040 actionis
1194 2023 1200 2040 :
1222 2019 1248 2040 et
1265 2021 1326 2040 cuin
1352 2013 1477 2040 sacerdos
1500 2012 1585 2038 dicit:
1614 2012 1672 2039 Hoc
1694 2017 1731 2038 est
1751 2020 1848 2046 corpus

1062 2056 1148 2074 verum
1162 2053 1185 2074 et
1202 2049 1308 2081 sanguis
1323 2049 1451 2082 pretiosus
1461 2067 1469 2079 ,
1484 2047 1583 2074 Christi
1596 2047 1644 2073 Dei
1665 2047 1764 2077 nostri,
1780 2053 1846 2078 etc.,

1063 2084 1120 2110 lnrc
1134 2084 1259 2109 dicuntur
1280 2089 1342 2108 ante
1365 2083 1592 2109 cmnmnnionetn.
1613 2082 1846 2109 Communicaturi

1064 2119 1223 2152 respondent
1235 2138 1242 2149 ,
1258 2123 1401 2152 antequam
1417 2125 1493 2143 sacra
1513 2118 1640 2151 mysteria
1661 2117 1846 2150 susceperint,

1063 2152 1098 2178 ita
1115 2153 1224 2179 credere
1238 2160 1279 2182 se.
1293 2157 1320 2179 et
1331 2153 1481 2179 credituros
1494 2152 1527 2178 ad
1549 2152 1672 2178 ultimum
1688 2159 1774 2185 usque
1785 2152 1847 2178 vita:

1062 2188 1205 2220 spiritum,
1221 2187 1272 2213 hoc
1283 2188 1354 2221 quod
1369 2188 1460 2214 vident
1477 2188 1502 2212 in
1518 2186 1848 2215 sacerdotiscelebrantis

1064 2231 1143 2248 manu
1155 2242 1162 2253 ,
1183 2224 1253 2256 quod
1270 2223 1410 2256 episcopus
1427 2227 1454 2248 et
1473 2222 1610 2252 sacerdos,
1631 2229 1691 2247 cum
1717 2222 1847 2248 ordinau-

1064 2262 1116 2288 Iur,
1143 2265 1222 2283 tnanu
1245 2257 1413 2290 suscipiunt,
1434 2264 1521 2290 neque
1548 2257 1635 2282 adhuc
1652 2257 1691 2283 ori
1719 2256 1847 2283 admove-

1061 2297 1142 2323 runt,
1158 2299 1219 2318 esse
1235 2299 1331 2325 corpus
1344 2297 1370 2318 et
1394 2291 1551 2325 sanguinem
1574 2291 1677 2317 Domitii
1691 2311 1698 2322 ,
1713 2296 1740 2317 et
1755 2297 1846 2317 tamen

1060 2334 1092 2352 ex
1123 2327 1262 2362 hypothcsi
1285 2327 1464 2358 Salmasiana,
1484 2326 1553 2352 dona
1577 2327 1846 2361 primosit:u,::poxsi-

1062 2370 1139 2395 μενα,
1157 2361 1223 2387 nihil
1238 2362 1325 2388 adhuc
1345 2367 1426 2391 sunt,
1453 2365 1549 2395 prwter
1569 2369 1662 2394 partem
1685 2366 1713 2387 et
1736 2369 1844 2392 Vitium,

1060 2405 1120 2423 cum
1136 2397 1161 2423 in
1175 2397 1232 2423 solo
1249 2405 1296 2422 usu
1314 2398 1379 2422 liuut
1395 2403 1493 2429 corpus
1509 2402 1537 2422 et
1554 2397 1663 2429 sanguis
1685 2395 1798 2422 Christi.

1096 2431 1186 2465 Neque
1200 2432 1225 2457 iu
1241 2437 1296 2457 tota
1309 2431 1358 2457 hac
1374 2430 1494 2465 Liturgia
1506 2451 1513 2462 ,
1529 2435 1575 2456 aut
1588 2432 1638 2456 ulla
1653 2431 1845 2464 cujuscunque

1061 2466 1129 2493 ritus
1145 2472 1171 2492 et
1183 2467 1279 2500 lingua:
1294 2467 1451 2499 reperietur,
1468 2467 1526 2492 talis
1539 2466 1709 2492 sacerdotum
1728 2467 1762 2491 ad
1774 2473 1845 2491 t‘0tlt-

1059 2503 1225 2527 tnunicantcs
1236 2502 1446 2534 nionitto,quam
1454 2505 1621 2527 commentus
1635 2505 1677 2526 est
1686 2500 1844 2532 Salmasius,

1059 2536 1189 2562 elementa
1206 2543 1265 2562 esse
1280 2543 1377 2569 corpus
1396 2535 1515 2566 Christi,
1533 2540 1561 2560 ut
1576 2535 1698 2561 Christus
1726 2541 1767 2561 est
1786 2536 1845 2561 ritis

1059 2578 1131 2596 vera.
1152 2570 1179 2597 ln
1193 2571 1315 2597 oratione
1331 2570 1469 2596 fractionis
1479 2571 1511 2596 ad
1527 2569 1622 2596 Filium
1641 2570 1756 2604 legitur:
1771 2569 1845 2596 Prw-

1058 2606 1157 2638 parasti
1172 2607 1244 2632 nobis
1255 2613 1347 2639 partem
1359 2607 1499 2636 (mlestem,
1513 2613 1605 2636 corpus
1622 2605 1669 2630 ltoc
1686 2611 1758 2630 tuttm
1782 2613 1845 2630 wu-

1058 2645 1127 2666 ctum
1138 2641 1164 2666 in
1179 2642 1332 2674 mysterio...
1361 2640 1490 2666 Miscuisti
1504 2639 1576 2665 nobis
1590 2639 1696 2665 culicem
1712 2646 1744 2664 ea:
1757 2639 1846 2672 {ructu

1058 2676 1117 2701 vitia
1132 2683 1209 2704 verm.
1228 2683 1285 2708 qum
1300 2679 1337 2701 est
1351 2675 1421 2701 latus
1440 2675 1556 2700 divinum
1579 2679 1652 2700 tuum
1674 2680 1697 2700 et
1715 2676 1845 2708 immacu-

1058 2710 1150 2736 latum.
1164 2711 1199 2736 lta
1212 2707 1377 2737 Gaudentius
1387 2710 1458 2736 Brix.
1471 2714 1548 2735 tract.
1562 2709 1582 2735 ll
1598 2710 1634 2735 De
1647 2708 1742 2735 Pasch.
1752 2716 1761 2734 .'
1776 2707 1845 2740 Quia

1057 2747 1126 2778 quod
1141 2745 1236 2777 accipis
1251 2753 1343 2777 corpus
1356 2749 1395 2770 est
1412 2744 1482 2770 illius
1497 2744 1572 2778 panis
1591 2744 1715 2774 caelestis,
1732 2748 1757 2769 et
1781 2752 1845 2770 sum

1058 2780 1114 2814 guis
1129 2785 1166 2806 est
1182 2779 1253 2806 illius
1268 2787 1352 2806 sacra:
1371 2781 1439 2806 vitis.
1453 2778 1511 2805 Non
1528 2779 1609 2813 igitur
1621 2779 1748 2806 diaerunt
1766 2778 1845 2818 (Suri:

1764 2819 1845 2840 sltuttt

1094 2849 1153 2892 ς
1170 2849 1252 2890 {latitet
1262 2849 1405 2892 (E‘iYIPV'XIB.
1420 2846 1488 2892 αἵξιρι
1508 2848 1596 2892 τίμιον
1620 2848 1706 2883 ἰησοῦ
1724 2848 1845 2886 Χριστοῦ

1059 2887 1105 2913 τοῦ
1121 2883 1185 2912 Υῐοῧ
1199 2883 1244 2911 τὸῦ
1261 2885 1328 2912 Θερῦ
1344 2883 1433 2920 ἡμῶν,
1454 2884 1549 2919 ’Λμήν,
