2027 3135
110 187 163 215 897

146 243 276 278 Populus.
291 243 389 270 Amen.
634 278 636 281 ν

147 291 278 317 Sanctum
304 293 332 315 et
356 288 502 322 pretiosum
528 294 624 320 corpus
643 292 669 314 et
695 288 805 323 sanguis
820 294 901 315 verus

110 335 174 364 Jesu
190 334 292 363 Christi
314 333 374 360 Filii
393 333 437 360 Dei
464 333 558 360 nostri.
577 333 662 359 Amen
674 332 741 366 (ΓΙ).

146 381 252 416 Corpus
263 384 290 408 et
304 380 415 415 sanguis
427 378 609 407 Emmanuelis
625 378 668 405 Dei
685 377 780 410 nostri,
796 378 848 405 ltoc
861 382 901 404 est

111 428 139 456 in
156 427 194 454 rei
208 427 333 454 veritate.
350 426 446 452 Amen.

147 473 247 503 Credo,
267 471 359 503 credo,
381 470 462 498 credo
485 474 514 498 et
537 469 668 497 confiteor
684 477 769 504 usque
787 470 820 496 ad
836 469 897 496 ulti-

112 525 186 544 mutn
201 518 263 544 vita:
274 517 409 550 spiritum,
428 517 477 543 hoc
491 523 549 542 esse
557 522 655 549 corpus
668 515 816 547 virilicum,
831 515 901 549 quod

112 562 252 597 accepisti,
275 562 381 589 Christe
398 561 470 588 Deus
489 565 591 592 noster,
608 568 640 588 ex
657 559 767 586 Domina
782 560 901 586 omnium

112 612 250 639 nostrum,
273 607 398 641 Deipara,
431 615 508 641 pura,
522 612 616 633 sancta
642 605 738 638 Maria,
761 605 903 640 fecistique

114 653 181 681 illud
196 660 279 680 unum
302 660 363 680 cum
381 651 522 679 divinitate
541 657 596 684 tua,
614 651 715 686 absque
735 651 902 682 confusione,

113 698 315 731 commistione,
333 703 379 725 aut
402 698 563 726 alteratione
579 704 587 724 :
601 702 629 724 et
640 697 779 724 confessus
793 704 822 724 es
837 705 904 723 con—

114 746 260 773 fessionem
273 745 372 772 bonam
389 751 478 771 coram
496 742 591 771 Pontio
615 743 709 770 Pilato.
725 742 825 769 Dedisti
839 742 902 768 illud

114 801 165 829 pro
181 794 258 822 nobis
281 801 361 828 super
379 794 478 828 lignum
502 797 625 820 sanctum
643 792 741 824 crucis,
764 791 903 818 voluntate

115 845 161 866 tua
190 840 258 871 sola,
285 846 336 874 pro
361 839 439 866 nobis
464 839 599 866 omnibus.
616 838 704 865 Credo
733 837 902 864 divinitatem

117 888 192 910 tuam
217 888 368 918 separatam
388 891 439 910 non
463 883 546 911 fuisse
569 884 602 910 ab
620 883 785 910 lnunanitate
799 888 854 916 tua,
871 891 903 909 ne

117 935 255 958 momento
269 930 378 965 quidem
392 934 438 956 aut
460 929 532 956 nicttt
554 928 635 956 oculi.
655 928 754 955 Dedisti
775 936 834 956 eam
855 937 903 961 pro

116 976 195 1003 nobis
207 976 240 1002 ad
254 976 381 1007 salutem,
395 975 581 1003 remissionem
596 978 768 1009 peccatorum
783 974 901 1001 etvitam

114 1026 244 1048 aeternam
258 1021 291 1048 iis
304 1021 349 1056 qui
365 1029 398 1048 ex
409 1022 454 1048 illo
472 1021 721 1049 communicabuul.
745 1021 833 1049 Credo
852 1022 902 1050 hoc

113 1076 179 1095 vere
192 1068 229 1095 ita
246 1075 317 1095 esse.

149 1113 245 1139 Oratio
264 1113 411 1147 gratiarum
432 1113 543 1140 actionis
563 1120 619 1149 post
639 1115 863 1142 bommunionem.

148 1158 257 1186 Gratias
286 1159 391 1192 agimus
415 1159 473 1192 tibi,
493 1159 600 1188 Christe
621 1159 700 1192 Deus,
714 1160 831 1188 Verbum
856 1169 902 1186 ve-

115 1211 175 1231 rum
189 1211 223 1230 ex
243 1203 396 1231 substantia
410 1212 475 1239 pura
491 1204 579 1233 Patris
593 1215 599 1232 :
621 1207 682 1240 quia
698 1206 777 1233 talem
799 1207 824 1233 in
843 1215 901 1233 mn-

114 1250 178 1276 dum
191 1249 309 1277 dilexisti
325 1257 384 1282 nos,
405 1255 432 1277 et
452 1251 584 1277 tradidisti
608 1256 633 1278 te
656 1252 741 1285 ipsum
759 1253 791 1278 ad
811 1252 904 1278 itllltm-

116 1295 243 1322 lationem
266 1303 314 1329 pro
343 1295 430 1323 salute
462 1300 571 1330 nostra;
599 1302 626 1324 et
644 1297 753 1332 largitus
772 1305 801 1325 es
827 1299 904 1325 nobis

115 1341 209 1371 vitam,
218 1349 265 1375 per
276 1349 374 1376 corpus
388 1346 463 1368 tuum
476 1347 610 1374 sanctum,
619 1346 646 1369 et
655 1344 813 1378 sanguinem
829 1349 901 1370 luunt

114 1388 274 1421 pretiosum,
290 1395 404 1423 quorum
417 1388 621 1423 participatione
643 1397 691 1416 nos
714 1390 792 1417 tnodo
809 1390 903 1422 digna-

114 1439 159 1461 tus
172 1442 211 1462 es.
226 1434 376 1469 Eapropter
385 1437 485 1468 gratias
496 1436 601 1470 agimus
613 1435 672 1468 tibi,
682 1442 786 1463 amator
800 1441 904 1463 creatu-

115 1487 153 1506 τε
168 1484 231 1512 litae,
245 1486 272 1507 et
286 1481 418 1509 mittimus
440 1483 486 1509 tibi
503 1489 609 1509 sursum
630 1482 752 1516 gloriam,
775 1483 902 1510 honore"

114 1529 142 1552 et
168 1526 366 1559 adoratioaem,
392 1535 453 1554 cum
477 1527 555 1554 Patre
583 1532 629 1555 tuo
651 1527 732 1561 bono,
749 1533 776 1555 et
801 1527 902 1563 Spiritu

115 1576 212 1598 sancto
226 1572 503 1608 viviﬁcante,tibique
514 1575 746 1606 consubstantiali,
762 1580 901 1606 llllllt‘,0l(:.

205 1617 300 1644 Oratio
319 1619 498 1646 inclinationis
514 1624 571 1654 post
587 1619 810 1646 Communiouem.

153 1662 205 1696 Qui
218 1668 261 1690 est
277 1669 304 1691 et
322 1664 372 1691 fuit
389 1665 541 1700 (aeternus),
556 1666 600 1700 qui
613 1667 687 1692 venit
710 1671 789 1701 atque
805 1667 901 1693 iterum

115 1710 218 1742 veniet,
234 1710 279 1743 qui
294 1711 450 1738 incarnatus
463 1716 490 1738 et
503 1712 584 1738 homo
599 1711 685 1738 factus
703 1716 755 1741 est.
777 1713 904 1746 cruciquc

117 1756 212 1784 afﬁxus
228 1761 269 1783 est
292 1762 402 1792 propter
423 1765 472 1784 nos
486 1767 493 1784 :
509 1765 604 1791 passus
621 1762 662 1784 est
680 1757 786 1791 propria
810 1757 904 1784 volun—

117 1806 173 1828 tate
197 1802 225 1829 in
250 1809 374 1836 corpore,
390 1809 451 1829 cum
479 1807 552 1829 esset
577 1803 751 1837 impassibilis
779 1808 904 1838 tauquam

117 1846 201 1879 Deus,
218 1848 353 1875 involutus
367 1853 408 1875 est
429 1853 456 1875 et
473 1849 576 1883 positus
592 1849 618 1875 iu
634 1849 770 1883 sepulcro,
786 1850 905 1876 surrexit

117 1900 132 1920 a
150 1894 266 1921 mortuis
279 1893 357 1920 tertia
371 1893 426 1924 die,
435 1897 462 1920 et
470 1894 593 1920 ascendit
610 1894 636 1920 in
653 1893 764 1925 caelum.
775 1893 904 1928 sedetque

118 1950 199 1978 stiani
214 1950 331 1985 (Egyptii
344 1959 376 1977 ετ
386 1950 473 1984 fruclu
486 1949 546 1976 vitis
558 1957 633 1980 verte,
645 1957 702 1984 qmc
716 1955 752 1976 est
766 1949 902 1977 Christus:

117 1987 166 2012 sed
177 1994 236 2019 qum
247 1991 282 2012 est
295 1986 364 2011 latus
377 1991 459 2017 illum,
474 1993 504 2011 ex
515 1993 566 2019 quo
577 1985 652 2010 eIt'vil
663 1986 769 2017 sanguis
783 1990 806 2010 el
823 1993 901 2018 aqua.

119 2020 282 2054 Thcologice
299 2028 409 2053 prorsus
426 2024 453 2046 et
467 2020 500 2045 ad
524 2025 678 2045 sanctorum
701 2019 809 2046 Patrum
826 2028 902 2046 mcu-

119 2060 185 2084 tem.
198 2055 331 2089 simulque
343 2055 375 2081 ad
389 2062 481 2080 eorum
494 2054 703 2082 confutationem
716 2055 760 2088 qui
770 2055 903 2088 Cypriane

119 2094 231 2124 totaque
248 2095 367 2116 veterum
386 2089 506 2116 Ecclesia
524 2090 702 2124 sapientiores
715 2109 721 2119 ,
738 2097 833 2123 aquam
855 2098 901 2115 ca-

118 2124 161 2151 Iici
180 2125 339 2154 admiscere.
359 2125 491 2158 piaculum
509 2124 676 2150 existit-tant.
695 2123 787 2158 Itaque
804 2124 828 2149 in
852 2124 902 2151 bac

118 2159 242 2187 oratione
265 2159 367 2185 fructus
383 2160 443 2186 vitis
457 2167 543 2189 vene,
562 2160 594 2185 dc
610 2159 739 2193 sanguine
756 2158 857 2185 Citriin
875 2161 901 2186 in

119 2194 204 2221 calice
217 2194 337 2220 exhibito
352 2195 521 2228 intelligitur,
538 2202 588 2221 nou
605 2196 636 2219 de
650 2199 704 2219 toto
721 2199 901 2220 sacramento.

119 2229 201 2256 Panis
214 2230 259 2263 qui
276 2230 308 2255 de
320 2230 388 2257 εαξιο
400 2229 548 2259 descendit,
566 2237 612 2254 seu
630 2229 706 2262 panis
718 2230 848 2260 t-ualcstis,
862 2235 903 2255 est

119 2271 219 2298 corpus
236 2264 351 2294 Christi.
367 2265 436 2298 quod
458 2265 605 2298 percipitur
628 2265 653 2290 in
674 2269 860 2295 sacramento,
878 2270 905 2291 ct

119 2301 146 2326 in
165 2300 212 2326 illo
227 2305 267 2326 est
281 2308 287 2325 :
306 2300 408 2326 fructus
422 2299 485 2326 vitis
501 2306 582 2330 verte,
600 2303 641 2325 est
658 2300 765 2331 sanguis
781 2298 903 2329 Christi,

120 2334 146 2360 in
162 2335 257 2361 eodem
281 2339 451 2361 sacramento
474 2343 481 2360 :
500 2335 567 2361 adeo
584 2339 612 2359 ut
637 2334 663 2360 in
683 2334 756 2361 disco
778 2335 813 2360 sit
828 2335 904 2367 panis

119 2369 250 2400 caelestis,
266 2370 327 2403 quia
346 2373 374 2395 ut
395 2369 445 2404 ipsi
469 2369 635 2404 confitentun
649 2369 673 2395 in
695 2376 727 2395 eo
751 2374 792 2395 est
807 2376 905 2402 cerpus

119 2404 222 2431 Christi
237 2413 244 2430 :
260 2411 340 2438 atque
357 2406 458 2437 pariter
471 2403 497 2430 in
514 2404 608 2436 calice,
624 2403 727 2430 fructus
744 2404 804 2430 vitis
824 2411 904 2434 vera‘.

119 2446 180 2473 qua:
204 2443 247 2465 est
270 2439 404 2470 Christus,
432 2440 493 2472 quia
511 2439 537 2464 in
559 2446 592 2465 eo
615 2439 768 2465 continetur
793 2439 904 2472 sanguis

119 2474 232 2501 Christi.
258 2473 475 2507 Comparationis
497 2481 577 2507 quam
602 2473 752 2500 Salmasius
766 2475 903 2508 excogita-

120 2510 181 2540 vit,
197 2509 223 2535 in
246 2509 300 2544 illis
316 2509 482 2544 orationibus
500 2509 642 2544 vestigium
668 2508 769 2535 nullum
793 2515 851 2541 est,
877 2513 904 2536 et

119 2544 201 2571 etiam
218 2543 240 2570 si
256 2543 337 2570 ullmn
352 2563 358 2575 ,
378 2543 418 2570 vel
431 2543 596 2571 levissimum
620 2549 710 2577 posset
723 2544 901 2578 deprehendi,

119 2583 147 2605 et
167 2579 361 2605 obscuritatem
387 2578 541 2608 induceret,
560 2579 741 2613 explicaretur
767 2579 809 2605 illa
836 2580 902 2606 satis

120 2621 166 2647 per
177 2615 388 2647 subsequentem
401 2613 614 2643 confessionem.
633 2614 658 2640 in
674 2622 726 2647 qua
749 2614 815 2640 nihil
837 2616 900 2647 ligu-

120 2653 177 2674 rate
191 2649 304 2679 dictum.
317 2649 364 2675 sed
375 2648 575 2682 simplicissima
588 2649 648 2674 lidei
662 2649 806 2682 expositio.
821 2657 900 2682 quam

119 2683 300 2710 dissimulavit
311 2683 470 2714 Salmasius,
482 2683 638 2716 desperans,
651 2688 680 2709 ιιι
691 2683 836 2710 verisimile
850 2689 901 2716 est,

119 2718 322 2744 Calvinisticam
351 2717 423 2744 illam
451 2725 610 2752 quacunque
647 2718 795 2745 subtilitate
824 2726 902 2752 posse

119 2752 186 2788 fieri.
211 2753 299 2786 Quam
325 2760 405 2787 porro
428 2753 526 2779 rituum
555 2753 734 2780 Orientalium
762 2754 902 2788 imperitus

120 2787 261 2815 habendus
286 2788 332 2814 ille
358 2788 472 2822 sit,qui
497 2789 646 2815 orationem
671 2788 810 2815 fractionis
836 2789 902 2816 dicit

119 2823 228 2850 recitari
248 2827 310 2858 post
325 2823 559 2855 communionem,
573 2822 696 2858 judicare
715 2824 829 2858 quisquc
851 2831 901 2858 po-

119 2862 187 2885 test:
207 2857 272 2885 nam
293 2862 355 2893 post
368 2865 426 2884 eam
441 2860 589 2893 orationem
612 2857 708 2885 fractio
723 2860 771 2891 tit,
787 2864 815 2885 et
837 2857 901 2886 ultio

117 2893 229 2920 duarqu
247 2891 400 2928 specierum
415 2900 461 2922 seu
478 2891 542 2926 ἁγία
555 2892 659 2925 ἓνωσις·
687 2898 741 2920 tum
755 2893 815 2922 alia:
836 2901 898 2921 ora-

644 183 807 213 LlTURGlA
829 184 858 211 S.
879 183 1048 212 GREGORII
1068 183 1225 212 COPTICA.

1683 179 1737 213 tit-8

911 245 935 273 Α
949 243 981 269 ad
999 241 1138 268 dexteram
1163 241 1313 275 majestatis
1330 240 1428 272 Patris,
1445 243 1471 267 et
1495 240 1590 267 iterum
1605 246 1736 269 venturus

953 292 994 313 est
1017 286 1139 320 judicare
1159 287 1234 313 vivos
1258 291 1286 313 et
1302 290 1422 313 mortuos
1447 294 1454 312 ε
1476 293 1555 320 quem
1579 287 1740 313 benedicm-t

953 331 1039 366 angeli
1065 337 1093 359 et
1117 331 1226 358 laudant
1253 331 1421 366 archangeli,
1451 332 1529 365 cujus
1554 331 1664 365 gloriam
1697 331 1739 358 lo-

952 381 1073 410 quuntur
1093 377 1240 411 seraphim,
1255 384 1338 410 quem
1359 377 1472 403 adorant
1491 377 1640 408 cherubim,
1657 384 1736 411 quem

954 422 1050 449 timent
1074 427 1101 449 et
1124 427 1242 449 tremunt.
1267 430 1361 450 omnes
1380 428 1493 453 natum,
1510 422 1604 453 Filius,
1624 422 1739 449 Verbum

955 467 1000 494 Dei
1017 468 1113 497 Patris.
1128 468 1207 496 Jesus
1222 469 1348 495 Christus
1366 469 1495 495 Dominus
1518 473 1621 495 noster.
1649 469 1688 494 Tu
1711 476 1740 494 es

954 513 995 540 cui
1010 514 1118 540 inclinat
1137 520 1165 540 se
1179 514 1292 548 populus
1315 519 1375 540 tuus
1390 519 1416 540 et
1428 514 1571 540 hereditas
1586 519 1642 543 tua,
1660 521 1740 548 qualn

954 559 1119 591 acquisivisti
1133 560 1264 594 sanguine
1275 564 1319 586 tuo
1327 559 1561 593 prelioso.Aspice
1575 567 1623 585 nos
1633 566 1739 589 omnes,

955 604 1077 636 Domine,
1096 605 1129 631 de
1150 605 1219 631 cmlo
1236 610 1329 632 sancto
1352 610 1409 636 tuo,
1429 609 1457 631 et
1473 612 1506 631 ex
1525 603 1678 631 habitacula
1694 608 1738 630 tuo

954 654 1106 684 praeparato
1124 657 1130 675 :
1149 649 1261 676 benedic
1276 650 1363 677 servis
1382 649 1444 681 tuis.
1462 657 1508 684 per
1535 656 1630 676 omnes
1661 648 1742 676 bene-

954 695 1084 723 dictiones
1097 695 1250 729 spirituales
1267 705 1273 723 :
1292 696 1397 723 custodi
1416 703 1462 723 eos
1481 695 1531 723 sub
1544 695 1645 730 potenti
1658 703 1739 721 manu

956 746 1001 768 tua
1023 749 1029 768 :
1049 740 1179 768 confirma
1196 748 1242 768 eos
1256 741 1282 768 in
1298 741 1349 768 [ide
1362 746 1418 767 tua.
1432 740 1468 767 Da
1489 739 1541 766 illis
1556 745 1583 766 et
1599 739 1676 766 nobis
1697 746 1743 773 pu-

955 787 1060 813 ritatem
1075 784 1237 818 adimarum,
1256 794 1409 820 corporum,
1423 786 1624 821 spirituumque
1640 789 1744 813 nostro-

955 840 1024 862 rum,
1037 837 1064 860 et
1082 833 1200 859 concede
1213 833 1289 859 nobis
1304 833 1384 860 linem
1395 831 1578 859 Christianum
1591 832 1636 866 qui
1651 838 1742 858 coram

956 886 981 906 te
996 884 1122 914 acceptus
1138 879 1194 906 sit:
1211 880 1273 913 quia
1300 886 1411 913 regnum
1434 883 1520 910 tuum,
1544 877 1650 905 Christe
1674 877 1744 904 Deus

920 923 939 950 Β
953 929 1057 957 uoster,
1084 925 1228 952 sanctitate
1253 930 1280 952 et
1301 924 1384 959 gloria
1407 923 1515 957 plenum
1537 928 1588 955 est,
1602 924 1672 958 quod
1693 930 1744 950 nos

956 978 1052 997 omnes
1066 970 1195 1005 consequi
1218 978 1371 1004 speramus,
1388 977 1438 1005 per
1452 970 1672 997 intercessionem
1690 970 1742 996 Do-

955 1019 1035 1045 minae
1058 1020 1176 1045 omnium
1203 1024 1335 1049 nostrum,
1366 1023 1468 1046 sancta:
1509 1017 1653 1046 Genitricis
1680 1017 1741 1049 Dei,

956 1070 1117 1098 semperque
1135 1063 1248 1097 virginis
1271 1063 1385 1090 Marize:
1404 1069 1430 1089 et
1450 1068 1568 1097 quatuor
1592 1063 1742 1090 lucidorum

956 1109 1104 1142 Michaelis,
1118 1109 1262 1142 Gabrielis,
1279 1108 1423 1143 liaphaelis
1438 1114 1466 1136 et
1483 1109 1595 1136 Surielis
1613 1117 1620 1135 :
1639 1113 1665 1135 et
1677 1116 1744 1143 qua-

956 1160 1018 1182 tuor
1029 1155 1184 1182 anitualium
1199 1155 1421 1188 ineorporcorum
1441 1163 1448 1182 :
1469 1159 1497 1181 et
1511 1154 1604 1189 viginti
1624 1158 1740 1188 quatuor

956 1202 1185 1237 presbyterorum.
1202 1201 1342 1228 cherubim
1361 1207 1388 1228 et
1407 1201 1556 1235 seraphiut,
1571 1204 1598 1227 et
1617 1199 1742 1227 ordinum

956 1248 1107 1275 caelestium
1127 1257 1133 1274 :
1149 1253 1176 1273 et
1192 1255 1239 1282 per
1256 1247 1393 1273 orationes
1408 1247 1622 1281 patriarcharum
1635 1250 1662 1272 et
1677 1253 1739 1280 pro-

956 1294 1098 1328 phetarum
1109 1303 1116 1320 :
1128 1293 1238 1320 Joannis
1250 1292 1385 1327 Baptistae,
1401 1297 1428 1319 et
1440 1297 1550 1319 cantum
1566 1292 1744 1326 quadraginta

957 1344 1073 1374 quatuor
1086 1339 1199 1365 millium
1213 1346 1221 1370 ;
1244 1338 1413 1365 dominorum
1436 1342 1590 1363 nostrorum
1607 1335 1744 1370 apostolo-

958 1393 1028 1416 rum,
1050 1390 1077 1412 et
1097 1384 1175 1419 primi
1203 1384 1374 1410 diacouorum
1405 1382 1556 1417 Stephani:
1577 1388 1604 1409 et
1620 1382 1650 1409 ῐ).
1674 1382 1745 1418 regis

959 1431 1079 1465 Georgii,
1095 1431 1176 1457 totius
1189 1431 1264 1457 chori
1285 1435 1444 1464 martyrum,
1466 1434 1492 1456 et
1508 1429 1582 1455 chori
1607 1436 1687 1456 cruce
1707 1429 1745 1454 si-

958 1480 1109 1509 gnatorum,
1133 1475 1248 1508 piorum,
1260 1474 1407 1507 justorum,
1423 1473 1557 1508 virginum
1570 1472 1743 1506 prudentum.

958 1527 986 1548 ct
1003 1529 1159 1556 puerorum.
1179 1520 1334 1547 Benedictio
1358 1519 1445 1555 angeli
1472 1519 1524 1546 dici
1550 1519 1627 1546 istius
1643 1527 1649 1545 :
1666 1518 1746 1545 bette-

959 1569 1041 1595 dictio
1061 1568 1206 1595 Genitricis
1224 1567 1271 1594 Dei
1293 1572 1394 1594 sanctae
1414 1567 1505 1594 Maria:
1525 1571 1645 1601 patronte
1667 1567 1746 1593 istius

955 1613 1086 1644 ecclesiae,
1109 1617 1136 1639 et
1155 1613 1234 1646 hujus
1259 1612 1310 1639 dici
1326 1620 1380 1646 quo
1400 1611 1458 1646 ejus
1480 1612 1608 1638 memoria
1624 1611 1745 1639 celebra-

956 1664 999 1686 tur
1015 1667 1022 1686 :
1037 1659 1239 1686 benedictioncs
1255 1666 1347 1685 eortun
1366 1663 1476 1690 sanctae,
1493 1658 1598 1693 gratim,
1620 1658 1744 1687 virtutes.

957 1705 1037 1736 dona,
1054 1704 1164 1736 auxilia,
1182 1704 1309 1737 patientia
1323 1709 1348 1731 et
1372 1704 1490 1731 Charitas
1504 1711 1608 1736 eorum,
1625 1704 1680 1731 sint
1697 1712 1745 1730 no-

958 1749 1062 1776 biscum
1082 1757 1167 1784 usque
1187 1749 1213 1776 in
1231 1749 1368 1776 Steculum.
1381 1750 1478 1777 Amen.

1115 1793 1173 1820 Alia
1194 1794 1278 1820 oratio
1298 1795 1445 1828 gratiarum
1461 1794 1585 1821 actionis.

990 1849 1097 1877 Gratias
1115 1849 1220 1884 agimus
1237 1849 1296 1881 tibi,
1315 1849 1395 1877 Pater
1410 1855 1503 1877 noster
1515 1854 1609 1877 sancte
1621 1850 1746 1882 omnipo-

957 1899 1026 1928 tens,
1041 1896 1131 1922 omnia
1153 1899 1296 1929 praestans,
1315 1898 1422 1922 Creator
1434 1894 1567 1927 omnium,
1586 1895 1631 1929 qui
1648 1895 1746 1923 dedisti

960 1950 1046 1977 tiones
1071 1950 1255 1978 interveniunt
1280 1959 1286 1976 :
1318 1955 1429 1984 postea,
1457 1949 1538 1977 Pater
1558 1956 1664 1978 noster:
1690 1955 1746 1978 tum

958 1987 1045 2012 oratio
1059 1985 1254 2013 absolutionis:
1276 1985 1327 2011 alia
1342 1985 1524 2012 iuclinationis
1539 1993 1545 2011 :
1570 1985 1669 2012 Sancta
1682 1994 1747 2013 san-

957 2021 1016 2051 clis,
1043 2029 1103 2047 cum
1130 2022 1162 2054 τῇ
1179 2020 1245 2056 ἁγίᾳ
1271 2019 1394 2056 ὑιξιὼςιέιζ
1410 2028 1456 2047 seu
1480 2020 1629 2047 clevalioue
1653 2028 1746 2047 sacra-

957 2055 1051 2087 menti,
1068 2056 1175 2081 taudem
1193 2054 1357 2082 connumtio.
1373 2054 1474 2081 Tamen
1493 2063 1525 2081 ex
1541 2055 1664 2082 oratione
1686 2063 1747 2089 quae

955 2091 1079 2117 outttibus
1105 2091 1155 2117 illis
1178 2090 1365 2124 praemittitur,
1392 2091 1455 2124 qttid
1484 2090 1510 2116 iu
1539 2091 1747 2125 participatione

956 2125 1132 2152 Eucharistia:
1154 2126 1244 2151 datum
1269 2125 1429 2151 Christianis
1455 2125 1552 2155 luerit,
1574 2125 1673 2153 docere
1695 2133 1747 2153 nos

957 2160 1011 2186 vult
1032 2160 1195 2191 Salmasius;
1220 2167 1315 2194 nempe
1339 2168 1390 2186 non
1413 2167 1473 2194 qute
1497 2161 1523 2186 in
1549 2161 1605 2194 ipsa
1624 2161 1746 2187 oratione

956 2195 1156 2226 contineantur,
1180 2195 1226 2221 sed
1242 2203 1300 2229 quae
1317 2195 1343 2221 in
1364 2195 1559 2221 absurdissimo
1579 2201 1746 2222 commenta-

958 2230 997 2255 rio
1017 2238 1023 2256 :
1043 2238 1122 2264 quctu
1139 2229 1195 2256 sola
1215 2229 1344 2264 Liturgia:
1362 2230 1504 2263 dispositio
1527 2229 1634 2257 refellit.
1657 2229 1744 2263 Nam,

957 2270 984 2290 ut
1000 2266 1088 2292 omnia
1104 2265 1162 2298 ejus
1176 2269 1284 2298 peccata
1299 2273 1352 2292 uno
1368 2266 1464 2291 intuitu
1477 2270 1639 2299 appareant.
1654 2266 1743 2292 oratio

956 2307 1036 2333 quam
1052 2300 1133 2332 citat,
1160 2308 1212 2326 non
1235 2300 1333 2326 dicitur
1357 2305 1414 2333 post
1437 2300 1672 2332 communionem,
1697 2300 1745 2327 sed

956 2335 1039 2361 multo
1056 2336 1141 2368 prius.
1161 2335 1294 2361 Sacerdos
1313 2343 1364 2361 non
1380 2336 1506 2370 popultttu
1523 2335 1679 2369 alloquitur,
1696 2335 1743 2362 sed

957 2370 1039 2396 Deutu
1053 2377 1060 2396 :
1080 2370 1145 2396 nihil
1159 2370 1223 2396 dicit
1238 2378 1330 2396 eorum
1352 2377 1412 2404 quac
1430 2370 1578 2396 Salmasius
1593 2371 1718 2404 supponit
1734 2379 1742 2397 :

956 2405 1061 2432 tandem
1084 2406 1170 2432 oratio
1188 2404 1356 2431 cotifcssioue
1373 2405 1534 2438 explicatur,
1552 2405 1585 2431 de
1608 2413 1661 2438 qua
1683 2412 1745 2431 ver-

957 2440 1019 2466 bum
1036 2440 1080 2466 ille
1098 2448 1148 2466 non
1166 2440 1238 2470 fecit,
1259 2448 1308 2466 nec
1323 2440 1488 2469 Albertiuus,
1509 2447 1557 2466 nec
1576 2440 1632 2469 alii,
1649 2447 1744 2473 quatu-

953 2475 994 2501 vis
1008 2481 1127 2502 exstaret
1142 2475 1168 2501 in
1191 2475 1313 2501 versione
1332 2474 1425 2501 Latina
1447 2475 1545 2509 sa-pius
1560 2475 1649 2505 edita,
1664 2479 1692 2500 ut
1717 2475 1742 2501 iu

953 2509 1062 2537 Canone
1083 2510 1204 2544 generali
1229 2508 1401 2544 IEthiopum.
1421 2509 1472 2541 Qui
1487 2508 1587 2536 ’credit
1615 2517 1674 2543 qua:
1700 2509 1743 2535 illa

953 2543 1124 2572 confessione
1151 2545 1334 2574 cuutinentur,
1359 2551 1374 2570 a
1406 2545 1579 2571 Salmasiaua
1607 2543 1741 2578 theologia

954 2580 1150 2606 remotissimus
1161 2585 1202 2606 est
1215 2588 1222 2606 :
1238 2585 1266 2605 at
1278 2579 1314 2605 ita
1329 2578 1452 2612 Coptitas
1465 2579 1576 2606 credere
1587 2579 1632 2612 qui
1650 2584 1739 2612 neget,

953 2614 1019 2641 illttd
1036 2615 1131 2641 saltem
1147 2622 1245 2649 negare
1259 2621 1314 2640 non
1329 2614 1428 2648 poterit
1441 2614 1530 2640 verbis
1543 2614 1739 2648 signiticautio-

954 2650 1027 2676 ribtts
1043 2650 1183 2682 minusque
1194 2649 1329 2683 ambiguis
1342 2650 1420 2675 tidem
1439 2649 1519 2675 realis
1538 2649 1741 2675 tranSmutatio-

954 2685 995 2711 nis
1017 2684 1144 2718 explicari
1162 2692 1214 2710 non
1231 2691 1311 2717 posse
1323 2704 1329 2712 .
1346 2685 1414 2710 adeo
1427 2688 1457 2709 ut.
1479 2683 1598 2711 Ecclesia
1618 2683 1738 2709 Ilmnnna

953 2719 979 2745 in
998 2719 1165 2753 professione
1183 2720 1242 2746 lidei
1257 2724 1315 2752 post
1328 2718 1514 2745 Tridentiuum
1531 2719 1675 2745 concilium
1691 2725 1740 2751 pu-

952 2753 1061 2786 blicata,
1075 2761 1127 2781 nou
1145 2755 1230 2787 magis
1248 2754 1389 2787 perspicue
1411 2754 1444 2780 de
1460 2753 1628 2780 Eucharistia
1644 2753 1740 2787 loquar--

953 2794 996 2816 tur
1010 2797 1089 2822 quant
1107 2789 1157 2816 ista
1172 2794 1234 2814 aute
1250 2789 1473 2822 commuttionem
1484 2787 1631 2814 confessio.

987 2820 1044 2864 Si?)
1065 2823 1160 2864 Ἀγεον
1173 2823 1273 2864 sititet
1288 2822 1367 2864 σῷμςξ
1381 2823 1434 2864 κέν..
1445 2820 1515 2864 αἷμα
1533 2822 1660 2864 ςιξιηρινὺν
1687 2822 1738 2858 Ἰη-
1767 2843 1773 2848 .

953 2859 999 2886 σοῦ
1017 2857 1134 2896 Χριστοῦ
1148 2858 1194 2885 τοῦ
1204 2857 1274 2886 Υἰοῦ
1286 2858 1333 2885 τοῦ
1346 2858 1414 2885 Θεοῦ
1424 2859 1440 2894 ἡ
1445 2857 1513 2893 μῶν.
1534 2857 1632 2893 Ἂμήν.
