2027 3135
266 171 319 199 699

743 167 906 197 LlTURGlA
926 166 956 194 S.
975 163 1142 193 GltEGORll
1161 164 1415 193 ALEXANDNNA.

1830 166 1878 193 700

267 230 345 258 nobis
355 229 427 256 hunc
438 228 526 256 cibum
541 232 675 260 sanctum,
692 227 880 259 immortalem,
890 226 1049 261 mysticum;
1066 227 1088 255 Α
1103 224 1130 251 in
1146 224 1233 255 nobis,
1250 227 1279 249 ut
1297 230 1356 256 non_
1367 222 1402 249 sit
1417 221 1493 248 nobis
1509 220 1542 248 ad
1556 220 1817 255 condemnationem,
1835 223 1880 250 sed

267 276 312 311 qui
333 275 462 309 aperuisti
479 274 554 301 nobis
568 274 637 300 viam
657 273 728 304 vitae.
745 273 791 307 qui
809 271 952 299 OslelldiSli
973 271 1051 298 nobis

1105 270 1140 296 sil.
1158 270 1274 303 requies,
1292 268 1386 303 gloria,
1405 267 1548 302 acquisitio
1560 267 1631 298 vitm,
1645 267 1814 294 conlirmatio
1825 268 1881 294 ani-

268 321 392 348 semitam
406 326 459 354 qua
474 319 682 346 ascenderemus
696 317 730 344 ad
743 317 852 349 caelum,
870 318 915 351 qui
939 316 1050 351 largitus
1099 323 1149 342 mre
1157 319 1184 342 et
1194 315 1295 348 puritas
1308 314 1424 348 corpori,
1437 318 1465 340 ut
1480 313 1599 339 vivamus
1609 312 1635 339 in
1647 317 1684 345 te,
1695 317 1721 339 et
1737 311 1882 346 adimplea-

268 375 298 393 es
313 366 399 394 servis
421 365 472 392 tuis
488 363 685 391 multitudinem
706 364 836 391 bonorum
853 372 859 390 :
882 368 921 395 tu,
939 362 1050 389 Domine

269 413 340 440 bone
364 416 468 439 amator
486 411 634 443 hominum,
652 417 782 438 conserva
805 409 919 445 gratiam
934 409 997 436 doni
1013 408 1050 435 tui

1103 359 1305 394 mnsjustitiam
1320 359 1391 386 omni
1410 365 1529 393 tempore
1543 367 1550 384 :
1562 363 1591 384 ut
1605 358 1769 393 gloriﬁcelur
1787 366 1882 385 nomen

1104 413 1178 436 tuum
1206 409 1232 435 in
1255 408 1343 439 nobis,
1363 411 1390 435 et
1412 407 1458 434 tibi
1480 406 1593 434 debetur
1608 406 1702 438 honor,
1719 405 1816 440 gloria,
1831 410 1883 432 etc.

286 490 1886 514 tam

525 559 911 626 LITURGIA
941 558 1224 624 SANCTI
1254 559 1631 624 GREGORII

895 665 1269 706 ALEXANDRINA.

683 729 831 761 (Ηιιυσυοτ,
845 728 962 763 ιὸιυνθίω
973 729 1076 760 ονίιηι..
1088 731 1129 756 ed.
1143 731 1167 762 2,
1179 731 1291 756 Fraucol'.
1305 730 1373 760 ιειτ,
1389 737 1413 761 p.
1426 729 1476 761 85.)

310 813 470 854 Hancncum
487 813 618 841 Basiliana
639 821 813 854 repraesentat
840 817 922 854 codex
949 817 1061 854 Regius
1073 815 1311 854 amco-Ampium
1328 825 1336 843 :
1353 816 1386 843 de
1404 823 1489 854 eaque
1514 816 1583 843 idem
1606 816 1747 854 dicentium
1760 819 1805 854 est
1819 814 1889 854 quod

275 848 460 886 deli-asinaria
479 856 625 886 ainaanam
654 850 757 886 sciliCet
785 859 846 878 es~e
873 852 944 879 illius
964 848 1023 879 cum
1043 852 1154 886 Coptica
1183 851 1408 882 conformilatem,
1436 848 1502 879 adeo
1530 855 1559 878 ut
1576 859 1628 878 una
1649 856 1676 878 et
1689 852 1784 877 eadem
1798 848 1889 886 haberi

274 884 367 921 tlelieat
385 892 392 910 :
407 892 466 910 cum
483 884 623 910 diversitas
637 884 671 912 sit
687 885 711 911 in
729 885 780 912 illis
795 886 859 913 solis
887 887 1062 920 Orationibus,
1084 884 1144 919 qua:
1169 885 1201 912 ad
1230 894 1335 913 sacram
1352 887 1491 914 Actionem
1522 894 1570 914 seu
1585 886 1758 921 Anaphoram
1783 885 1891 920 proprie

274 918 372 945 dictam
391 926 442 945 non
455 923 596 953 spectant:
613 924 641 946 ut
655 924 717 946 sunt
736 922 945 956 praeparatoriag,
961 918 1109 957 gratiarum
1123 921 1238 948 actionis
1265 928 1293 948 et
1309 921 1369 948 aliae
1383 921 1526 948 nonnullae.

274 1007 410 1036 DIVINA
430 1007 748 1055 LITURGIIdnSIAPIY‘Q‘TIVI
768 1010 901 1040 PATRIS
917 1008 1054 1041 NOSTRI

1138 1015 1165 1040 ιι
1192 1011 1871 1055 0E1:.¢§£Cors£enta€n§mnm

572 1044 758 1074 GREGORII.

311 1121 361 1154 Qui
377 1122 489 1148 visitasti
505 1129 553 1149 nos
569 1122 594 1148 in
611 1123 798 1152 misericordia
816 1129 844 1153 et
869 1125 1055 1154 miserationi-

275 1165 326 1192 bus
341 1166 408 1200 (l8),
426 1166 584 1193 Dominator
600 1167 712 1195 Domine
731 1168 794 1196 Jesu
811 1169 929 1204 Christe,
945 1176 972 1199 et
991 1180 1057 1200 con-

276 1212 379 1238 cessisti
407 1212 532 1239 ﬁduciam
561 1214 639 1240 nobis
669 1214 802 1250 abiectis,
830 1211 1016 1252 peccatoribus
1031 1223 1059 1246 et

276 1256 392 1291 indignis
420 1258 505 1285 servis
519 1258 570 1285 tuis
583 1278 591 1290 ,
618 1260 721 1287 astandi
746 1267 839 1289 sancto
856 1263 934 1290 altari
959 1269 1014 1296 tuo,
1031 1270 1059 1292 et

276 1301 404 1329 olferendi
418 1303 464 1330 tibi
483 1304 629 1331 timendum
647 1311 673 1331 ct
688 1307 858 1333 incruentum
884 1308 1058 1342 sacriﬁcium,

276 1355 326 1382 pro
338 1349 453 1381 peccatis
465 1349 564 1376 nostris
579 1355 604 1376 et
620 1350 709 1384 populi
724 1351 761 1377 tui
781 1352 942 1386 ignorantiis
956 1362 962 1379 :
978 1359 1006 1381 ut
1024 1355 1059 1382 sit

276 1393 310 1419 ad
327 1394 514 1421 remissionem
525 1400 552 1421 et
566 1396 685 1429 requiem
700 1403 791 1423 eorum
817 1399 862 1432 qui
878 1399 980 1433 pridem
997 1402 1060 1427 dor-

277 1438 405 1470 mierunt,
420 1444 524 1472 patrum
538 1444 565 1466 et
580 1439 693 1467 fratrum
706 1447 873 1476 nostrorum,
897 1449 924 1471 et
948 1445 981 1471 ad
995 1454 1060 1473 con-

277 1483 456 1511 ﬁrmationem
484 1484 572 1511 omnis
600 1486 689 1520 populi
721 1487 769 1513 tui.
795 1487 909 1522 Respice
923 1497 1003 1523 super
1016 1499 1060 1519 me

277 1529 398 1556 inutilem
415 1537 523 1556 servum
541 1536 628 1564 tuum,
647 1537 674 1559 et
691 1533 750 1560 dele
775 1534 892 1562 oﬂ'ensas
916 1544 998 1569 meas,
1014 1544 1060 1570 per

280 1575 472 1609 benignitatem
488 1582 558 1602 tuam
572 1586 578 1603 :
595 1583 622 1604 et
636 1579 734 1605 munda
753 1580 823 1606 labia
848 1590 905 1608 mea
921 1587 947 1609 et
963 1591 1010 1610 cor
1026 1585 1060 1611 ab

277 1621 349 1646 omni
369 1621 447 1647 sorde
460 1622 551 1648 carnis
565 1627 592 1649 et
607 1622 732 1656 spiritus;
749 1633 856 1652 remove
870 1635 976 1660 quoque
990 1635 1002 1654 a
1018 1636 1060 1655 me

277 1673 384 1692 omnem
402 1667 588 1700 cogitationem
607 1672 711 1703 turpem
726 1674 752 1696 et
764 1670 971 1706 imprudentem,
983 1678 1009 1700 et
1019 1674 1060 1701 lac

278 1719 322 1738 me
337 1713 516 1747 dignum,per
544 1714 670 1741 virtutem
687 1716 772 1742 sancti
798 1718 836 1744 tui
861 1717 990 1752 Spiritus.
1011 1721 1061 1747 hoc

278 1758 441 1786 ministerio.
464 1760 576 1795 Suscipe
592 1761 675 1788 etiam
689 1770 731 1789 me
750 1770 798 1797 per
813 1764 960 1792 bonitatem
976 1771 1060 1799 tuam,

278 1805 341 1832 dum
354 1807 452 1833 accedo
467 1807 500 1833 ad
514 1808 597 1833 altare
610 1813 734 1835 sanctum
749 1814 836 1842 tuum,
853 1816 881 1838 et
895 1811 1006 1846 dignare
1033 1817 1062 1840 ut

279 1857 389 1888 accepta
406 1853 473 1880 ﬁant
486 1855 556 1881 dona
573 1863 632 1890 qua:
648 1855 693 1882 tibi
704 1863 765 1882 mox
780 1856 917 1884 olTerenda
933 1863 1005 1891 sunt,
1015 1866 1062 1893 per

280 1907 375 1926 manus
392 1905 508 1931 nostras,
525 1902 692 1935 compaliens
714 1901 917 1929 inlirmitalihus
943 1904 1060 1931 nostris:

279 1952 305 1972 et
319 1954 353 1972 nc
365 1946 471 1981 rejicias
486 1956 528 1974 me
543 1957 557 1974 ιι
576 1948 642 1974 facie
658 1954 712 1981 tua,
740 1956 828 1982 neque
846 1948 1011 1976 abomineris
1021 1950 1062 1976 in-

279 1992 435 2026 dignitatem
450 2000 555 2019 meam:
572 2001 664 2020 verum
690 1993 818 2020 miserere
840 1994 903 2026 mei,
922 1994 1002 2027 Deus,
1020 2002 1063 2022 se-

279 2038 395 2062 cundum
417 2045 538 2072 magnam
549 2038 759 2065 misericordiam
773 2043 856 2071 tuam,
871 2043 898 2066 ct
914 2040 1061 2067 secundum

280 2083 479 2110 multitudinem
499 2084 704 2111 miscrationum
728 2090 847 2118 tuarum,
867 2086 1064 2121 deleiniquita-

281 2134 332 2156 tem
352 2137 457 2157 meam:
477 2136 532 2157 uta
556 2131 729 2158 damnatione
751 2132 878 2159 immunis
894 2152 901 2166 ,
932 2133 1062 2160 accedens

279 2182 370 2201 coram
385 2175 468 2210 gloria
488 2175 647 2211 tua,dignus
657 2175 757 2203 elﬁciar
781 2177 949 2210 protectione
961 2183 1015 2209 tua,
1035 2181 1062 2203 et

280 2220 476 2248 illuminatione
490 2222 576 2248 sancti
602 2222 639 2248 tui
665 2222 804 2256 Spiritus:
824 2230 910 2257 neque
926 2227 954 2249 ut
969 2230 1062 2250 servus

280 2267 383 2300 peccati
401 2267 531 2300 reprobus
541 2266 668 2294 eiliciar:
681 2267 727 2294 sed
747 2273 776 2294 ut
789 2276 884 2295 servus
899 2269 944 2303 qui
963 2269 1062 2296 invenit

280 2313 407 2346 gratiam,
422 2313 864 2340 misericordiametremissioncm
877 2319 1060 2348 peccatorum,

1254 1047 1399 1073 ΠΑΤΡΟΣ
1418 1047 1521 1072 ΗΜοΝ
1537 1047 1562 1072 Γ
1563 1047 1760 1073 ΡΗΓΟΡΙΟΥ.

1151 1126 1179 1152 Ὀ
1200 1125 1418 1160 ἐπισκεψάμενος
1439 1125 1512 1160 ἡμᾶς
1534 1125 1562 1151 ὲν
1579 1124 1647 1151 ἐλέει
1669 1124 1716 1151 καὶ
1731 1125 1892 1160 οἰκτιρμοῖς,

1108 1173 1230 1199 Δέσποτα
1255 1171 1343 1206 Κύριε
1388 1171 1475 1205 Ἰησοῦ
1500 1171 1611 1206 Χριστὲ,
1637 1170 1685 1197 καὶ
1712 1171 1895 1206 χαρισάμενος

1109 1219 1173 1254 ἡμῖν
1195 1216 1360 1252 παρρησίαν,
1387 1218 1443 1248 τοῖς
1468 1217 1604 1248 ταπεινοῖς
1632 1217 1679 1243 καὶ
1705 1216 1895 1251 ἁμαρτωλοῖς,

1109 1263 1156 1289 καὶ
1176 1261 1296 1293 ἀναξίοις
1312 1260 1416 1292 δούλοις
1429 1269 1487 1292 σου,
1509 1261 1682 1297 παραστῆναι
1704 1261 1743 1295 τῷ
1761 1262 1832 1295 ἁγίῳ
1850 1270 1896 1288 σου

1110 1307 1304 1343 θυσιαστηρίῳ,
1322 1307 1368 1333 καὶ
1386 1306 1550 1343 προσφέρειν
1571 1315 1612 1333 σοι
1636 1306 1684 1342 τὴν
1703 1307 1824 1342 φοὸερὰν
1846 1307 1893 1333 καὶ

1109 1354 1276 1389 ἀναίμακτον
1292 1353 1398 1384 θυσίαν,
1420 1352 1488 1388 ὑπὲρ
1502 1353 1557 1379 τῶν
1574 1353 1715 1388 ἡμετέρων
1732 1353 1897 1389 ἁμαρτημά-

1109 1409 1172 1431 των,
1195 1399 1242 1425 καὶ
1256 1399 1310 1424 τῶν
1327 1398 1373 1424 τοῦ
1388 1397 1451 1424 λαοῦ
1469 1406 1516 1424 σου
1536 1398 1726 1433 ἀγνοημάτων,
1745 1399 1785 1429 είς
1807 1399 1896 1425 ἄνεσιν

1110 1445 1155 1472 καὶ
1172 1444 1324 1471 ἀνάπαυσιν
1344 1444 1398 1470 τῶν
1414 1443 1652 1479 προκοιμηθέντων
1668 1443 1796 1479 πατέρων
1818 1443 1897 1478 ἡμῶν

1110 1491 1159 1518 καὶ
1178 1490 1311 1524 ἀδελψῶν,
1326 1490 1373 1516 καὶ
1397 1490 1548 1526 στηριγμὺν
1565 1490 1663 1522 παντὸς
1685 1489 1732 1515 τοῦ
1758 1489 1823 1516 λαοῦ
1839 1498 1897 1516 σου.

1118 1536 1276 1570 Ἐπίὸλεψον
1303 1537 1342 1567 εἰς
1370 1535 1420 1570 ἐμὲ
1444 1534 1490 1561 τὸν
1518 1535 1625 1570 ἀχρεῖον
1653 1534 1746 1561 δοῦλόν
1774 1543 1833 1566 σου,
1851 1535 1899 1561 καὶ

1110 1582 1249 1616 ὲξάλειῴόν
1274 1590 1323 1616 μου
1342 1581 1376 1606 τὰ
1400 1580 1622 1616 παραπτώματα,
1645 1579 1689 1607 διὰ
1712 1580 1762 1615 τὴν
1788 1581 1838 1616 σὴν
1856 1581 1901 1606 εὐ-

1113 1627 1294 1662 σπλαγχνίαν·
1323 1626 1370 1652 καὶ
1396 1626 1542 1661 καθάρισόν
1562 1635 1612 1660 μου
1635 1625 1668 1652 τὰ
1684 1625 1761 1660 χείλη
1779 1626 1826 1652 καὶ
1851 1627 1900 1660 τὴν

1111 1672 1221 1707 καρδίαν
1239 1671 1291 1697 ἀπὸ
1311 1670 1410 1702 παντὸς
1425 1669 1563 1705 μολυσμοῦ
1583 1670 1682 1704 σαρκός
1698 1678 1728 1696 τε
1750 1670 1798 1696 καὶ
1816 1669 1899 1696 πνεύ-

1113 1726 1212 1753 ματος·
1237 1717 1285 1744 καὶ
1307 1716 1461 1751 ἀπόστησον
1485 1716 1531 1742 ἀπ’
1563 1716 1629 1751 ἐμοῦ
1655 1716 1743 1742 πάντα
1770 1715 1900 1751 λογισμον

1111 1764 1222 1800 αἰσχρόν
1238 1772 1267 1789 τε
1282 1763 1329 1789 καὶ
1349 1762 1492 1788 ἀσύνετον·
1515 1762 1561 1788 καὶ
1588 1761 1698 1795 ἀγίασόν
1721 1770 1755 1797 με
1774 1764 1808 1797 τῇ
1824 1762 1899 1789 δυνὰ-

1114 1819 1158 1846 μει
1175 1809 1220 1836 τοῦ
1236 1810 1313 1843 ἁγίου
1340 1817 1386 1835 σου
1415 1809 1573 1843 Πνεύματος
1597 1809 1636 1840 εἰς
1655 1808 1704 1844 τὴν
1730 1809 1901 1845 λειτουργίαν

1111 1855 1223 1890 ταύτην,
1237 1856 1285 1881 καὶ
1306 1854 1449 1890 προσδεξαί
1467 1863 1500 1889 με
1525 1853 1579 1881 διὰ
1594 1855 1643 1890 τὴν
1669 1855 1718 1890 σὴν
1734 1855 1900 1890 ἀγαθὸτητα.

1113 1901 1327 1937 προσεγγίζοντα
1343 1900 1381 1935 τῷ
1400 1900 1470 1935 ἁγίῳ
1496 1909 1542 1926 σου
1569 1900 1769 1935 θυσιαστηρίῳ·
1789 1901 1837 1927 καὶ
1858 1901 1901 1926 εὐ-

1112 1947 1235 1982 δόκησον,
1253 1947 1351 1981 Κύριε,
1373 1945 1454 1972 δεκτὰ
1471 1945 1596 1979 γενέσθαι
1611 1946 1644 1971 τὰ
1663 1945 1793 1980 μέλλοντα
1818 1954 1902 1981 προσ-

1112 1993 1234 2028 αγόμενά
1253 2001 1293 2019 σοι
1307 1992 1390 2028 δῶρα,
1399 1992 1443 2018 διὰ
1456 1991 1509 2018 τῶν
1523 1991 1664 2027 ἡμετέρων
1680 1992 1790 2027 χειρῶν,
1803 2000 1902 2025 συγκα-

1112 2039 1248 2072 ταϐᾳίνων
1264 2039 1322 2069 ταῖς
1336 2039 1415 2073 ἐμαῖς
1432 2037 1600 2069 ἀσθενείαις·
1623 2038 1670 2064 καὶ
1692 2038 1729 2074 μὴ
1745 2038 1900 2073 ἀπορῥίψῃς

1114 2094 1147 2119 με
1174 2085 1227 2111 ἀπὸ
1249 2083 1294 2110 τοῦ
1320 2083 1465 2119 προσώπου
1493 2091 1556 2109 σου”
1575 2088 1612 2118 μη
1632 2082 1761 2118 βδελύξῃς
1784 2091 1829 2117 με,
1853 2084 1900 2118 τὴν

1113 2131 1181 2166 ἐμὴν
1196 2130 1368 2165 ἀναξιότητα,
1384 2130 1442 2156 ἀλλ’
1456 2129 1565 2164 ἐλέησόν
1582 2138 1625 2164 με,
1648 2131 1662 2156 ὁ
1677 2129 1758 2161 Θεὸς,
1780 2130 1852 2156 κατὰ
1871 2130 1900 2156 τὸ

1115 2177 1185 2211 μέγα
1199 2176 1272 2208 ἔλεός
1289 2184 1347 2207 σου,
1361 2176 1408 2202 καὶ
1425 2174 1495 2202 κατὰ
1511 2175 1541 2201 τὺ
1557 2175 1659 2210 πλῆθος
1677 2174 1732 2201 τῶν
1752 2175 1901 2209 οἰκτιρμῶν

1113 2231 1159 2248 σου
1183 2222 1322 2255 ἑξάλειψον
1344 2222 1374 2248 τὸ
1399 2221 1528 2257 ἀνόμημά
1558 2230 1618 2255 μου,
1642 2221 1684 2247 ἵνα
1710 2221 1900 2256 ἀκατακρίτως

1113 2266 1267 2303 προσελθὼν
1295 2267 1461 2294 κατενώπιον
1478 2267 1527 2302 τῆς
1552 2266 1631 2302 δόξης
1659 2275 1716 2298 σου,
1741 2266 1901 2298 καταξιωθῶ

1112 2314 1161 2349 τῆς
1185 2313 1288 2348 σκέπης
1312 2321 1369 2344 σου,
1391 2313 1438 2339 καὶ
1457 2314 1505 2348 τῆς
1527 2312 1686 2357 έλλέιμψεως
1705 2312 1751 2338 τοῦ
1767 2313 1900 2346 παναγίου

280 2364 308 2385 et
323 2365 394 2385 nunc
403 2362 430 2385 et
446 2358 472 2384 in
501 2358 591 2384 futuro
616 2358 724 2385 smculo.
745 2358 783 2385 ita
806 2359 962 2386 Dominator
975 2360 1061 2386 omni-

1114 2367 1160 2384 σου
1182 2358 1355 2394 Πνεύματος·
1377 2358 1425 2385 καὶ
1450 2359 1487 2394 μὴ
1511 2359 1548 2390 ὡς
1569 2358 1661 2390 δοῦλος
1677 2359 1817 2393 ἁμαρτίας
1836 2359 1902 2384 ἁπο-

280 2409 389 2438 potens,
408 2403 522 2430 Domine
543 2403 590 2438 qui
605 2408 681 2437 potes
706 2404 806 2436 omnia,
819 2405 916 2431 exaudi
932 2404 1062 2438 depreca-

281 2450 381 2476 tionem
399 2457 497 2476 meam.
520 2449 560 2476 Tn
587 2450 658 2476 enim
674 2456 703 2476 cs
726 2449 771 2483 qui
789 2449 879 2476 omnia
900 2450 1021 2484 operaris
1034 2450 1062 2478 in

280 2497 406 2524 omnibus
419 2505 426 2522 :
439 2503 615 2530 omnesquea
645 2500 670 2522 te
689 2500 764 2522 tuum
793 2495 820 2522 in
842 2496 968 2523 omnibus
985 2495 1062 2522 auxi-

280 2543 345 2569 lium
360 2543 533 2576 requirimus,
565 2546 592 2568 et
608 2540 793 2568 defensionem
807 2561 814 2574 ,
839 2542 902 2576 quia
930 2541 1063 2575 benignus

281 2596 311 2614 es
325 2595 388 2622 erga
404 2587 525 2614 homines
542 2592 570 2614 et
585 2586 761 2622 glorilicatus,
789 2585 852 2613 Jesn
876 2586 945 2613 Deus
958 2591 1062 2618 noster,

281 2641 343 2660 cum
359 2633 438 2660 Patre
452 2638 497 2660 tuo
516 2633 585 2660 initii
599 2638 719 2667 experte,
733 2636 759 2659 et
774 2637 868 2659 sancto
886 2637 930 2658 tuo
949 2632 1063 2666 Spiritu,

281 2688 354 2707 nunc
368 2686 395 2706 et
407 2686 525 2714 semper.

281 2777 335 2805 ἀεί.

319 2858 374 2892 (18)
390 2858 452 2885 Haec
465 2857 551 2892 oratio
566 2865 617 2884 non
635 2858 731 2892 legitur
750 2858 775 2884 in
791 2858 909 2891 (lopticis
930 2858 1067 2890 exenipla-

284 2891 369 2927 tibus,
386 2900 473 2928 neque
488 2893 514 2920 in
526 2891 620 2922 Graeco
637 2891 752 2920 Arabico
764 2892 1064 2920 titulumullumhabct:

1116 2404 1225 2439 δόκιμος
1248 2404 1380 2439 γένωμαι,
1397 2404 1504 2436 ἀλλ’ὡς
1531 2403 1638 2437 δοῦλος,
1663 2404 1693 2435 ὃς
1717 2403 1806 2438 εὖρωδι
1823 2404 1900 2438 χάριν

1117 2450 1162 2476 καὶ
1189 2449 1262 2481 ἔλεος
1278 2450 1326 2477 καὶ
1342 2450 1436 2484 ἄφεσιν
1453 2450 1603 2485 ἁμαρτιῶν,
1626 2451 1655 2476 ὲν
1670 2449 1710 2484 τῷ
1736 2449 1784 2476 νῦν
1810 2450 1856 2476 καὶ
1872 2450 1901 2476 ὲν

1115 2495 1154 2530 τῷ
1172 2495 1293 2530 μέλλοντι
1306 2496 1393 2522 αἰῶνι.
1408 2496 1471 2527 Ναὶ,
1484 2496 1604 2523 Δέσποτα
1617 2495 1815 2531 παντοκράτορ,
1832 2504 1900 2522 παν-

1115 2540 1247 2576 τοδύναμε
1267 2542 1363 2577 Κύριε,
1386 2543 1536 2569 ἐπάκουσον
1557 2541 1608 2576 τῆς
1634 2541 1752 2576 δεήσεώς
1780 2550 1841 2576 μου.
1864 2541 1900 2566 Σίι

1115 2586 1169 2621 γὰρ
1182 2585 1206 2612 εἷ
1219 2588 1233 2612 ὁ
1252 2586 1286 2613 τὰ
1303 2587 1390 2614 πάντα
1413 2587 1530 2622 ἐνεργῶν
1545 2588 1574 2613 ὲν
1593 2587 1658 2613 πᾶσι
1671 2595 1677 2601 ·
1696 2587 1743 2613 καὶ
1759 2588 1809 2621 τὴν
1826 2586 1902 2621 παρὰ

1118 2631 1164 2658 σοῦ
1195 2632 1293 2664 πάντες
1328 2632 1511 2667 ἐπιζητοῦμεν
1542 2632 1588 2658 ἐπὶ
1619 2633 1685 2658 πᾶσι
1717 2632 1843 2667 βοήθειάν
1872 2640 1902 2657 τε

1118 2679 1163 2703 καὶ
1185 2677 1326 2713 ἀντίληψιν
1336 2687 1342 2693 ·
1358 2679 1398 2704 ὅτι
1426 2677 1616 2713 φιλάνθρωπος
1630 2676 1664 2709 εἴ,
1683 2679 1730 2704 καὶ
1745 2678 1903 2712 δεδοξασμέ-

281 2737 325 2760 νος
348 2729 494 2764 ὑπάρχεις,
513 2727 600 2763 Ἰησοῦ
620 2729 633 2754 ὁ
650 2727 715 2758 Θεὸς
746 2726 835 2761 ἡμῶν,
854 2726 900 2752 σὺν
935 2725 974 2760 τῷ
992 2726 1101 2760 ἁνέιρχῳ
1123 2734 1168 2752 σου
1192 2726 1296 2762 Ila-.91,
1319 2726 1365 2752 καὶ
1389 2725 1427 2760 τῷ
1453 2725 1521 2760 ἁγίῳ
1548 2733 1593 2751 σου
1617 2725 1765 2760 Πνεὺματι,
1791 2726 1839 2752 νῦν
1856 2726 1903 2752 καὶ

1116 2854 1232 2881 occurrit
1242 2858 1330 2879 autem
1340 2853 1364 2878 in
1381 2851 1499 2886 Liturgia
1514 2850 1709 2881 sanctiJacobi,
1724 2850 1797 2878 unde
1810 2854 1901 2878 notam

1119 2890 1190 2917 illam
1213 2894 1267 2916 toto
1285 2888 1395 2915 Urientc
1411 2886 1494 2915 fuisse
1511 2886 1680 2914 manifestum
1696 2891 1750 2913 est.
