2027 3135
139 181 190 211 701

496 280 576 313 ρίου.

173 323 297 351 Δέσποτα
314 324 401 360 Κύριε
421 325 508 360 Ἰησοῦ
522 326 632 361 Χριστὲ,
649 327 741 360 ὁΘεὺς
758 328 846 363 ἡμῶν,
862 329 876 355 ο
890 328 933 356 διὰ

138 369 188 405 τῆς
203 369 393 405 σωτηριώδους
410 371 560 407 παρουσίας
579 381 625 399 σου
646 374 692 399 καὶ
707 376 757 409 τῆς
773 374 933 410 ὲλλάμψεως

138 414 186 442 τοῦ
205 416 342 450 παναγίου
356 425 402 443 σου
416 417 575 452 Πνεύματος
589 418 760 452 καταξιώσας
781 421 855 456 ἡμᾶς
869 422 933 453 τοὺς

138 462 284 494 ταπεινοὺς
300 462 349 488 καὶ
363 463 544 499 ἁμαρτωλοὺς
557 465 605 491 καὶ
617 465 745 498 ἀναξίους
759 466 870 498 δούλους
885 475 932 494 σου

138 508 313 543 παραστῆναι
330 508 370 544 τῷ
395 509 465 545 ἁγίῳ
484 518 532 536 σου
557 511 753 547 θυσιαστηρίῳ,
776 511 823 538 καὶ
844 520 931 548 προσ-

138 553 233 588 φέρειν
252 554 301 581 καὶ
326 553 506 590 λειτουργεῖν,
531 557 588 587 τοῖς
612 556 757 592 ἀχράντοις
773 557 932 593 μυστηρίοις

136 600 188 634 τῆς
210 600 308 635 καινῆς
321 607 369 626 σου
387 600 529 637 διαθήκης.
542 602 629 634 Αὐτὸς
644 602 769 635 ζωοποιὲ,
793 603 840 630 καὶ
864 604 932 637 ἀγα-

138 645 194 672 θῶν
212 646 326 682 χορηγὲ,
340 647 452 682 ποίησον
469 647 528 683 μεθ’
545 647 625 684 ἡμῶν
639 650 752 684 σημεῖον
766 650 806 681 είς
818 649 930 683 ἀγαθὸν,

137 691 184 719 καὶ
202 691 317 724 ἀξίωσον
340 693 414 728 ἡμᾶς
434 694 463 719 ὲν
490 693 605 730 καθαρῷ
635 694 765 722 συνειδότι
784 694 931 731 λατρεῦσαι

137 744 180 762 σοι
211 736 301 768 πάσας
331 736 379 768 τὰς
403 736 510 773 ἡμέρας
536 737 587 772 τῆς
612 737 686 773 ζωῆς
713 738 801 774 ἡμῶν,
829 739 877 765 καὶ
901 739 930 765 ὲν

137 781 266 818 ἁγιασμῷ
294 782 397 818 ταύτην
418 791 458 809 σοι
481 783 531 818 τὴν
555 783 631 810 θείαν
657 784 852 820 προσενέγκειν
874 784 929 811 λει-

135 828 276 864 τουργίαν,
302 830 342 861 εις
367 829 462 862 ἄφεσιν
486 830 638 865 ἁμαρτιῶν,
655 831 702 857 καὶ
725 831 766 863 είς
781 830 930 858 ἀπόλαυσιν

136 874 186 908 τῆς
204 873 355 910 μελλούσης
373 874 584 911 μακαριότητος.
603 875 755 911 Μνήσθητι,
773 875 868 910 ἀγαθὲ,
885 875 930 901 εὑ-

626 185 790 215 LITUBGIA
811 187 839 215 S.
858 187 1024 216 GREGORH
1039 188 1300 218 ALEXANDRINA.

138 241 224 276 Εὐχὴ
235 241 312 277 μετὰ
328 241 385 276 τὴν
403 243 579 281 ἐτοιμαοζίαν
591 246 644 273 τοῦ
664 247 751 281 ἁγίου
769 247 933 280 θυσιαστη-
947 249 971 277 Α

1722 195 1774 223 702

1068 247 1161 274 Oratio
1175 253 1231 282 post
1247 247 1467 282 praeparationem
1485 249 1570 275 sancti
1583 248 1687 277 altaris.

1021 324 1182 352 Dominator
1196 325 1311 353 Domine
1322 324 1387 352 Jesu
1403 325 1513 354 Christe
1529 327 1600 355 Deus
1615 333 1718 361 noster,
1727 329 1772 364 qui

984 377 1033 404 per
1061 370 1208 398 salutarem
1234 371 1379 398 adventum
1396 376 1470 399 tuum
1496 377 1524 400 et
1549 373 1772 403 illuminationem

984 416 1152 444 sanctissimi
1168 417 1288 452 Spiritus
1301 418 1337 445 lui
1354 418 1450 453 dignos
1465 418 1551 446 iecisti
1570 427 1620 447 nos
1636 420 1771 455 abiectos,

982 467 1140 497 peccatores
1154 468 1182 490 et
1193 463 1318 498 indignos
1341 471 1436 492 servos
1465 468 1525 492 tuos
1549 466 1654 493 astandi
1679 472 1774 495 sancto

983 508 1063 536 altari
1079 514 1136 541 tuo.
1150 515 1177 536 et
1188 509 1333 544 oll‘erendi,
1349 510 1616 546 administrandique
1645 513 1772 548 mysteria

983 553 1157 582 immaculata
1184 555 1247 582 novi
1285 555 1324 582 tni
1352 555 1520 583 testamenti.
1545 556 1605 591 Ipse
1627 558 1673 592 qui
1690 558 1772 586 vitam

982 604 1104 634 prastas,
1118 604 1144 627 et
1156 600 1225 628 bona
1239 601 1406 636 suppeditas,
1431 602 1474 629 l'ae
1491 603 1640 633 {nobiscum
1666 605 1773 639 signum

982 644 1008 671 in
1024 644 1123 672 bonum
1137 649 1165 672 et
1181 650 1279 680 praesta
1306 645 1397 678 nobis.
1426 647 1494 674 utin
1516 655 1582 682 pura
1607 649 1772 677 conscientia

981 690 1083 716 cultum
1097 691 1275 719 exhibeamus
1292 691 1338 720 tibi
1352 692 1477 720 omnibus
1485 693 1580 720 diebus
1593 694 1654 721 vita:
1662 699 1772 728 postne.

980 740 1008 762 et
1024 744 1086 763 cum
1101 737 1247 764 sanctitate
1261 737 1383 765 divinant
1411 739 1463 784 ιιρο
1494 738 1541 766 tibi
1563 739 1709 767 nﬂeramus
1723 741 1774 767 mi-

982 781 1137 814 nisterium,
1150 781 1177 809 in
1193 783 1381 810 remissionem
1410 781 1584 818 peccatorum
1610 790 1638 813 et
1662 786 1689 813 in
1707 786 1774 813 l'rui-

981 827 1080 854 tionem
1094 827 1191 855 futura:
1204 828 1389 857 beatitudinis.
1408 829 1554 862 Memento.
1575 830 1664 864 bone,
1692 831 1774 858 bene-

981 873 1042 906 ﬁce,
1058 881 1104 901 rex
1116 875 1277 902 sinculorum
1290 880 1318 902 et
1344 880 1479 903 creatura:
1496 877 1586 904 omnis
1611 877 1714 912 opifex,
1727 887 1774 906 eu-

136 920 255 955 εργέτα,
282 919 394 955 βασιλεῦ
429 921 483 947 τῶν
519 921 634 953 αἰώνων,
660 921 706 948 καὶ
734 921 783 957 τῆς
815 922 929 954 κτίσεως

981 926 1038 945 rum
1057 920 1102 954 qui
1117 920 1283 953 obtulerunt,
1294 925 1321 948 et
1332 929 1380 956 pro
1395 922 1493 956 quibus
1509 923 1665 951 obtulerunt
1680 932 1687 950 :
1707 931 1772 952 nos-

136 965 246 1000 ἁπάσης
266 965 426 1001 δημιουργὲ,
442 966 496 993 τῶν
512 967 763 1002 προσενεγκάντων,
777 967 825 994 καὶ
842 967 876 994 δι’
891 963 928 994 ὦν

136 1011 330 1046 προσήγαγονο
350 1012 396 1038 καὶ
411 1013 485 1048 ἡμᾶς
504 1013 705 1049 ἀκατακρίτους
723 1013 885 1048 διαφύλαξον
899 1013 929 1040 ἐν

134 1060 167 1093 τῇ
189 1058 331 1095 ἱερουργίᾳ
349 1059 403 1086 τῶν
416 1059 494 1086 θείων
508 1068 555 1087 σου
571 1061 742 1096 μυστηρίων·
758 1061 799 1088 ὅτι
813 1061 929 1097 ηὑλόγη-

134 1112 190 1137 ται,
206 1105 254 1131 καὶ.
269 1105 408 1140 ἡγίασται,
423 1106 470 1132 καὶ
490 1106 656 1140 δεδόξασται,
676 1107 707 1134 τὸ
730 1107 864 1143 πάντιμον
881 1107 929 1134 καὶ

137 1150 347 1186 μεγαλοπρεπὲς
370 1151 448 1186 ἅγιον
463 1151 550 1187 ὄνομα
570 1161 628 1184 σου,
655 1153 724 1188 μετὰ
750 1153 797 1180 τοῦ
824 1153 928 1189 Πατρὸς

136 1198 181 1224 καὶ
196 1197 245 1224 τοῦ
262 1198 340 1232 ἁγίου
361 1198 519 1233 Πνεύματος
532 1198 590 1230 νῦν,
606 1199 662 1226 καί.

296 1243 380 1278 εὐχὴ
400 1243 453 1271 τοῦ
467 1245 554 1279 ἁγίου
571 1246 768 1280 Εὐαγγελιόυ.

421 1292 525 1328 Εἰρήνη
547 1293 640 1320 πᾶσιν.

170 1337 296 1364 Δέσποτα
320 1337 406 1374 Κύριε
429 1338 517 1373 Ἰησοῦ
546 1339 647 1374 Χριστὲ
669 1339 683 1366 ὁ
711 1339 777 1372 Θεὸς
800 1339 889 1374 ἡμῶν,
914 1340 927 1366 ὸ

133 1384 189 1415 τοῖς
205 1383 296 1417 ἁγίοις
319 1391 365 1410 σου
387 1383 522 1420 μαθηταῖς
539 1385 586 1411 καὶ
606 1386 688 1420 ἱεροῖς
705 1393 751 1411 σου
771 1385 928 1418 ἀποστόλοις

134 1429 230 1460 εἰπὼν.
251 1430 294 1456 ὅτι
316 1429 426 1456 πολλοὶ
447 1430 597 1464 προφῆται
620 1430 668 1457 καὶ
691 1429 799 1458 δίκαιοι
821 1431 928 1458 ἐπεθύ-

133 1483 237 1510 μησαν
266 1475 340 1502 ἰδεῖν
368 1475 387 1502 d
412 1475 557 1508 βλέπετε,
588 1475 636 1502 καὶ
664 1477 719 1503 οὐκ
749 1474 849 1503 εἶδον·
880 1476 928 1503 καὶ

133 1522 264 1549 ἀκοῦσαι
281 1522 301 1548 ἁ
319 1523 453 1555 ἀκούετε,
471 1523 520 1549 καὶ
536 1523 591 1550 οὐκ
606 1521 760 1556 ἥκουσανο
776 1522 859 1557 ὑμῶν
873 1524 928 1558 γὰρ

132 1568 273 1603 μακάριοι
285 1570 311 1596 al
334 1569 481 1604 ὀφθαλμοὶ
498 1569 543 1596 ὅτι
564 1569 728 1601 βλέπουσι,
749 1570 796 1596 καὶ
814 1571 850 1596 τὰ
869 1568 929 1597 ὦτα

132 1613 227 1648 ὑμῶν,
248 1614 293 1641 ὅτι
319 1615 432 1641 ἀκούει.
459 1615 514 1641 Καὶ
537 1615 771 1650 καταξιωθείημεν
797 1615 859 1651 ἄρτι
881 1615 927 1642 τοῦ

133 1660 250 1688 ἀκοῦσαι
271 1662 318 1688 καὶ
345 1661 456 1696 ποιῆσαι
475 1661 511 1687 τὰ
533 1661 600 1695 ἅγιά
617 1670 664 1688 σου
688 1661 852 1699 Εὐαγγέλιαδ
869 1663 927 1694 ταῖς

133 1705 220 1738 λιταῖς
233 1706 288 1732 τῶν
304 1707 384 1742 ἱερῶν
400 1715 457 1733 σου.

168 1752 366 1787 Μνημὸνευσον
380 1750 436 1783 οὖν.
459 1753 591 1785 Δέσποτα,
611 1753 659 1780 καὶ
673 1753 731 1785 νῦν,
750 1754 858 1780 πάντων
873 1753 928 1780 τῶν

134 1798 333 1833 ἑντειλαμένων
350 1799 416 1833 ἡμῖν
438 1799 575 1831 ἀναξίοις,
601 1799 650 1825 τοῦ
676 1798 854 1834 μνημονεύειν
878 1799 928 1826 αὺ-

134 1844 188 1870 τῶν
210 1845 250 1876 εἰς
269 1844 320 1876 τὰς
338 1845 445 1880 δεήσεις
462 1846 609 1880 ἡμετέρας,
624 1846 671 1873 καὶ
686 1845 734 1877 τὰς
751 1846 883 1881 αἰτήσεις,
896 1845 928 1878 ἂς

135 1890 339 1926 ἀναϐιϐάζομέν
358 1899 409 1922 σοι,
431 1891 516 1927 Κύριε
531 1892 545 1917 ὁ
561 1891 626 1923 Θεὸς
645 1892 734 1927 ἡμῶν.
750 1892 818 1923 Τοὺς
834 1900 930 1927 προτε-

135 1935 343 1970 τελευτηκότας,
359 1936 515 1962 ἀνάπαυσον
531 1935 628 1967 αὐτούς
638 1944 645 1950 ·
669 1936 831 1970 κάμνοντας,
845 1935 930 1971 ἓρῤω-

137 1989 181 2006 σον
196 1979 297 2011 αὐτούς
309 1988 316 1995 '
339 1981 370 2007 σὺ
388 1980 442 2016 γὰρ
461 1978 485 2006 εἷ
499 1979 556 2016 ζωὴ
572 1980 650 2016 ἡμῶν
673 1981 792 2012 πάντων,
814 1980 861 2006 καὶ
877 1989 929 2006 σω-

135 2027 217 2063 τηρία
241 2027 321 2062 ἡμῶν
337 2026 461 2054 πάντων
484 2029 531 2054 καὶ
548 2027 625 2058 ἐλπὶς
645 2027 724 2063 ήμῶν
745 2026 863 2058 πάντων,
881 2027 929 2053 καὶ

136 2073 206 2105 ἴασις
238 2073 318 2108 ἡμῶν
345 2073 463 2105 πάντων,
481 2074 528 2100 καὶ
544 2074 691 2105 ἀνάστασις
709 2072 796 2099 οίκεία
819 2073 928 2099 πάντων

133 2119 228 2153 ἡμῶν·
249 2119 299 2144 καὶ
325 2118 367 2145 σοὶ
392 2120 440 2154 τὴν
465 2119 554 2151 δόξαν,
570 2119 663 2154 τιμὴν,
679 2119 726 2145 καὶ
744 2118 928 2154 προσκύνησιν

133 2165 345 2199 ἁναπέμπομεν,
363 2166 408 2192 σὺν
423 2165 461 2200 τῷ
478 2164 677 2201 παντοκράτορί
705 2172 764 2196 σου,
783 2164 830 2190 καὶ
859 2173 928 2191 παν-

132 2210 255 2245 τεπόπτῃ
273 2210 377 2237 τεκόντι
394 2212 440 2237 καὶ
459 2211 498 2247 τῷ
518 2210 642 2245 παναγίῳ
657 2210 705 2236 καὶ¹
721 2209 866 2245 ζωαρχικῷ
883 2210 929 2237 καὶ

132 2255 271 2291 ὀμοουσίῳ
286 2264 333 2282 σου
354 2256 502 2291 Πνεὺματι,
515 2256 562 2283 νῦν
581 2257 628 2283 καὶ
645 2256 697 2283 ἀεί.

310 2302 395 2336 Εὐχὴ
416 2302 468 2329 τοῦ
483 2303 755 2338 καταπετάσματος.

168 2348 267 2380 Οὐδεὶς
287 2348 362 2381 ἄξιος
389 2349 442 2376 τῶν
471 2349 670 2385 συνδεδεμένων
694 2353 755 2383 ταῖς
785 2354 930 2388 σαρκικαίς

134 2394 296 2430 ἐπιθυμίαις
317 2395 364 2420 καὶ
381 2394 487 2429 ἡδοναῖς
515 2395 726 2432 προσέρχεσθαι,
745 2397 761 2432 ἢ
783 2398 930 2433 προσεγγί-

134 2441 201 2473 ζειν,
219 2441 236 2477 ἤ
253 2441 422 2477 λειτουργεῖν
438 2450 490 2474 σοι,
508 2442 622 2469 Βασιλεῦ
643 2444 692 2479 τῆς
709 2443 799 2480 δόξης.
816 2445 852 2471 Τὸ
875 2445 929 2481 γὰρ

134 2486 270 2513 διακονεῖν
294 2495 347 2519 σοι,
377 2487 447 2522 μέγα
474 2487 521 2513 καὶ
538 2487 664 2524 φοϐερὸν,
686 2489 732 2515 καὶ
757 2490 852 2522 αὐταῖς
869 2491 929 2521 ταῖς

135 2531 313 2568 ὲπουρανίαις
339 2532 486 2567 δυνάμεσιν
517 2533 674 2568 ἀπρόσιτον.
695 2534 763 2561 Ἀλλ’
787 2536 862 2571 ὅμως
886 2536 930 2563 διὰ

135 2578 183 2614 τὴν
205 2578 310 2613 ἄφατον
329 2578 377 2604 καὶ
399 2578 516 2614 ἄμετρόν
540 2587 586 2605 σου
611 2579 826 2616 φιλανθρωπίαν.
849 2581 930 2617 ἀτρέ-

136 2633 222 2656 πτως,
238 2625 287 2651 καὶ
309 2623 458 2656 ἀναλλοίως
472 2624 588 2660 γέγονας
605 2625 758 2662 ἄνθρωπος,
775 2627 822 2654 καὶ
838 2627 930 2663 ἀρχιε-

189 2705 199 2719 ²
217 2704 316 2731 Matth.
330 2711 391 2736 XIII,
412 2703 455 2736 l7,
474 2703 518 2730 16.

173 2783 231 2818 (l9)
252 2782 306 2818 ista
319 2782 408 2818 oratio
423 2790 474 2809 non
487 2787 529 2810 est
543 2782 602 2810 loco
614 2790 664 2810 suo
685 2782 784 2816 posita,
799 2789 861 2809 cum
874 2790 926 2810 non

137 2819 245 2847 dicatur
257 2817 453 2853 Evangelium,
467 2823 530 2844 ante
547 2825 607 2845 eam
633 2825 692 2853 quas
708 2825 768 2844 mox
783 2818 924 2852 sequitur:

138 2861 226 2888 neque
242 2853 388 2880 intermitti
416 2852 494 2885 solet,
509 2857 538 2879 ut
566 2852 837 2880 commemorationes
849 2853 924 2880 ﬂant.

135 2887 230 2924 Itaque
244 2888 366 2924 secunda
380 2887 456 2924 istius
473 2895 535 2924 pars
549 2888 582 2915 ad
602 2889 714 2924 primam
733 2895 784 2916 non
798 2889 922 2923 pertinet,

136 2931 162 2952 et
179 2923 213 2953 ab
231 2932 263 2952 ea
278 2927 323 2951 est
337 2923 524 2957 distinguenda

980 971 1033 998 que
1065 965 1238 993 indemnatos
1254 974 1387 994 conserva
1400 967 1427 994 in
1440 969 1648 997 consecratione
1666 969 1771 997 divino-

980 1018 1040 1038 rum
1054 1012 1250 1047 mysteriorum
1266 1022 1273 1039 :
1288 1013 1416 1047 quoniam
1431 1013 1606 1041 benedictum
1627 1019 1680 1048 est,
1708 1022 1772 1042 san-

979 1057 1126 1085 ctiﬁcatum
1145 1063 1172 1086 et
1186 1059 1379 1094 gloriﬁcatum,
1396 1059 1623 1094 gloriosissimum
1636 1080 1644 1093 ,
1671 1065 1698 1088 et
1713 1069 1770 1088 ma-

979 1103 1106 1138 gniﬁcum
1120 1110 1245 1132 sanciunt
1277 1112 1376 1132 nomen
1392 1111 1478 1140 tuum,
1496 1106 1631 1142 simulque
1645 1106 1734 1135 Patris
1745 1110 1773 1135 et

979 1148 1068 1176 sancti
1088 1149 1220 1184 Spiritus,
1238 1157 1321 1182 nunc,
1342 1155 1396 1177 etc.

1158 1220 1253 1277 bralio
1270 1251 1356 1277 sancti
1372 1250 1511 1285 Evangelii
1525 1250 1596 1286 (19,.

1272 1295 1327 1323 Pax
1341 1296 1480 1325 omnibus.

1016 1341 1172 1369 Dominator
1183 1341 1296 1370 Domine
1308 1344 1371 1370 Jesu
1385 1343 1493 1370 Christe
1513 1342 1583 1369 Deus
1600 1346 1691 1370 noster
1701 1363 1709 1374 .
1723 1342 1769 1376 qui

982 1387 1085 1414 sanctis
1100 1388 1153 1414 tuis
1168 1388 1309 1422 discipulis
1321 1394 1347 1416 et
1371 1389 1459 1416 sacris
1485 1387 1616 1423 apostolis
1633 1389 1687 1415 tuis
1702 1389 1771 1416 dixi-

980 1434 1026 1466 sli,
1043 1434 1171 1468 quoniam
1191 1435 1266 1461 multi
1294 1436 1428 1470 prop/tela:
1453 1440 1478 1463 et
1498 1435 1567 1467 justi
1587 1436 1724 1470 cupierunt
1737 1436 1771 1461 ιιὶ-

979 1480 1039 1506 dere
1049 1488 1107 1514 qua:
1119 1480 1232 1513 vidistis,
1251 1486 1275 1507 et
1308 1489 1359 1508 non
1382 1482 1522 1508 viderunt:
1555 1487 1578 1508 et
1603 1481 1694 1508 audire
1713 1489 1771 1516 qun:

979 1526 1087 1556 auditis,
1103 1531 1126 1552 et
1150 1534 1200 1552 mm
1212 1527 1375 1554 audierunt:
1401 1528 1479 1554 vestri
1500 1532 1587 1554 autent
1619 1527 1688 1554 beati
1709 1532 1770 1554 sunt

981 1570 1059 1604 oculi,
1075 1571 1138 1606 quia
1152 1572 1250 1603 vident,
1271 1576 1294 1598 et
1311 1580 1388 1599 aures
1410 1578 1511 1604 vestrm,
1533 1573 1594 1607 quia
1623 1573 1732 1599 audiunt
1749 1573 1769 1599 '.

982 1617 1058 1652 Digni
1090 1624 1200 1651 quoque
1226 1616 1388 1650 efficiantur,
1416 1625 1498 1645 nunc.
1515 1619 1609 1644 audire
1639 1618 1771 1645 etfacere

979 1667 1073 1689 sancta
1088 1668 1132 1689 tua
1146 1661 1308 1698 Evangelia,
1334 1671 1382 1697 per
1396 1663 1600 1692 obsecrationes
1615 1668 1770 1691 sanctorum

981 1713 1100 1735 tuorum.

1015 1753 1149 1781 Memento
1161 1754 1243 1789 igitur
1257 1754 1338 1781 etiam
1355 1762 1438 1788 nunc,
1455 1755 1579 1785 Domine,
1591 1755 1712 1782 omnium
1725 1762 1773 1782 eo-

980 1809 1038 1828 rum
1055 1801 1100 1836 qni
1116 1802 1193 1828 nobis
1211 1802 1329 1836 indignis
1342 1807 1540 1836 prmccpernnt,
1558 1807 1587 1828 ut
1603 1809 1697 1828 eorum
1712 1810 1769 1828 me-

980 1847 1094 1875 moriam
1113 1847 1274 1874 haberemus
1292 1847 1361 1873 inter
1374 1847 1586 1881 supplicationes
1599 1852 1626 1874 et
1643 1847 1771 1874 obsecra-

981 1893 1078 1926 tiones,
1095 1900 1162 1926 quas
1179 1891 1225 1918 tibi
1255 1891 1405 1924 oliui-imus,
1428 1891 1539 1918 Domine
1575 1891 1644 1918 Deus
1667 1896 1768 1919 noster.

980 1939 1029 1971 Qui
1044 1938 1148 1973 pridem
1164 1938 1299 1969 obierunt,
1312 1937 1365 1963 illis
1381 1937 1500 1971 requiem
1522 1941 1618 1970 praesta
1633 1948 1639 1964 :
1655 1942 1771 1972 ingratos

980 1993 1061 2016 sana;
1076 1989 1102 2011 tu
1115 1983 1223 2011 enimcs
1240 1984 1292 2009 vita
1308 1983 1428 2009 omnium
1451 1988 1583 2015 nostrum,
1600 1982 1770 2017 salus,spes,

980 2030 1086 2057 medela
1100 2034 1128 2056 et
1144 2024 1307 2056 resurrectio
1324 2028 1433 2063 propria
1447 2028 1568 2055 omnium
1595 2033 1727 2059 nostrum,
1744 2033 1771 2055 et

981 2075 1027 2101 tibi
1043 2074 1169 2109 glorianti,
1186 2075 1316 2100 honorem
1330 2078 1357 2100 et
1370 2072 1556 2099 adorationem
1568 2080 1674 2099 sursum
1687 2073 1771 2099 mitti-

980 2127 1050 2152 mus,
1063 2127 1124 2147 cum
1143 2120 1329 2153 oninipotcnte
1353 2123 1381 2145 et
1407 2118 1498 2145 omnia
1518 2118 1625 2146 vidente
1642 2118 1772 2146 Genitore

981 2170 1038 2197 tuo,
1056 2171 1082 2192 et
1095 2165 1277 2195 sanctissimo.
1290 2164 1405 2198 vitisque
1426 2169 1538 2191 auctore
1555 2165 1688 2199 principe,
1707 2164 1769 2191 tibi-

980 2218 1032 2245 que
1059 2209 1286 2237 consubstantiali
1315 2215 1361 2236 tuo
1395 2207 1520 2244 Spiritu,
1552 2218 1624 2238 nunc
1650 2215 1677 2237 et
1700 2217 1772 2238 sem-

945 2268 967 2296 ο
982 2265 1040 2292 per,
1057 2263 1111 2284 etc.

1259 2301 1353 2329 Oratio
1372 2302 1418 2329 veli
1431 2301 1497 2338 (‘20).

1017 2349 1111 2377 Nullus
1124 2349 1221 2384 dignus
1237 2353 1386 2376 esteorum
1401 2349 1445 2382 qui
1475 2347 1570 2383 illigati
1592 2352 1656 2375 sunt.
1672 2355 1770 2376 carna-

979 2395 1051 2423 libus
1075 2395 1218 2422 desideriis
1242 2399 1270 2421 el.
1284 2394 1480 2428 voluptatibus,
1499 2394 1630 2420 accedere
1654 2399 1700 2420 aut
1719 2395 1771 2420 mi-

980 2442 1120 2469 nisterium
1134 2442 1263 2469 exhibere
1283 2441 1405 2473 tibi,licx
1424 2441 1526 2475 gloriae.
1540 2439 1606 2466 Nam
1616 2441 1772 2468 ministrare

980 2488 1038 2521 tibi,
1055 2496 1181 2522 magnum
1200 2492 1278 2514 estet
1296 2487 1456 2519 timendum,
1476 2486 1597 2520 ipsisque
1613 2486 1771 2514 caelestibus

980 2534 1160 2568 potestatibus
1176 2533 1348 2567 impervium.
1378 2533 1505 2559 Attamen
1531 2539 1578 2566 per
1597 2532 1770 2566 inexplh:abi-

980 2580 1032 2607 lem
1048 2586 1075 2606 et
1091 2581 1251 2606 immensam
1277 2580 1471 2614 benignitatem
1498 2583 1571 2604 tuam
1603 2586 1666 2613 erga
1684 2580 1770 2606 homi-

980 2633 1039 2658 nes,
1054 2625 1158 2660 absque
1184 2625 1363 2653 conversione
1390 2630 1434 2652 aut
1451 2624 1610 2658 mutatione,
1633 2624 1722 2652 factus
1741 2632 1770 2652 es

1019 2782 1075 2817 (20)
1099 2781 1209 2810 Diversa
1221 2787 1263 2809 est
1280 2782 1313 2810 ab
1324 2789 1354 2809 ea
1373 2789 1452 2816 quam
1470 2782 1599 2817 Copticus
1616 2783 1699 2810 codex
1716 2782 1767 2810 lm-

982 2817 1026 2844 bet
1042 2825 1048 2843 :
1064 2818 1095 2844 de
1108 2825 1160 2851 qua
1177 2818 1297 2845 videnda:
1315 2822 1384 2844 noue
1393 2818 1425 2844 ad
1438 2818 1508 2844 hunc
1522 2819 1620 2845 locum.
1631 2818 1679 2844 Ista
1694 2826 1765 2850 vero.

981 2853 1075 2884 Οὐδεὶς
1088 2852 1173 2885 ἄξιος,
1191 2853 1289 2887 legitur
1305 2852 1331 2880 in
1347 2852 1468 2886 Liturgia
1485 2852 1581 2881 Grmca
1599 2853 1700 2885 Basilii.
1719 2854 1767 2881 sed

980 2889 1042 2924 dum
1064 2888 1170 2914 canitur
1196 2889 1312 2924 hymnus
1330 2888 1499 2923 cherubicus,
1534 2893 1564 2916 ut
1594 2889 1715 2918 etiamin
1732 2897 1764 2917 ea

979 2923 1164 2958 Clirysoslomi
1216 2923 1222 2924 ⁷
1247 2927 1250 2930 ’
