2027 3135
249 151 302 178 705

727 150 892 178 ΜἸὊΒΟΙΛ
914 149 943 177 S.
963 147 1128 176 GREGORH
1149 146 1405 174 ALEXANDRINA.

1823 143 1871 170 τρι

250 208 342 240 Ιιοιιιο,
356 206 536 242 Poritil‘quue
550 207 629 234 nobis
643 207 796 242 designatos
808 215 848 240 es,
866 207 1036 242 liturgicique

1092 207 1151 241 ρεὺς
1168 207 1234 241 ἡμῖν
1249 205 1446 241 ὲχρημάτισας,
1464 204 1512 230 καὶ
1533 203 1583 238 τῆς
1601 202 1792 238 λειτουργικῆς
1810 203 1872 228 ταύ-

254 253 334 287 hujus
360 257 387 280 et
413 253 546 280 incruenti
569 254 694 280 sacriﬁcii
720 254 928 281 celebrationem
953 254 1035 280 tradi-

252 299 414 330 distinobis,
441 304 566 333 tanquam
594 300 713 326 omnium
737 299 876 326 Dominus.
902 299 941 326 Tu
961 301 1033 326 cuitu

252 345 403 372 dominaris
418 345 444 372 in
462 345 629 376 coelestibus,
651 346 766 372 terrenis
793 350 821 372 et
837 345 972 372 infernis:
990 346 1034 379 qui

252 399 335 425 super
347 391 471 417 thronum
486 391 659 418 cherubicum
677 391 798 424 veheris;
818 391 948 418 Dominus
959 398 1034 418 sera-

254 436 338 470 phim,
363 440 389 462 et
419 435 474 462 Rex
494 436 593 463 Israel:
621 436 694 463 solus
714 441 834 468 sanctus,
847 441 874 463 et
893 437 919 463 in
935 436 1035 462 sanctis

254 481 482 515 requiescens.Te
497 481 577 515 igitur
587 481 717 515 deprecor
724 481 810 508 solum
826 482 923 508 bonum
938 480 1033 512 Deum,

251 526 415 561 facilemque
427 528 460 554 ad
472 527 632 554 audiendum
645 535 651 554 :
670 529 775 561 respice
791 535 871 562 super
880 535 922 554 me
937 534 1035 561 pecca-

252 577 336 599 torem
352 578 379 598 et
394 573 515 599 inutilem
531 579 638 599 servum
655 577 740 601 tuum.
757 577 784 599 et
799 573 924 599 idoneum
941 580 983 599 me
994 572 1036 599 fac

251 618 296 652 qui
314 618 411 645 virtute
427 618 545 653 Spiritus
563 619 649 646 sancti
667 619 780 653 gratiam
795 619 939 646 sacerdotii
958 619 1035 645 indu-

252 668 295 691 tus
310 671 380 696 sum,
397 665 501 692 astaudi
517 670 618 692 sanctze
632 670 682 691 tua:
699 665 761 692 huic
775 673 884 697 mensae,
901 669 927 691 et
944 672 1035 692 consc-

252 710 344 736 crandi
362 709 563 736 immaculatum
582 717 680 744 corpus
712 715 784 736 tuttm
797 730 804 742 ,
834 710 1035 744 pretiosququ

252 755 408 788 sanguinem
424 761 507 782 tuum.
522 755 564 782 Ad
583 760 607 782 te
624 756 695 782 enim
712 755 812 782 accedo
828 756 961 784 inclinans
976 763 1036 783 cer-

254 801 340 827 vicem
357 807 454 832 meam.
472 809 620 836 precorque
639 806 673 833 te,
691 808 724 828 ne
734 806 841 828 avertas
854 801 949 828 faciem
962 806 1034 828 tuam

256 852 270 870 a
289 852 341 877 me,
359 853 446 879 neque
460 853 501 872 nte
519 845 624 879 rejicias
640 853 673 872 ex
690 853 802 873 numero
815 854 958 881 puerorum
974 851 1034 873 tuo-

253 897 331 916 rum:
351 878 524 925 sedrdiguum
542 878 585 917 me
602 891 654 923 fac,
678 896 708 918 ut
727 878 876 918 oll‘erantur
900 892 946 918 tibi
965 892 1033 919 dona
1051 878 1072 907 Β

253 934 302 960 ista
320 943 334 961 a
353 942 395 962 me
410 940 552 969 peccatore
564 941 591 962 et
603 936 713 971 indigno
727 943 807 963 servo
825 941 880 962 tuo.
910 936 950 962 Tu
964 937 1036 963 enim

251 986 281 1006 es
298 979 343 1014 qui
374 981 529 1008 sanctilicas
555 986 582 1008 et
607 982 787 1009 sanctiﬁcaris
807 991 814 1009 :
834 983 879 1016 qui
912 981 994 1010 olIers
1010 987 1037 1009 et

252 1024 379 1052 offerris:
399 1026 445 1061 qui
465 1027 578 1062 suscipis
594 1032 622 1054 et
636 1028 783 1062 susciperis
799 1037 806 1055 :
826 1028 872 1062 qui
889 1028 937 1055 das
952 1032 979 1056 et
990 1028 1037 1055 da—

253 1072 303 1102 ris.
318 1077 345 1099 et
360 1072 409 1100 tibi
424 1072 537 1108 gloriam
554 1073 698 1101 referimus
717 1081 778 1102 cum
801 1073 882 1101 Patre
896 1079 924 1101 et
937 1079 1031 1102 sancto

253 1116 366 1152 Spiritu.

373 1253 478 1281 ‘Oralio
496 1255 550 1281 alia
566 1255 614 1282 reli
631 1256 701 1289 apud
711 1256 851 1291 Αἲῃυριίοι
865 1257 932 1292 (21).

290 1300 400 1327 Domine
415 1300 484 1327 Deus
499 1306 592 1328 noster
619 1303 801 1336 omnipotens,
829 1304 873 1337 qui
898 1306 1038 1339 Cognoscis

254 1351 371 1373 mentem
390 1347 538 1379 hominum,
557 1354 683 1376 scrulnns
694 1349 774 1376 corda
788 1355 815 1377 et
828 1358 907 1378 renes
919 1359 926 1377 :
939 1352 983 1385 qui
997 1361 1040 1378 me

256 1393 395 1428 indignum
427 1395 529 1421 vocasti
558 1395 590 1421 :td
624 1395 673 1421 hoc
705 1398 1040 1425 tuumsacrututninistc-

257 1440 327 1465 rium
341 1448 347 1472 ;
362 1447 395 1466 ne
408 1440 514 1473 rejicias
530 1448 583 1471 me.
604 1449 689 1475 neque
702 1447 809 1469 avertas
828 1442 923 1469 faciem
938 1448 1009 1470 tuam
1025 1451 1039 1470 a

257 1494 315 1512 me:
328 1486 374 1513 sed
390 1486 448 1512 dele
462 1487 552 1513 omnia
578 1494 635 1513 mea
668 1492 776 1521 peccata
788 1507 796 1518 ,
814 1493 840 1514 ct
856 1489 934 1515 ablue
947 1490 1040 1516 sordes

257 1539 352 1558 omnes
377 1533 500 1565 corporis
527 1533 578 1559 mei
605 1538 631 1559 et
647 1533 766 1559 nun-uias
781 1536 888 1565 anima‘,
905 1539 1041 1569 totumque

259 1583 302 1602 me
331 1576 484 1607 sanetiﬁea,
511 1584 546 1603 ne
572 1577 633 1603 dum
661 1578 790 1612 deprecor
808 1583 843 1610 te,
859 1583 889 1605 ut
910 1581 1041 1606 concedas

259 1623 319 1648 aliis
347 1623 533 1649 remissionem
563 1627 746 1657 peccatorum.
768 1624 826 1658 ipse
843 1625 972 1659 reprobus
986 1625 1042 1652 elli-

255 1667 444 1701 ciar.Qumso,
472 1667 592 1698 Domine.
605 1676 638 1695 ne
665 1669 777 1703 repellas
806 1677 848 1697 tne
864 1670 1037 1697 humiliatum

257 1719 285 1741 et
298 1707 453 1746 confusum,
466 1714 514 1741 sed
527 1715 603 1742 mitte
617 1715 682 1742 mihi
695 1717 809 1749 gratiam
824 1717 911 1743 sancti
927 1716 964 1742 tui
978 1716 1041 1750 Spi-

257 1760 337 1791 ritus,
353 1766 380 1786 et
394 1759 437 1786 fac
455 1768 498 1786 me
528 1760 635 1795 dignum
652 1761 757 1787 astandi
783 1767 877 1788 sancto
900 1761 978 1788 altari
996 1766 1041 1790 tuo

258 1805 405 1839 inculpate,
424 1809 452 1832 et
467 1805 597 1832 ollerendi
612 1806 658 1832 tibi
676 1806 807 1833 rationale
829 1811 856 1833 et
871 1807 1041 1835 incruentum

257 1851 422 1878 sacriﬁcium
438 1852 520 1884 istud,
536 1859 597 1878 cum
613 1852 779 1879 conscientia
795 1860 872 1887 pura,
899 1853 931 1880 ad
948 1854 1043 1881 remis-

258 1897 363 1925 sionem
381 1902 568 1931 peccatorum,
593 1902 619 1923 et
636 1897 799 1924 oﬂ'eusarum
824 1906 955 1929 mearum.
970 1905 995 1926 et
1010 1900 1043 1926 ad

257 1943 363 1970 veniam
379 1943 594 1978 consequendam
613 1944 825 1977 iguorantiarum
839 1944 930 1979 populi
947 1945 995 1977 tui,
1010 1946 1043 1972 ad

258 1989 379 2024 requiem
393 1995 420 2016 et
433 1989 600 2024 refrigerium
619 1989 811 2017 defunctorum
827 1996 933 2025 patrum
950 1995 977 2018 et
989 1990 1044 2018 fra-

259 2039 329 2062 trum
346 2041 508 2067 uostrorum,
534 2040 562 2063 et
574 2035 607 2062 ad
637 2036 872 2064 conﬁrmationem
902 2038 983 2065 totius
1001 2046 1044 2073 po-

258 2082 313 2116 puli
332 2083 379 2113 tui,
393 2087 419 2108 et
435 2082 467 2108 ad
485 2082 597 2117 gloriam
611 2087 696 2114 luant,
716 2082 804 2110 Patris
821 2088 848 2110 et
862 2083 922 2111 Filii
942 2089 968 2112 et
984 2085 1044 2119 Spi-

259 2128 327 2154 ritus
342 2129 440 2160 saucti,
458 2136 539 2159 nunc,
551 2133 603 2154 etc.

1085 261 1134 287 της
1162 253 1208 279 καὶ
1234 251 1402 286 ἀναιμάκτου
1430 249 1524 280 θυσίας
1542 249 1590 284 τὴν
1618 249 1772 284 ἱερουργίαν
1804 256 1872 283 παρ-

1086 299 1189 326 έδωκας
1212 299 1289 332 ἡμῖν.
1312 297 1350 328 ὡς
1366 296 1505 331 Δεσπότης
1523 296 1577 322 τῶν
1603 295 1740 322 ἁπάντων.
1759 295 1796 321 Σὺ
1820 295 1873 331 γὰρ

1087 342 1144 379 (air
1166 343 1307 375 δεσπόζεις
1329 342 1383 368 τῶν
1399 341 1577 377 ἐπουρανίων,
1600 341 1647 367 καὶ
1672 341 1803 374 ἐπιγείων
1827 340 1873 367 καὶ

1085 390 1139 417 τῶν
1156 389 1341 424 καταχθονίων
1353 397 1359 403 ·
1373 389 1387 414 ὁ
1403 388 1449 414 ἐπὶ
1473 387 1568 422 θρόνου
1583 386 1743 422 χερουσιχοῦ
1758 386 1872 420 ἐποχού-

1087 444 1181 471 μενος·
1200 436 1215 461 ὸ
1237 435 1291 462 τῶν
1316 434 1437 470 σεραφὶμ
1461 432 1579 469 Κύριος,
1604 433 1651 459 καὶ
1671 432 1804 463 Βασιλεὺς
1826 432 1870 458 τοῦ

1092 482 1215 518 Ἰσραήλ·
1234 483 1248 508 ὀ
1274 482 1352 517 μόνος
1370 481 1458 514 ἅγιος,
1482 480 1529 506 καὶ
1545 481 1573 506 ὲν
1592 479 1679 513 ἁγίοις
1695 479 1872 512 ἀναπαυόμε-

1085 537 1140 560 νος.
1160 528 1194 554 Σὲ
1215 528 1304 554 τοίνυν
1321 526 1438 553 δυσωπῶ
1458 526 1504 552 τὸν
1527 526 1606 561 μόνον
1624 525 1736 558 ἀγαθὸν,
1757 523 1804 550 καὶ
1829 523 1873 549 εὖ·

1085 575 1165 610 ήκοον
1181 573 1257 605 Θεὸν,
1275 572 1419 606 ὲπίϐλεψον
1441 572 1483 598 ἐπ’
1498 572 1547 607 ἐμὲ
1567 571 1613 598 τὸν
1633 569 1807 606 ἁμαρτωλὸν,
1826 569 1873 596 καὶ

1085 620 1194 654 ἀχρεῖον
1210 618 1302 645 δοῦλόν
1333 625 1395 644 cor
1413 617 1460 644 καὶ
1489 616 1619 644 ἱκάνωσόν
1638 624 1671 651 με
1700 617 1732 650 τῇ
1759 615 1872 649 δυνάμει

1085 666 1131 692 τοῦ
1145 664 1221 699 ἁγίου
1237 664 1405 699 Πνεύματος,
1423 663 1596 697 ἐνδεδυμένον
1608 662 1658 698 τὴν
1672 662 1722 697 τῆς
1737 661 1873 696 ἱερατείας

1085 711 1174 746 χάριν,
1195 709 1366 745 παραστῆναι
1380 710 1412 744 τῇ
1427 709 1493 744 ἁγίᾳ
1507 717 1554 734 σου
1575 707 1661 744 ταύτῃ
1677 707 1813 742 τραπέζῃ,
1828 707 1874 733 καὶ

1086 757 1262 792 ίερουργῆσαι
1277 756 1307 782 τὸ
1328 754 1462 791 ἄχραντόν
1486 763 1532 781 σου
1561 754 1650 789 σῶμα,
1671 753 1717 780 καὶ
1737 753 1769 780 τὺ
1786 753 1875 787 τίμιόν

1087 811 1132 829 σου
1150 799 1228 836 αἷμα.
1244 802 1290 828 Σοὶ
1306 801 1359 836 γὰρ
1377 800 1563 836 προσέρχομαι
1584 799 1677 830 κλίνας
1695 799 1741 825 τὸν
1755 798 1875 834 ἐμαυτοῦ

1087 848 1201 883 αὐχέναε
1219 848 1265 874 καὶ
1285 847 1379 882 δέομαί
1404 855 1461 877 σου,
1481 846 1517 881 μὴ
1540 845 1714 880 ἀποστρέψῃς
1734 845 1765 871 τὺ
1792 844 1875 880 πρὸσ-

1088 894 1161 921 ωπόν
1176 901 1221 918 σου
1241 893 1288 918 ἀπ’
1309 891 1390 926 ἐμοῦ·
1410 890 1477 925 μηδὲ
1491 889 1695 925 ὰποδοκιμὰσῃς
1712 897 1745 924 με
1759 890 1792 915 ὲκ
1812 888 1875 914 mi-

1088 940 1141 966 δων
1166 947 1228 965 σου·
1254 938 1311 964 ἀλλ’
1333 937 1446 969 ἀξίωσον
1481 945 1514 971 με
1542 935 1754 971 προσενεχθῆναί
1778 943 1819 961 σοι
1841 934 1875 961 τὰ

1088 985 1162 1021 δῶρα
1179 985 1275 1017 ταῦτα,
1298 984 1344 1011 ὑπ’
1365 983 1431 1019 ἰεμοῦ
1455 983 1502 1009 τοῦ
1518 981 1679 1018 ἁμαρτωλοῠ
1700 981 1748 1008 καὶ
1768 981 1877 1013 ἀναξίου

1088 1032 1182 1058 δούλου
1200 1039 1258 1058 σου.
1280 1031 1317 1057 Σὺ
1347 1030 1400 1066 γὰρ
1418 1027 1443 1056 εί
1467 1028 1586 1063 ἁγιάζων
1608 1027 1655 1054 καὶ
1678 1027 1879 1062 ἁγιαζόμενςς·

1089 1077 1251 1114 προσφέρων
1270 1085 1300 1103 τε
1315 1077 1363 1103 καὶ
1386 1075 1619 1111 προσφερόμενος·
1637 1074 1651 1100 ὁ
1668 1073 1812 1108 δεχόμενος
1833 1071 1879 1099 καὶ

1089 1124 1197 1155 δεκτός·
1215 1124 1230 1149 ὁ
1258 1122 1344 1154 διδοὺς
1372 1122 1418 1148 καὶ
1436 1121 1632 1156 διαδιδόμενος”
1658 1120 1705 1146 καὶ
1736 1119 1779 1145 σοὶ
1801 1117 1879 1151 ἷόξαν

1089 1170 1298 1205 ἀναπέμπωμεν,
1316 1168 1385 1204 μετὰ
1401 1167 1448 1195 τοῦ
1462 1167 1568 1202 Πατρδς
1582 1167 1628 1193 καὶ
1642 1165 1689 1192 τοῦ
1706 1165 1786 1200 ἁγίου
1799 1164 1875 1191 Πνεύ

1091 1225 1185 1250 ματος.

1117 1262 1201 1296 Et)in
1216 1262 1297 1295 ἄλλη
1312 1260 1578 1294 καταπετάσματος
1591 1259 1658 1293 παρ’
1669 1257 1853 1293 Αἰγυπτίοις.

1125 1308 1211 1344 Κύριε
1237 1308 1250 1333 ὑ
1272 1307 1338 1339 θεὸς
1363 1306 1442 1342 ἡμῶν
1461 1307 1475 1332 ὁ
1498 1305 1704 1340 παντοκράτωρ,
1726 1305 1741 1330 ὁ
1766 1303 1879 1329 ἐπιστά-

1092 1363 1172 1389 μενος
1186 1353 1231 1379 τὸν
1248 1353 1310 1379 νοῦν
1333 1352 1387 1379 τῶν
1414 1351 1574 1387 ἀνθρώπων,
1593 1351 1606 1376 ό
1626 1349 1729 1381 ἐτάζων
1757 1348 1879 1383 καρδίας,

1090 1399 1138 1426 καὶ
1153 1399 1285 1435 νεφρούς·
1302 1391 1316 1424 ὸ
1337 1397 1387 1433 ἐμὲ
1404 1397 1449 1423 τὸν
1472 1396 1581 1430 ἀνάξιον
1602 1395 1720 1426 καλέσας
1744 1394 1812 1430 πρὸς
1832 1394 1880 1429 τὴν

1091 1445 1139 1481 σὴν
1159 1444 1331 1480 λειτουργίαν
1347 1443 1464 1478 ταύτην·
1486 1443 1524 1478 μὴ
1544 1441 1670 1477 βδελὺξῃς
1691 1450 1736 1476 με,
1760 1440 1829 1476 μηδὲ
1852 1440 1881 1466 τὸ

1091 1492 1238 1528 πρῦσωπόν
1256 1500 1302 1518 σου
1318 1491 1492 1527 ἀποστρέψῃς
1511 1491 1557 1516 ἀπ’
1576 1489 1655 1524 ἐμοῦ·
1672 1488 1729 1515 ἀλλ’
1741 1487 1881 1523 ὲξάλειψόν

1055 1549 1076 1577 C
1095 1547 1144 1573 μου
1159 1538 1247 1564 πάντα
1272 1537 1308 1563 τὰ
1335 1536 1558 1572 παραπτώματα,
1578 1536 1624 1562 καὶ
1650 1533 1806 1561 ἁπόπλυνόν
1831 1541 1881 1568 μου

1090 1585 1136 1611 τὸν
1153 1584 1237 1620 ῥύπον
1253 1583 1299 1610 τοῦ
1321 1582 1457 1618 σώματος,
1474 1581 1522 1608 καὶ
1537 1581 1583 1608 τὸν
1603 1580 1695 1607 σπῖλον
1710 1579 1760 1614 τῆς
1780 1579 1880 1614 ψυχῆς,

1090 1630 1138 1657 καὶ
1160 1629 1219 1667 δλον
1245 1637 1279 1664 με
1302 1628 1426 1663 ἁγίασον,
1451 1627 1495 1654 ἵνα
1520 1626 1556 1662 μὴ
1584 1624 1712 1652 ἱκετεύων
1739 1633 1769 1650 σε
1791 1624 1882 1650 δοῦναι

1090 1676 1186 1710 ἄφεσιν
1204 1675 1293 1706 ἄλλοις
1318 1673 1470 1710 ἁμαρτιῶν,
1492 1673 1573 1704 αὐτὸς
1597 1672 1724 1706 ἀδόκιμος
1747 1670 1881 1705 γένωμαι.

1090 1721 1153 1752 Ναὶ,
1172 1720 1268 1755 Κύριε,
1294 1720 1331 1756 μὴ
1354 1719 1559 1755 ἀποστραφείης
1593 1727 1626 1754 με
1649 1716 1883 1750 τεταπεινωμένον

1095 1768 1142 1794 καὶ
1161 1766 1398 1803 κατησχυμμένον,
1419 1765 1476 1792 ἀλλ’
1497 1763 1686 1798 ὲξαπόστειλόν
1706 1771 1750 1798 μοι
1770 1762 1820 1797 τὴν
1835 1761 1884 1797 χά-

1097 1822 1139 1850 ριν
1156 1813 1202 1840 τοῦ
1219 1813 1296 1848 ἁγίου
1317 1822 1363 1840 σου
1383 1812 1555 1847 Πνεύματος,
1574 1811 1620 1838 καὶ
1641 1809 1755 1842 ἀξίωσον
1778 1817 1812 1844 με
1833 1817 1883 1834 πα-

1099 1861 1230 1896 ραστῆναι
1245 1861 1292 1886 ἐπὶ
1309 1859 1340 1886 τὸ
1359 1859 1436 1893 ἆγιὸν
1459 1867 1505 1884 σου
1523 1857 1714 1892 θυσιαστήριον
1733 1854 1884 1890 ἀκατακρί-

1096 1914 1166 1937 τως,
1187 1905 1234 1932 καὶ
1253 1905 1418 1941 προσφέρειν
1438 1912 1479 1930 σοι
1509 1903 1619 1938 λογικὴν
1643 1903 1690 1929 καὶ
1715 1901 1884 1936 ἀναίμακτον

1098 1950 1256 1986 προσφορὰν
1276 1950 1388 1986 ταύτην,
1406 1949 1474 1985 μετὰ
1494 1948 1672 1983 συνειδήσεως
1695 1946 1829 1982 καθαρᾶς,
1845 1946 1883 1976 εἰς

1099 1996 1271 2032 συγχώρησιν
1291 1997 1346 2023 τῶν
1363 1997 1439 2032 ἡμῶν
1456 1995 1672 2032 ἁμαρτημάτων,
1689 1994 1736 2020 καὶ
1753 1992 1808 2018 τῶν
1831 1999 1883 2017 πα-

1099 2043 1306 2078 ραπτωμάτωνο
1327 2043 1374 2069 καὶ
1404 2043 1443 2074 εἰς
1473 2043 1569 2076 ἄφεσιν
1594 2040 1647 2066 τῶν
1673 2038 1720 2065 τοῦ
1746 2037 1813 2064 λαοῦ
1839 2045 1884 2062 σου

1098 2089 1287 2124 ἀγνοημάτων·
1302 2090 1341 2121 είς
1351 2089 1503 2116 ἀνάπαυσιν
1523 2088 1569 2114 καὶ⁴
1584 2086 1724 2121 ἀναψυχὴν
1740 2084 1795 2110 τῶν
1818 2091 1885 2118 προ-

1098 2134 1306 2169 κεκοιμημένων
1323 2134 1448 2169 πατέρων
1463 2133 1541 2168 ἡμῶν
1557 2133 1604 2159 καὶ
1623 2130 1755 2164 ἀδελφῶν,
1777 2129 1826 2155 καὶ
1847 2129 1886 2159 είς

260 2176 410 2212 στηριγμον
426 2175 525 2207 παντὸς
547 2175 593 2202 τοῦ
609 2175 674 2202 λαοῦ
691 2184 749 2208 σου,
772 2177 811 2207 εἰς
834 2175 913 2209 δόξαν
935 2176 984 2212 σὴν
1013 2177 1060 2204 τοῦ
1095 2179 1200 2215 [ἰατρὸς
1225 2181 1272 2206 καὶ
1296 2180 1342 2206 τοῦ
1371 2179 1453 2212 Tim"),
1480 2179 1528 2206 καὶ
1553 2178 1599 2204 τοῦ
1625 2177 1702 2211 ἁγίου
1729 2175 1885 2211 Πνεὺματος

262 2224 317 2252 νῦν.

555 2272 647 2299 Oratio
662 2273 744 2305 puris.

544 2317 598 2343 Pax
628 2318 763 2344 ouinilms.

297 2363 336 2390 Tu
355 2363 399 2398 qui
416 2370 456 2395 es,
470 2367 497 2390 et
511 2363 544 2389 ab
556 2368 658 2389 aeterno
675 2362 849 2396 praeexsistis,
861 2367 889 2390 et
902 2370 1046 2397 permaues

262 2410 289 2437 in
300 2409 409 2440 saecula,
423 2408 494 2435 Patri
508 2413 658 2435 coayternus
673 2413 700 2434 et
713 2408 958 2441 consubstantialis,
973 2410 1047 2444 ejus-

263 2455 323 2480 dem
349 2454 454 2485 throui,
480 2459 507 2481 et
534 2455 681 2482 creatiouis
707 2455 808 2482 socius.
838 2454 888 2488 Qui
904 2463 951 2490 per
963 2455 1046 2482 solum

263 2499 410 2527 bonitatem
422 2507 455 2526 ex
466 2500 548 2526 nihilo
564 2501 596 2526 ad
612 2501 796 2527 cxsistendum
813 2502 945 2528 adduxisti
962 2502 1048 2528 homi-

264 2553 337 2579 nem,
351 2551 378 2573 et
403 2555 465 2573 eum
493 2547 656 2574 constituisti
684 2548 710 2574 in
739 2549 864 2582 paradiso
889 2548 1044 2583 \oluptatis.

301 2633 359 2668 (2|)
381 2634 415 2660 Ea
433 2634 489 2660 sola
506 2635 637 2669 rcperitur
667 2634 694 2662 in
721 2635 813 2662 codice
828 2634 950 2667 Coptico,
967 2642 1054 2668 neque

268 2673 370 2695 temere
388 2675 451 2695 uota
463 2669 591 2702 adjuncta
607 2674 658 2701 est,
676 2678 727 2704 qua
749 2671 819 2697 illam
840 2669 975 2704 [Egyptiis
992 2677 1054 2703 pro-

267 2704 352 2738 priam
369 2711 429 2730 esse
443 2705 612 2737 signiﬁcatur
628 2714 635 2731 :
648 2713 708 2732 cum
721 2705 779 2732 aliae
791 2713 822 2732 cx
833 2705 947 2732 diversis
964 2704 1057 2731 Litur-

267 2739 319 2773 giis
335 2739 482 2772 desumpta:
498 2740 552 2765 sint.
574 2749 580 2766 :
604 2747 663 2774 qui-
688 2740 710 2767 si
735 2748 795 2767 cum
813 2739 933 2774 Copticis
951 2745 979 2766 ct
994 2740 1055 2766 aliis

270 2777 473 2806 comparentur,
492 2775 542 2801 etsi
557 2775 682 2802 nonnulla
707 2776 742 2802 sit
762 2775 905 2802 diversitas
915 2795 921 2805 .
934 2779 995 2802 sunt
1010 2780 1051 2801 ta-

269 2815 330 2835 men
341 2808 443 2834 similcs
461 2810 599 2836 sententiae
612 2815 639 2836 et
658 2811 752 2837 eadem
775 2817 845 2843 saepe
865 2810 956 2836 verba.
976 2808 1052 2836 Umle

269 2846 376 2880 constat
387 2850 480 2880 preces
495 2843 623 2880 ilrlasruon
640 2845 784 2879 singularis
798 2844 921 2880 alicujus,
937 2844 982 2872 sed
993 2845 1052 2872 ulti—

270 2877 383 2905 versalis
400 2877 544 2906 Orientalis
559 2877 790 2908 Ecclesiae—fuisse.

1318 2271 1401 2306 Εὺχὴ
1418 2270 1471 2297 τοῦ
1490 2268 1654 2303 ἀσπασμοῦ

1387 2315 1489 2350 Εἰρήνη
1506 2315 1598 2341 πᾶσιν.

1141 2363 1170 2389 '0
1184 2362 1232 2394 ὢν,
1248 2369 1295 2387 και
1312 2359 1412 2396 προὼν,
1426 2361 1473 2386 καὶ
1486 2359 1619 2394 διαμένων
1635 2359 1675 2389 εἰς
1690 2358 1753 2388 τοὺς
1771 2357 1885 2386 αἰῶνας·

1100 2410 1114 2435 ὀ
1129 2408 1168 2443 τῷ
1185 2408 1272 2442 Πατρὶ
1289 2406 1424 2438 συναῖδιος
1438 2406 1484 2432 καὶ
1508 2404 1658 2440 ὁμοοὺσιος,
1679 2405 1725 2431 καὶ
1745 2403 1887 2438 σύνθρονος

1102 2456 1149 2483 καὶ
1163 2454 1388 2491 συνδημιουργός.
1407 2455 1436 2481 '0
1452 2453 1497 2480 διὰ
1513 2454 1596 2489 μόνην
1617 2452 1772 2487 ἀγαοότητα
1790 2452 1822 2477 ἐκ
1841 2450 1886 2477 τοῦ

1102 2503 1139 2538 μὴ
1160 2502 1235 2533 ὄντος
1255 2503 1294 2533 εἰς
1310 2501 1340 2527 τὸ
1364 2500 1436 2527 εἶναι
1462 2501 1594 2536 παράγων
1610 2500 1654 2525 τὸν
1671 2498 1824 2533 ἄνθρωπον,
1841 2497 1887 2523 καὶ

1099 2548 1211 2583 θέμενος
1227 2547 1308 2573 αὑτὸν
1327 2547 1356 2573 ὲν
1370 2545 1527 2581 παραδείσῳ
1541 2545 1655 2580 τρυφῆς.
1678 2544 1784 2579 Ἀπάτῃ
1799 2543 1827 2569 δὲ
1841 2541 1886 2568 τοῦ

1145 2633 1207 2660 Dum
1218 2640 1277 2666 quze
1288 2637 1435 2666 sequuntur
1445 2632 1582 2659 orationes
1593 2631 1676 2659 osculi
1690 2630 1776 2664 pacis.
1788 2630 1887 2657 eaedem

1107 2673 1213 2696 suntac
1229 2668 1280 2694 ill:e
1304 2675 1372 2702 quas
1397 2667 1479 2694 codex
1496 2667 1623 2701 Copticus
1648 2670 1844 2702 reprmscutat;
1861 2669 1889 2691 ut

1109 2704 1192 2730 etiam
1209 2703 1268 2729 alia:
1281 2701 1364 2737 prepe
1375 2709 1470 2729 omnes
1484 2709 1543 2736 qua:
1565 2706 1726 2735 sequuntur,
1737 2701 1775 2737 de
1790 2701 1889 2737 quitms

1108 2738 1175 2765 nihil
1192 2735 1309 2764 occurrit
1325 2735 1477 2768 dicendum,
1495 2735 1566 2771 quod
1580 2737 1605 2763 in
1624 2737 1694 2763 notis
1711 2735 1745 2762 ad
1770 2735 1888 2771 reliquas

1107 2774 1206 2800 dictum
1219 2780 1272 2799 non
1289 2772 1379 2800 fuerit.
1395 2771 1462 2798 lllud
1473 2770 1610 2805 sitigulare
1627 2771 1671 2797 isti
1685 2775 1713 2797 et
1727 2770 1888 2804 paucisqui-

1107 2808 1220 2835 busdam
1236 2807 1295 2834 aliis
1305 2807 1400 2834 ciliciis
1415 2807 1545 2839 liturgicis
1557 2826 1566 2838 ,
1592 2807 1663 2840 quod
1688 2811 1744 2832 tota
1765 2805 1888 2835 recitatio

1107 2842 1284 2869 institutionis
1298 2842 1474 2870 Eucharistim
1492 2842 1527 2868 ita
1548 2841 1673 2871 refertur.
1702 2845 1731 2867 ut
1759 2841 1795 2867 ad
1809 2840 1888 2868 Chri-

1107 2883 1189 2910 stum,
1206 2879 1231 2905 iu
1247 2877 1361 2905 sccutulu
1379 2883 1503 2911 persona,
1520 2877 1607 2905 oratio
1619 2876 1760 2912 dirigatur.
