2027 3135
130 175 180 203 7οΞ

611 174 778 204 LITURGIA
801 174 830 202 S.
851 172 1018 201 GREGORII
1036 173 1300 201 ALEXANDRINA.

1710 172 1765 201 706

129 235 229 271 ἐχυροῦ
243 235 291 262 καὶ
308 236 434 270 παρακοῇ
453 235 502 270 τῆς
528 234 577 269 σῆς
594 234 703 270 ἐντολῆς
719 233 926 270 παραπεσόντα,

982 231 1110 259 Enmdem
1135 241 1199 260 vero
1225 241 1286 260 eum
1307 232 1467 267 deceptione
1497 232 1610 264 inimici,
1630 237 1657 260 et
1671 237 1763 260 trans-

131 281 305 308 ἁνακαινίσαι
325 280 484 316 βουλόμενος
499 281 545 306 καὶ
564 279 632 316 πρὸς
645 280 675 306 τὸ
698 281 812 316 ἀρχαῖον
826 279 927 313 ἀναγα-

130 329 188 362 γεῖν
201 327 323 362 ἀξίωμα,
336 329 345 337 ‘
360 327 409 353 οὐκ
428 326 553 360 ἅγγελος,
567 327 618 353 οὐκ
631 326 812 362 ἀρχάγγελος,
829 325 859 352 οὐ
875 333 927 351 πα-

130 374 275 408 τριάρχης,
290 373 320 399 οὐ
336 373 478 408 προφήτης
491 372 540 407 τὴν
551 372 630 407 ἡμῶν
647 371 821 406 ἑνεχείρησας
839 379 927 406 σωτη-

132 421 211 456 ρίαν·
235 419 293 446 ἀλλ’
319 419 398 450 me;
427 418 570 453 ἀτρέπτως
599 417 668 453 σὰρξ
694 417 856 452 γενόμενος,
881 416 928 442 καὶ

132 465 356 502 ὲνηνθρώπησας,
385 465 455 492 κατὰ
479 465 569 491 πάντα
594 464 729 499 ὁμοιὼοης
753 464 830 498 ἡμῖν,
851 463 928 494 ἐκτὸς

134 513 219 547 μόνης
238 512 288 546 τῆς
306 510 459 546 ἁμαρτίας·
479 510 591 546 μεσίτης
607 509 684 545 ἡμῶν
703 509 858 544 γενόμενος,
881 509 929 534 καὶ

131 556 178 582 τοῦ
209 555 328 591 Πατρὸς,
350 556 397 581 καὶ
419 555 449 581 τὸ
472 556 627 590 μεσότοιχον
647 554 693 580 τοῦ
719 553 857 589 φραγμοῦ,
883 554 929 580 καὶ

131 602 179 638 τὴν
195 601 306 637 χρονίαν
322 601 422 637 ἔχθραν
445 601 578 631 καθελὼν,
594 601 628 627 τά
651 600 759 634 ἐπίγεια
775 601 831 631 τοῖς
850 601 930 626 ἐπου-

133 647 237 683 ρανίοις
252 647 386 682 συνῆψας,
401 648 448 674 καὶ
464 647 498 673 τὰ
519 647 662 682 ἀμφότερα
680 647 719 678 είς
735 646 764 672 ἒν
779 647 930 680 συνήγαγες

132 694 180 721 καὶ
217 694 267 730 τὴν
304 693 436 729 ἑωαρκον
476 693 637 729 ὲπλήρωσας
682 693 848 728 οἰκονομίαν.
874 691 930 718 Καὶ

134 741 239 776 μέλλων
257 741 423 776 σωματικῶς
440 740 562 767 ἐλαύνειν
580 741 619 771 εἰς
637 740 701 771 τοὺς
717 739 859 774 οὐρανοὺς,
877 738 930 764 037.-

133 787 188 818 κῶς
204 787 239 812 τά
261 787 352 814 πάντα
374 786 498 822 πληρῶν,
518 787 575 817 τοῖς
599 785 686 819 ἁγίοις
703 793 750 811 σου
778 784 928 820 μαθηταῖς,

132 832 180 858 καὶ
200 832 364 864 ἀποστόλοις
383 832 491 866 ἔλεγες·
509 830 642 865 Εἰρήνην
657 830 762 864 ἀφίημι
782 829 865 864 ὑμῖν·
889 831 930 856 el-

133 878 231 912 ρήνην
251 877 310 912 τὴν
332 877 409 912 ἐμὴν
432 877 535 912 δίδωμι
563 875 643 911 ὑμῖν.
675 875 783 911 Ταύτην
807 875 855 902 καὶ
880 874 928 901 νῦν

979 280 1119 313 gressione
1143 279 1263 306 tnandati
1288 279 1325 306 lui
1340 278 1495 310 cecidisset,
1514 286 1648 305 renovare
1659 278 1764 310 volens,

979 327 1005 349 et
1017 323 1051 349 ad
1075 323 1222 357 pristinam
1250 323 1395 350 restituere
1425 323 1594 357 dignitatem,
1614 331 1666 351 non
1681 331 1765 358 ange-

979 369 1046 401 lum,
1063 376 1115 396 non
1132 369 1334 404 archangelum,
1350 376 1402 396 non
1422 369 1616 404 patriarcham,
1636 378 1688 396 non
1705 378 1768 403 pro-

980 415 1087 449 phetam
1104 415 1222 450 elegisti,
1235 416 1278 442 cui
1291 415 1407 442 salutem
1424 420 1544 442 nostram
1570 416 1766 448 committeres,

979 461 1027 487 sed
1044 463 1101 495 ipse
1127 469 1179 488 non
1205 466 1333 491 mutatus,
1356 469 1420 488 caro
1441 460 1539 492 factus,
1570 461 1706 488 hominem
1721 469 1766 488 as-

981 506 1130 540 sumpsisti,
1147 510 1174 532 et
1197 506 1344 532 secundum
1364 506 1454 532 omnia
1470 506 1566 533 similis
1582 507 1661 533 nobis
1678 506 1764 533 factus

981 559 1021 584 es,
1036 552 1092 578 solo
1106 557 1220 586 excepto
1231 557 1345 586 peccato
1362 561 1369 578 :
1387 552 1520 579 mediator
1538 552 1626 579 factus
1639 553 1709 579 inter
1719 559 1767 579 nos

980 602 1007 624 et.
1024 597 1144 630 Patretn,
1159 603 1186 625 et
1201 598 1319 624 medium
1350 598 1480 631 parietem
1511 598 1647 630 maceriae,
1665 598 1768 625 diutur-

981 651 1098 678 namque
1123 644 1293 670 inimicitiam
1324 651 1385 670 cum
1402 644 1568 676 sustulisses,
1592 648 1698 671 terrena
1713 651 1768 671 cm-

980 689 1094 717 lestibus
1109 689 1291 724 c0njt:nxisli;
1308 695 1335 716 et
1352 694 1467 724 utraque
1484 691 1511 717 in
1527 698 1609 717 unum
1626 690 1768 723 conjunxi-

981 736 1026 768 sti,
1042 736 1327 770 dispensationemque
1344 736 1370 762 in
1386 743 1468 763 carne
1485 736 1664 769 complevisti.
1682 736 1765 763 Cum-

982 789 1035 815 que
1048 781 1104 815 iam
1121 781 1299 816 corporaliter
1315 781 1341 808 in
1357 781 1440 808 cat-los
1455 789 1617 808 ascensurus
1630 788 1714 814 esses,
1731 782 1768 809 di-

981 828 1082 854 vinitus
1094 827 1184 854 omnia
1205 828 1360 861 perﬁciens,
1385 828 1486 855 sanctis
1525 827 1578 855 tuis
1591 827 1729 862 discipulis
1742 833 1770 854 et

982 866 1109 908 apostolis
1122 874 1212 901 dixisti
1225 883 1231 900 :
1253 873 1348 900 Pacem
1361 875 1479 909 relinquo
1488 874 1570 906 vobis;
1581 882 1670 908 pacem
1685 882 1768 900 meam

133 925 244 960 εἰρήνην
270 925 336 959 ἡμῖν
362 923 497 959 δὼρησαι,
527 924 664 950 Δέσποτα·
690 922 800 958 χάρισαι
828 921 927 952 παντὸς

982 919 1013 945 do
1028 919 1111 946 vobis.
1127 919 1192 946 Eam
1210 920 1294 954 ipsam
1321 927 1414 954 pacem
1436 927 1507 947 nunc
1531 920 1618 952 nobis,
1644 919 1768 952 Domine,

133 969 311 1006 ἀποκάθαρον
332 969 514 1005 μολύσματος,
544 968 643 999 παντὸς
665 967 741 994 δόλου
763 966 810 993 καὶ
838 966 929 1001 πάσης

134 1016 250 1048 κακίας,
278 1016 326 1042 καὶ
357 1015 540 1051 πανουργίας,
569 1014 617 1041 καὶ
654 1014 704 1049 τῆς
743 1012 929 1048 θανατηφόρου

134 1063 337 1098 μνησικακίας,
368 1061 416 1088 καὶ
448 1060 616 1092 καταξίωσον
645 1060 720 1095 ἡμᾶς
749 1058 932 1086 ἀσπάσασθαι

132 1109 265 1144 ἀλλήλους
279 1109 309 1135 ὲν
330 1107 463 1143 φιλήματι
489 1107 569 1142 ἁγίῳ,
586 1107 626 1138 εἰς
647 1106 677 1132 τὸ
699 1106 843 1141 μετασχεῖν
860 1105 929 1131 ἀκα-

133 1155 270 1191 τακρίτως
296 1155 346 1190 τῆς
372 1153 506 1180 ἀθανάτου
540 1153 588 1180 καὶ
612 1152 846 1189 ἐπουρανίουησου
876 1152 928 1178 δω-

134 1203 214 1238 ρεᾶς·
232 1201 326 1237 χάριτι
352 1200 402 1236 τῆς
427 1199 549 1232 εὐδοκίας
573 1199 620 1226 τοῦ
642 1198 765 1233 Πατρὺς.
788 1199 834 1225 καὶ
855 1199 931 1233 ἐνερ-

133 1248 196 1282 γεία
220 1247 268 1273 τοῦ
294 1246 371 1280 ἁγίου
395 1245 564 1280 Πνεὺματος.
590 1245 626 1271 Σὺ
650 1244 705 1279 γὰρ
730 1243 754 1270 εί
777 1245 790 1270 ὸ
815 1243 931 1279 χορηγὸς

134 1291 181 1316 καὶ
208 1290 291 1325 δοτὴρ
317 1290 425 1316 πάντων
450 1289 505 1315 τῶν
535 1288 656 1323 ἀγαθῶν,
681 1289 729 1315 καὶ
754 1288 796 1315 σοὶ
822 1288 870 1323 τὴν
889 1288 933 1314 δό-

135 1335 194 1368 ξαν,
216 1336 266 1370 τὴν
291 1335 376 1362 ἀΐδιον
402 1334 554 1368 δοξολογίαν
586 1333 799 1369 ἀναπέμπομεν,
824 1334 872 1359 σὺν
893 1332 932 1368 τῷ

135 1382 248 1416 ἁνάρχῳ
270 1389 316 1407 σου
334 1380 432 1415 Πατρὶ,
450 1380 497 1406 καὶ
518 1378 557 1414 τῷ
573 1379 643 1414 ἁγίῳ
659 1387 705 1405 σου
721 1379 870 1414 Πνεύματι,
884 1378 931 1405 νῦν

135 1427 182 1454 καὶ
199 1426 256 1454 ἀεί.

313 1471 397 1506 Εὺχὴ
415 1471 494 1504 ἄλλη
510 1471 563 1498 τοῦ
577 1471 753 1506 ἀσπασμοῦ.

170 1516 274 1551 Χριστὲ
296 1518 310 1543 ό
332 1517 397 1548 Θεὸς
424 1516 513 1552 ἡμῶν,
534 1518 550 1552 ὴ
569 1517 672 1552 φοϐερὰ
695 1517 740 1543 καὶ
757 1517 933 1554 ὰπερινόητος

980 961 1096 996 benigne
1122 964 1259 990 concede:
1289 963 1405 999 benigne
1431 965 1512 991 etiam
1528 966 1626 992 munda
1657 972 1707 992 nos
1735 966 1769 990 ab

980 1009 1052 1035 omni
1065 1009 1281 1042 inquinamento,
1297 1011 1370 1038 onmi
1391 1010 1462 1043 dolo,
1479 1015 1506 1038 et
1531 1011 1643 1042 malitia,
1665 1015 1693 1037 et
1708 1017 1768 1037 ver-

981 1055 1051 1082 sutia
1067 1055 1212 1090 lethaliqne
1234 1056 1394 1091 iniuriarum
1414 1057 1656 1088 recordatione;et
1670 1062 1768 1092 prtesta

981 1101 1060 1128 nobis
1071 1105 1099 1128 ut
1125 1102 1273 1129 salutemus
1301 1102 1417 1130 invicem
1437 1103 1463 1129 in
1494 1103 1589 1130 osculo
1610 1107 1717 1135 sancto,
1741 1107 1769 1129 ut

982 1147 1083 1181 absque
1100 1147 1334 1175 condemnationis
1370 1147 1492 1182 periculo
1515 1149 1661 1183 partit-ipes
1684 1149 1770 1176 simus

982 1193 1146 1220 immortalis
1155 1198 1189 1229 _et
1207 1194 1326 1220 caelestis
1343 1193 1404 1220 doni
1422 1195 1472 1226 tui,
1501 1202 1548 1229 per
1565 1195 1678 1229 gratiam
1695 1199 1768 1222 lnam

982 1244 1008 1266 et
1024 1239 1222 1274 beneplacitum
1236 1239 1335 1271 Patris,
1348 1244 1376 1266 et
1405 1240 1590 1274 operationem
1609 1241 1695 1267 sancti
1709 1240 1769 1275 Spi-

984 1287 1062 1313 ritus.
1083 1286 1123 1313 Tu
1139 1286 1211 1313 enitn
1228 1294 1257 1313 es
1291 1286 1403 1322 largitor
1419 1291 1445 1314 et
1458 1287 1536 1313 dator
1548 1287 1668 1314 omnium
1683 1287 1770 1314 bono-

983 1339 1055 1364 rum,
1069 1336 1096 1358 et
1111 1331 1156 1359 tibi
1173 1331 1287 1366 gloriam
1302 1337 1486 1365 aeternamque
1502 1332 1683 1359 laudationem
1698 1331 1770 1358 refe-

983 1378 1078 1409 rimus,
1094 1385 1154 1404 cum
1173 1377 1252 1404 Patre
1271 1383 1316 1404 tuo
1334 1378 1462 1412 principii
1478 1383 1607 1412 experte,
1633 1383 1659 1405 et
1672 1382 1770 1406 sancto

985 1429 1031 1452 Ino
1050 1424 1163 1459 Spiritu,
1181 1433 1251 1451 nunc
1264 1429 1291 1451 et
1310 1432 1426 1459 semper.

1196 1469 1288 1497 Oratio
1304 1471 1357 1497 alia
1371 1475 1453 1498 osculi
1471 1471 1556 1505 pacis.

1019 1516 1127 1544 Christe
1141 1515 1210 1542 Deus
1225 1520 1328 1546 noster,
1346 1515 1465 1543 timenda
1481 1520 1508 1543 et
1524 1524 1576 1543 non
1591 1516 1770 1551 comprehen-

135 1563 250 1598 δύναμις
265 1562 311 1588 τοῦ
326 1561 394 1588 Θεοῦ
409 1562 456 1588 καὶ
478 1563 599 1597 Πατρός·
616 1563 629 1589 ὁ
650 1562 697 1589 τοῦ
713 1563 840 1597 φλογίνου
867 1563 930 1599 θρό-

983 1562 1069 1590 sihilis
1085 1567 1204 1597 potestas
1218 1561 1264 1589 Dei
1279 1567 1306 1589 et
1321 1561 1426 1590 Patris:
1445 1563 1490 1597 qui
1518 1570 1599 1598 super
1614 1562 1768 1589 ﬂatmncum

135 1618 180 1635 νου
197 1608 251 1634 τῶν
269 1609 402 1643 χερουῧὶμ
420 1609 647 1644 ὑπερκαοήμενος
662 1609 709 1634 καὶ
734 1609 786 1635 ὑπὸ
810 1609 930 1644 πυρίνων

134 1655 276 1690 δυνάμεων
298 1655 531 1691 δορυφορούμενος
546 1675 553 1687 ,
578 1655 625 1681 καὶ
650 1655 705 1690 πῦρ
734 1655 932 1682 καταναλίσκον

137 1702 269 1736 ὑπάρχων
285 1701 323 1732 ὡς
342 1701 422 1732 Θεὸς·
440 1701 487 1727 καὶ
503 1701 547 1726 διὰ
561 1700 610 1736 τὴν
636 1701 685 1735 σὴν
706 1701 810 1735 ἄφατον
830 1709 932 1735 συγκα-

136 1746 250 1773 τάϐασιν
267 1746 315 1772 καὶ
337 1746 543 1782 φιλανθρωπίαν
565 1745 602 1780 μὴ
625 1744 724 1779 φλέξας
748 1745 786 1780 τῷ
813 1754 931 1781 προσεγ-

135 1792 228 1827 γισμῷ
250 1793 297 1819 τὸν
328 1792 436 1827 δολερὸν
463 1792 606 1827 προδότην,
631 1791 699 1818 ἀλλὰ
728 1792 833 1826 φιλικὸν
852 1792 931 1818 αὑτὸν

92 1834 100 1841 ’
137 1838 343 1873 ἀσπασάμενος,
358 1838 445 1865 ἕλκων
470 1838 551 1864 αὑτὸν
571 1839 611 1870 είς
637 1838 781 1873 μετάνοιαν
799 1838 846 1864 καὶ
870 1838 930 1864 ἐπί-

137 1893 237 1920 γνωσιν
257 1885 303 1911 τοῦ
329 1885 393 1911 ἰδίου
420 1885 605 1920 τολμήματος.
634 1884 810 1916 Καταξεωσον
841 1885 930 1920 ἡμᾶς,

137 1930 272 1961 Δέσποτα,
293 1931 340 1956 ἐπὶ
358 1931 407 1966 τῆς
423 1931 539 1966 φρικτῆς
553 1930 656 1966 ταύτης
674 1930 759 1965 ὥρας,
778 1931 806 1956 ὲν
822 1931 932 1966 ὁμονοίᾳ

137 1976 184 2001 καὶ
199 1975 263 2010 δίχα
281 1975 380 2006 παντὸς
396 1976 424 2000 ἐν
439 1974 486 2000 δύο
502 1974 600 2009 θυμοῦ,
616 1975 663 2001 καὶ
687 1974 813 2009 λειψάνου
832 1975 932 2006 κακίας

137 2021 286 2047 ἀπολαϐεῖν
302 2020 434 2055 ἀλλήλους
449 2022 479 2048 ὲν
496 2021 566 2056 ἁγίῳ
584 2021 728 2056 φιλήματι.
753 2021 807 2047 Καὶ
829 2022 865 2057 μὴ
883 2029 932 2047 κα-

137 2068 272 2103 τακρίνῃς
287 2068 361 2102 ἡμᾶς
377 2067 447 2103 ὑπὲρ
465 2066 502 2102 μὴ
515 2067 655 2098 ὁλοτελῶς,
671 2067 718 2093 καὶ
731 2066 821 2098 καθὼς
834 2066 932 2102 ἀρέσαι

137 2115 169 2149 τῇ
187 2116 220 2149 σῇ
245 2113 405 2148 ἀγαθότητι,
430 2112 626 2148 καθαρεύωμεν
644 2113 698 2139 ἀπὸ
722 2113 811 2146 πάσης
833 2112 932 2148 τρυγὸς

137 2160 280 2195 ἁμαρτίας
304 2159 351 2185 κα)⁸
373 2159 505 2194 πονηρίας
524 2160 571 2186 καὶ
587 2159 636 2194 τῆς
657 2159 844 2194 Θανατηφόρου
865 2168 932 2194 μνη-

139 2207 282 2237 σικακίας·
301 2205 357 2232 ἀλλ’
370 2205 450 2237 αὐτὸς
462 2206 494 2240 τῇ
513 2206 546 2240 σῇ
557 2204 663 2240 ἀφάτῳ,
682 2205 729 2231 καὶ
744 2204 930 2239 ἀνεκδιηγήτῳ

984 1610 1111 1636 thronum
1124 1608 1266 1636 cherubim
1284 1608 1372 1640 sedes,
1391 1608 1436 1642 qui
1455 1617 1468 1635 a
1489 1609 1668 1643 potestatibus
1684 1611 1770 1644 igneis

982 1656 1111 1689 obsequio
1125 1654 1235 1686 coleris,
1247 1654 1292 1689 qui
1306 1662 1335 1680 es
1365 1654 1435 1689 ignis
1450 1663 1613 1683 consumens
1634 1660 1662 1682 ut
1679 1655 1770 1684 Deus:

981 1706 1008 1726 et
1024 1708 1070 1735 per
1099 1699 1260 1727 ineﬂ'abilem
1291 1700 1486 1735 benignitatem
1515 1707 1585 1727 tuam
1606 1706 1634 1729 et
1649 1709 1770 1730 amorem

984 1744 1135 1776 hominum,
1151 1752 1203 1771 non
1237 1745 1410 1772 combussisti
1437 1746 1464 1772 in
1479 1753 1588 1773 accessu
1604 1747 1636 1773 ad
1658 1752 1683 1774 te
1696 1748 1769 1774 dolo-

983 1799 1042 1817 smn
1057 1791 1226 1822 traditorem,
1249 1793 1296 1817 sed
1311 1791 1398 1818 amice
1418 1798 1480 1817 eum
1504 1791 1644 1818 osculatus
1670 1800 1699 1819 es
1713 1797 1767 1819 tra-

983 1838 1049 1864 hens
1066 1837 1140 1864 illum
1153 1838 1186 1864 ad
1205 1837 1408 1871 pmnitentiatn,
1431 1841 1458 1864 et
1480 1837 1599 1864 audacia:
1625 1845 1680 1865 suae
1694 1839 1768 1873 agni-

984 1883 1094 1910 tionem.
1110 1883 1236 1917 Dignare,
1255 1883 1380 1916 Domine,
1399 1888 1429 1910 ut
1458 1884 1508 1911 hac
1538 1884 1677 1911 tremenda
1704 1885 1769 1912 hora

984 1929 1009 1955 in
1027 1929 1184 1960 concordia,
1203 1929 1306 1964 absque
1323 1929 1377 1956 ulla
1392 1930 1476 1956 anitni
1491 1929 1659 1964 duplicitate,
1684 1935 1712 1957 et
1728 1939 1769 1957 re-

982 1976 1074 2010 liquiis
1098 1975 1227 2009 malitiae,
1258 1976 1455 2011 amplectamur
1481 1976 1595 2003 invicem
1625 1977 1650 2003 in
1677 1976 1770 2003 osculo

983 2027 1094 2049 sancto:
1111 2029 1197 2056 neque
1217 2023 1382 2049 condemnes
1405 2030 1464 2054 nos,
1485 2022 1508 2049 si
1534 2030 1586 2049 non
1603 2022 1768 2057 perfecte,el

982 2068 1052 2096 sicut
1076 2068 1202 2103 placitum
1226 2074 1268 2094 est
1282 2072 1332 2094 tua‘
1349 2068 1474 2100 bonitati,
1502 2069 1593 2095 mundi
1626 2076 1720 2095 sumus
1736 2069 1770 2095 ab

982 2115 1054 2141 omni
1069 2114 1133 2141 faece
1148 2115 1261 2149 peccati,
1285 2119 1312 2141 et
1328 2115 1464 2148 nequitim,
1484 2115 1684 2150 mortifera-que
1698 2116 1769 2149 inju-

983 2162 1082 2188 riarum
1107 2160 1314 2188 recordationis.
1334 2160 1386 2187 Sed
1401 2161 1456 2195 ipse
1469 2161 1595 2188 inelfabili
1614 2167 1655 2188 tua
1671 2167 1698 2189 et
1726 2162 1769 2189 in-

983 2206 1128 2233 enarrabili
1143 2205 1389 2238 conuuiscratioue,
1420 2214 1586 2242 cognoscens
1613 2207 1769 2242 ﬁgmentum

139 2251 328 2286 εὐσπλαγχνία
344 2250 421 2282 εἰδὼς
433 2251 464 2277 τὸ
478 2251 590 2286 πλάσμα
607 2250 685 2286 ἡμῶν
700 2250 730 2277 τὸ
743 2250 863 2282 ἀσθενὲς,
882 2251 928 2277 καὶ

984 2257 1104 2280 uostrutn
1120 2252 1217 2286 debile,
1234 2257 1261 2279 et
1277 2251 1309 2278 ad
1337 2252 1464 2279 inferiora
1489 2252 1616 2287 proclive,
1637 2253 1694 2280 dele
1710 2261 1770 2280 om-

138 2307 148 2322 :
157 2298 214 2324 άτω
225 2297 329 2332 βρίθον,
342 2296 481 2331 ὲξάλειψον
493 2298 582 2324 πᾶσαν
595 2290 689 2332 κηλίδα
700 2296 930 2332 παραπτωμάτων

138 2343 230 2378 ἡμῶν,
242 2343 287 2369 ἴνα
297 2342 334 2378 μὴ
343 2343 381 2374 εἰς
389 2343 510 2378 κρῖμα,ἢ
527 2343 567 2374 εἰς
576 2343 734 2378 κατάκριμα
745 2344 810 2377 ἡμῖν
818 2343 931 2378 γένηται

137 2389 168 2415 τὸ
181 2388 254 2415 Θεῖον
267 2388 346 2414 τοῦτο
361 2389 520 2424 μυστήριον.
536 2388 572 2414 Σὺ
589 2388 643 2423 γὰρ
657 2385 681 2413 εἷ
692 2389 705 2413 ὁ
716 2388 864 2422 δυνάμενος
879 2389 931 2415 πᾶ-

140 2444 189 2462 σαν
207 2434 300 2469 ἁφίειν
316 2434 463 2469 ἁμαρτίαν,
488 2435 536 2461 καὶ
561 2434 736 2469 ὑπερϐαίνειν
757 2433 863 2465 ἀδικίας
884 2434 932 2461 καὶ

139 2481 258 2517 ἀνομίας
272 2480 328 2508 τῶν
338 2480 518 2516 ταλαιπώρων
529 2479 692 2516 ἀνθρώπων,
703 2480 872 2516 καθαρισμὸς
884 2480 931 2506 τοῦ

139 2528 243 2562 κόσμον
269 2526 370 2557 παντὸς
398 2526 539 2561 ὑπάρχων,
560 2525 609 2552 καὶ
632 2525 674 2552 σοὶ
699 2525 798 2560 πρέπει
820 2527 836 2561 ἠ
857 2526 932 2561 παρὰ

138 2572 241 2604 παντὸς
261 2571 414 2607 συμφώνως
426 2571 576 2605 δοξολογία,
592 2571 659 2607 τιμὴ
673 2573 721 2598 καὶ
734 2571 930 2607 προσκύνησις,

140 2620 197 2654 ἄμα
215 2618 254 2654 τῷ
272 2619 399 2654 ἁχράντῳ
416 2626 462 2644 σου
480 2618 583 2654 Πατρὶ,
609 2619 656 2645 καὶ
678 2617 717 2653 τῷ
739 2617 863 2650 ζωοποιῶ
885 2627 932 2645 σου

139 2666 280 2701 Πνεύματι
299 2665 356 2696 νῦν,
372 2674 400 2691 κ.
413 2664 439 2691 λ.

174 2711 231 2738 Καὶ
251 2711 364 2745 γίνεται
380 2711 552 2745 ἀσπασμός.

181 2759 209 2783 '0
223 2756 364 2790 διάκονος
379 2757 459 2791 λέγει
469 2765 476 2772 ·
493 2757 604 2793 Στῶμεν
621 2757 720 2789 καλῶς.

179 2806 213 2831 ὐ
231 2805 307 2838 λαὸς
318 2804 399 2839 λέγει
411 2813 417 2818 ·
439 2805 532 2837 Ἔλεος
546 2807 666 2841 εἰρήνης.

179 2852 212 2877 '0
229 2851 327 2885 ἱερεὺς
343 2851 513 2886 ἐκφωνήσει
520 2860 527 2867 “

188 2899 212 2925 ll
228 2898 326 2933 ἀγάπη
346 2896 392 2924 τοῦ
406 2897 473 2924 Θεοῦ
490 2898 604 2934 Πατρὸς,
628 2899 702 2934 καιή
724 2907 802 2934 χαρις
824 2898 871 2925 τοῦ
887 2907 935 2933 μο-

985 2308 1044 2327 nem
1061 2301 1191 2327 maculam
1209 2299 1372 2327 ollcnsarmn
1390 2305 1560 2332 nostrarum,
1575 2305 1604 2326 ιιι
1618 2308 1669 2327 non
1688 2301 1713 2327 in
1727 2301 1770 2336 ju-

983 2345 1093 2378 dicium,
1109 2350 1155 2372 aut
1173 2346 1199 2372 in
1218 2345 1472 2372 condemnationem
1499 2345 1576 2371 nobis
1590 2344 1636 2371 liat
1652 2344 1771 2372 divinum

984 2391 1034 2418 hoc
1050 2392 1218 2427 mysterium.
1235 2390 1275 2418 Tu
1293 2391 1365 2417 enim
1378 2398 1407 2418 es
1424 2395 1519 2425 potens
1535 2391 1672 2417 dimittere
1686 2391 1771 2425 quod-

983 2445 1088 2472 cunque
1101 2443 1253 2472 peccatum,
1273 2441 1300 2464 et
1324 2444 1452 2472 superare
1478 2436 1643 2471 iniquitates.
1661 2442 1686 2463 et
1702 2437 1770 2470 inju-

983 2484 1072 2511 stitias
1087 2485 1247 2511 miserorum
1262 2483 1413 2515 hominum,
1430 2490 1489 2509 cum
1502 2483 1538 2509 sis
1551 2483 1674 2516 purgatio
1691 2483 1771 2509 totius

984 2530 1133 2562 mundi;et
1146 2529 1194 2556 tibi
1211 2529 1325 2556 debetur
1345 2529 1379 2555 ab
1407 2535 1569 2562 unoquoque
1598 2529 1770 2555 concinenter

984 2575 1153 2610 gloriﬁcatio,
1171 2575 1267 2604 honor,
1298 2579 1325 2601 et
1354 2574 1486 2605 adoratio,
1519 2574 1770 2601 cumimmaculatu

986 2626 1030 2648 tuo
1044 2621 1134 2652 Patre,
1147 2624 1174 2647 et
1189 2619 1291 2654 Spiritu
1308 2624 1354 2647 tuo
1378 2619 1541 2651 viviﬁcante,
1568 2625 1638 2646 nunc
1655 2623 1681 2645 et
1698 2625 1771 2645 sem-

985 2677 1042 2703 per,
1060 2673 1112 2694 ('IC.

1022 2714 1053 2741 Et
1067 2715 1146 2741 datur
1160 2716 1276 2740 osculum
1290 2721 1372 2747 pacta.

1022 2761 1161 2787 Dinconua.
1180 2759 1288 2786 Stemus
1301 2759 1436 2786 decenter.

1024 2806 1149 2839 Populus.
1173 2804 1387 2832 Misericordiam
1401 2804 1487 2839 pacis.

1022 2851 1149 2878 Sacerdos
1156 2851 1223 2877 dicet
1237 2850 1290 2877 alla
1307 2859 1381 2878 uoce:

1022 2897 1148 2925 Charitas
1161 2897 1206 2925 Dei
1222 2896 1310 2926 Patris
1328 2902 1354 2924 et
1375 2902 1460 2932 gratia
1488 2895 1616 2932 unigeniti
1634 2894 1693 2923 Filii
1717 2894 1770 2923 Do-
