2027 3135
118 167 174 194 709

599 167 761 195 [.ITURGIA
784 169 812 196 S.
834 169 997 198 GREGORII
1016 171 1274 200 ALEXANDRINA.

1693 177 1745 207 ἨΟ

118 223 258 259 ἁφραστός
273 231 320 249 σου
331 223 381 258 τῆς
393 223 490 257 σοφίας
500 225 516 258 ή
530 223 654 259 δύναμις.
664 225 759 257 Οὐδεὶς
769 225 846 259 λόγος
863 227 908 252 ἐκ-

960 229 1126 263 cxplicabili‘s
1136 235 1178 257 est
1192 236 1242 257 tum
1258 230 1397 264 sapientia:
1412 231 1646 266 potentia.Nullus
1657 239 1746 260 sermo

120 269 251 305 μετρήσει
265 269 314 303 τῆς
330 270 378 304 σῆς
395 269 598 304 φιλανθρωπίας
615 269 645 295 τὸ
658 270 783 305 πέλαγος.
800 272 910 307 Ἐποίη-

119 315 170 346 σάς
188 323 221 350 με
249 314 402 350 ἄνθρωπον,
424 314 461 346 ὡς
477 315 676 351 φιλάνθρωπος,
697 325 746 343 ουκ
765 317 846 348 αὐτὸς
862 318 912 352 τῆς

117 361 190 395 ἐμῆς
206 361 315 396 ἐπιδεὴς
329 361 460 393 δουλείας,
479 361 533 396 ἐγὼ
552 361 579 387 δὲ
599 362 697 397 μᾶλλον
709 363 758 398 τῆς
779 363 828 398 σῆς
845 364 912 399 χρῄ-

119 407 173 439 ζων
188 407 358 438 δεσποτείας.
373 407 429 433 Οὐκ
444 407 509 434 ὄντα
527 416 560 443 με
575 408 608 434 δι’
627 408 828 443 εὐσπλαγχνίαν
842 418 911 445 παρ-

119 453 237 487 ήγαγες·
264 453 378 488 οὐρανόν
407 461 451 488 μοι
478 453 546 488 πρὸς
572 453 669 489 ὄροφον
698 454 832 489 ἕστησας·
860 456 911 490 γῆν

120 507 165 533 μοι
186 498 255 534 πρὸς
271 498 349 533 βάσιν
369 498 542 535 κατέπηξας·
560 499 594 526 δι’
613 500 663 535 ἐμὲ
688 500 826 526 θάλασσαν
846 501 910 535 ἐχα-

119 543 250 575 λίνωσας·
268 544 302 570 δι’
326 545 375 579 ἐμὲ
400 545 449 579 τὴν
475 545 554 579 φύσιν
570 545 623 571 τῶν
651 544 728 576 ζώων
754 546 908 578 ἁνέδειξας·
927 547 935 552 “

121 590 209 616 πάντα
227 590 363 623 ὑπέταξας
382 590 433 617 ὑπὸ
451 591 505 617 τῶν
528 591 615 617 ποδῶν
643 600 692 626 μου
704 601 710 605 ·
735 591 788 617 οὐδ’
805 591 833 618 ἐν
857 592 910 618 τῶν

118 636 169 669 τῆς
193 636 243 670 σῆς
271 635 477 671 φιλανθρωπίας
503 636 532 665 ὲν
557 636 617 671 ἐμοὶ
646 636 816 671 πραγμάτων
839 645 910 672 παρ-

119 682 241 712 ἐλειπας,

169 740 191 764 0
203 738 279 771 λαὸς
293 738 382 773 λέγει.
401 738 496 773 Κύριε,
511 738 630 773 ἐλέησον.
683 770 689 778 ¹

169 795 191 819 0
206 794 302 827 ἱερεὺς
318 793 407 828 λέγει.
425 793 460 819 Σὺ
478 793 597 825 ἔπλασας
613 803 656 828 με,
679 794 726 821 καὶ
750 794 852 830 ἔθηκας
867 795 909 820 ἐπ’

117 840 168 874 ἐμὲ
191 840 241 874 τὴν
261 840 341 875 χεῖρὰ
359 848 421 866 σου·
441 840 490 874 τῆς
514 841 562 874 σῆς
582 840 704 872 ἐξουσίας
726 841 754 866 ὲν
777 841 839 875 ἐμοὶ
861 841 910 876 τὴν

117 885 211 911 εἰκόνα
233 885 408 920 ὑπέγραψας·
425 886 472 912 τοῦ
496 885 575 920 λόγου
596 887 626 913 τὸ
648 887 732 922 δῶρον
756 888 905 923 ἐνέϐηκας·
926 901 946 928 Β
962 887 1092 921 scripsisti

117 932 157 961 εἰς
180 931 287 965 τρυφήν
311 939 355 965 μοι
378 931 424 957 τὸν
451 931 614 967 παράδεισον
634 932 761 968 ἠνοιξας·
787 932 837 967 τῆς
858 933 907 968 σῆς

116 976 244 1010 γνώσεως
272 976 322 1011 τὴν
344 976 517 1004 διδασκαλίαν
543 977 719 1013 παρέδωκας·
743 978 846 1011 έδειξάς
874 987 906 1014 με

116 1022 146 1048 τὺ
164 1022 272 1057 δὲιῶρον
300 1022 350 1056 τῆς
385 1021 475 1057 ζωῆς”
499 1032 544 1058 μοι
571 1023 647 1055 ξύλον
676 1024 833 1056 ὑπέδειξας*
859 1024 906 1050 τοῦ

116 1067 234 1095 θανάτου
248 1068 278 1094 τὺ
297 1068 408 1103 κέντρον
428 1068 594 1104 ἐγνώρισας·
614 1069 673 1101 ἑνός
691 1078 735 1105 μοι
752 1069 834 1105 φυτοῦ
857 1070 907 1105 τὴν

116 1113 266 1140 ἀπόλαυσιν
281 1114 473 1148 ἀπηγόρευσας
485 1122 491 1129 ·
517 1114 547 1146 ἐξ
563 1114 643 1140 αὐτοῦ
669 1115 750 1148 μόνου
767 1113 812 1142 οὖν
828 1113 906 1147 εἶπάς

118 1168 163 1194 μοι
181 1160 219 1194 μὴ
237 1161 350 1194 φαγεῖν·
370 1160 480 1194 ἔφαγον,
494 1160 575 1195 νόμον
589 1160 725 1196 ὴοέτησα·
743 1161 839 1198 γνώμῃ
858 1162 907 1196 τῆς

116 1206 227 1240 ἐντολῆς
243 1205 443 1242 παρημέλησα·
461 1206 516 1241 ἐγὼ
533 1206 561 1232 δὲ
580 1206 628 1233 τοῦ
642 1206 758 1234 θανάτου
774 1208 823 1243 τὴν
840 1208 907 1234 ἁπό-

117 1259 201 1286 φασιν
216 1253 340 1287 ἧρπασα.

159 1297 191 1323 '0
204 1297 280 1330 λαὸς
293 1297 384 1332 λέγει.
399 1297 495 1334 Κύριε,
512 1298 623 1333 ἐλέησον

157 1353 190 1380 '0
207 1354 303 1388 ἱερεὺς
317 1354 406 1390 λέγει.
427 1355 462 1381 Σύ
482 1364 536 1390 μοι,
557 1353 580 1382 ὧ
606 1355 739 1387 Δέσποτα,
755 1356 803 1392 τὴν
820 1365 907 1391 τιμω-

119 1400 180 1436 ρίαν
201 1401 363 1435 μετέϐαλες·
383 1401 420 1432 ὡς
437 1403 539 1437 ποιμὴν
557 1402 658 1436 ἀγαθὸς
676 1403 715 1433 εἰς
732 1401 906 1437 πλανώμενον

117 1447 251 1482 εὕραμες·
278 1447 315 1479 ὡς
340 1448 431 1483 πατὴρ
456 1447 581 1483 ἀληθινὸς
603 1448 665 1483 ἐμοὶ
690 1447 728 1482 τῷ
752 1448 907 1474 πεπτωκότι

118 1494 308 1528 σννήλγησας·
331 1494 398 1520 πᾶσι
417 1495 473 1524 τοῖς
489 1494 557 1529 πρὸς
580 1493 653 1529 ζωὴν
672 1494 825 1530 φαρμάκοις
846 1502 907 1520 κατ-

117 1539 228 1573 έδησας.
245 1539 331 1571 Αὐτός
358 1547 403 1574 μοι
429 1540 572 1575 προφήτας
598 1539 774 1571 ἀπέστειλας·
800 1539 833 1566 δι’
855 1539 904 1574 ἐμὲ

115 1584 163 1610 τὸν
186 1584 333 1615 νοσοῦντα,
358 1583 439 1618 νόμον
465 1584 504 1614 εἰς
533 1583 658 1618 βοήθειαν
684 1583 796 1615 ἔδωκας.
821 1584 907 1615 Αὐτός

119 1639 165 1666 μοι
178 1631 185 1641 ”
205 1630 255 1661 τὰς
276 1630 346 1666 πρὸς
373 1630 478 1664 ὑγιείαν
493 1627 515 1656 ὦ
542 1630 794 1666 παρανομηοείσας,
815 1630 907 1665 διηκό-

117 1684 218 1712 νησας’
236 1675 293 1711 φῶς
310 1677 367 1708 τοῖς
381 1676 567 1711 πλανωμένοις
580 1675 736 1707 ἀνέτειλας⁵
753 1677 810 1707 τοῖς
826 1677 908 1710 ἀγνο-

117 1721 188 1753 οῦσι,
204 1721 218 1747 ὸ
234 1722 278 1748 ἀεὶ
294 1721 390 1757 παρὼν
413 1721 601 1756 ἐπεδήμησας·
614 1721 661 1747 ἐπὶ
678 1721 727 1756 τὴν
743 1721 908 1757 παρθενικὴν

116 1763 200 1802 ἦλθες
221 1765 312 1802 νηδύν.
333 1766 362 1792 Ὁ
380 1765 521 1802 ἀχώρητος
539 1765 606 1797 Θεὸς
630 1765 679 1798 ὣν,
691 1766 740 1801 οὐχ
760 1766 908 1801 ἁρπαγμὸν

117 1812 216 1847 ἡγήσω
241 1811 272 1838 τὸ
296 1808 365 1838 εἶναι
395 1812 440 1838 ῖσα
466 1811 542 1846 Θεῷ,
565 1811 624 1838 ἀλλ’
646 1811 741 1838 ἑαυτὸν
772 1811 908 1844 ἐκένωσας

120 1857 230 1893 μορφὴν
246 1856 340 1884 δούλου
357 1856 464 1884 λαϐώνο
485 1857 534 1892 τὴν
557 1857 626 1893 ὲμὴν
647 1857 676 1884 ὲν
699 1857 740 1883 σοὶ
763 1857 842 1891 φύσιν
859 1858 908 1893 ηὑ-

117 1903 255 1938 λόγησας·
284 1902 354 1938 ὑπὲρ
378 1902 445 1938 ἑ,μοῦ
473 1903 518 1929 τὸν
546 1903 628 1937 νόμον
656 1902 836 1938 ὲπλήρωσας,
861 1902 907 1929 τοῦ

118 1948 266 1985 πτῶματός
291 1957 342 1984 μου
364 1949 414 1985 τὴν
434 1949 581 1976 ἀνάστασιν
606 1949 806 1985 ὑπηγόρευσας.
822 1949 908 1975 Ἔδω-

117 2002 170 2025 κας
190 1995 247 2025 τοῖς
263 1993 317 2020 ὑπὸ
339 1993 385 2020 τοῦ
409 1993 473 2029 ᾇδου
496 1993 691 2029 κρατουμένοις
717 1992 767 2028 τὴν
793 1993 906 2028 ἄφεσιν’

118 2039 166 2067 τοῦ
188 2040 271 2076 νόμου
298 2041 348 2076 τὴν
378 2039 448 2076 ἀρὰν
479 2040 667 2074 ἀπεσὸσησας·
692 2040 721 2066 ὲν
748 2039 829 2076 σαρκὶ
859 2037 908 2074 τὴν

119 2086 258 2122 ἁμαρτίαν
283 2086 476 2122 κατήργησας·
494 2086 543 2121 τῆς
572 2085 621 2121 σῆς
642 2084 768 2117 ἐξουσίας
792 2093 837 2120 μοι
859 2084 908 2119 τὴν

117 2132 278 2159 δυναστείαν
303 2131 469 2166 ὲγνώρισας·
488 2131 597 2166 τυφλοῖς
617 2131 649 2157 τὸ
672 2130 781 2166 βλέπειν
805 2130 909 2157 ἀπέδω-

120 2185 187 2208 κας¹
211 2177 325 2213 νεκροὺς
354 2177 386 2203 ἐκ
413 2177 506 2211 τάφων
534 2176 701 2211 ἀνέστησας·
726 2176 829 2211 ῥήματι
859 2174 908 2210 τὴν

120 2223 201 2257 φύσιν
223 2222 404 2257 ἀνώρθωσας·
425 2222 475 2258 τῆς
500 2222 550 2257 σῆς
573 2221 772 2256 εὐσπλαγχνίας
793 2229 839 2256 μοι
858 2221 907 2256 τὴν

118 2268 274 2301 οἰκονομίαν
290 2268 448 2301 ὑπέδειξας·
467 2268 521 2295 τῶν
538 2267 664 2303 πονηρῶν
690 2267 741 2303 τὴν
773 2267 832 2302 βίαν
856 2267 907 2293 ὑπ-

119 2316 248 2348 ένεγκας·
268 2314 314 2340 τὸν
338 2313 421 2341 νῶτόν
438 2322 484 2340 σου
508 2313 624 2345 δέδωκας
635 2314 674 2344 εἰς
691 2313 837 2348 μάστιγας·
860 2313 909 2344 τὰς

119 2361 148 2387 δὲ
175 2360 304 2394 σιαγόνας
333 2368 379 2386 σου
414 2359 554 2394 ὑπέθηκας
585 2359 625 2391 εἰς
652 2359 828 2395 ραπίσματα³
859 2359 908 2385 οὐκ

119 2407 293 2442 ἀπέστρεψας
309 2406 342 2433 δι’
358 2407 406 2441 ἐμὲ
426 2407 455 2432 τὸ
479 2407 623 2442 πρόσωπόν
641 2414 687 2432 σου
706 2406 760 2432 ἀπὸ
777 2405 908 2440 αἰσχύνης

119 2452 333 2487 ἰμπτυσμὰτων.

171 2500 193 2524 0
207 2498 282 2531 λαὸς
297 2498 389 2524 λέν-ει.
406 2497 491 2526 Κύριε
501 2517 509 2529 ,
526 2497 645 2533 ἐλέησον.

160 2564 188 2590 Ὁ
205 2565 301 2599 ἱερεὺς
319 2564 409 2599 λέγει.
428 2564 472 2595 Ὠς
486 2562 619 2599 πρόϐατον
633 2563 679 2589 ἐπὶ
695 2562 800 2598 σφαγὴν
815 2560 906 2598 ἦλθες.

121 2611 202 2646 μέχρι
224 2610 342 2646 σταυροῦ
361 2611 409 2645 τὴν
424 2609 493 2646 ἐμὴν
511 2609 674 2645 κηδεμονίαν
691 2608 848 2640 ὑπέδειξας·
870 2608 908 2643 τῷ

121 2657 160 2691 σῷ
175 2657 252 2692 τάφῳ
273 2656 322 2691 τὴν
339 2656 408 2692 ἐμὴν
427 2657 562 2692 ἁμαρτίαν
578 2655 747 2690 ἐνέκρωσας·
769 2655 808 2684 εἰς
827 2654 907 2689 οὐρα-

120 2703 165 2730 νὺν
194 2703 243 2737 τὴν
261 2702 330 2738 ἐμὴν
356 2702 482 2737 ἀπαρχὴν
514 2701 694 2732 ἁνεόίὸασας·
716 2700 764 2735 τῆς
790 2699 839 2734 σῆς
857 2699 908 2733 ἀφ-

121 2747 197 2780 ιξεώς
206 2748 311 2783 μοιτὴν
323 2748 472 2783 παρουσίαν
489 2747 637 2782 ἐμήνυσας,
647 2742 700 2781 ὲνῇ
711 2745 815 2780 μέλλεις
829 2744 907 2780 ἔρχε-

121 2794 181 2820 σθαι
210 2795 301 2829 κρῖναι
336 2792 438 2824 ζῶντας
461 2793 508 2819 καὶ
533 2793 662 2827 νεκροὺς,
687 2791 734 2817 καὶ
761 2789 907 2816 ἀποδοῦναι

121 2839 225 2874 ἑκάστῳ
238 2838 312 2864 κατὰ
327 2837 362 2863 τὰ
381 2837 447 2872 ἔργα
463 2837 554 2864 αὑτοῦ.

159 2886 188 2913 ’0
201 2885 278 2918 ,ιιιὸς
295 2883 385 2918 λέγει.
406 2884 481 2910 Κατά
496 2884 525 2910 τὸ
541 2883 613 2916 ἔλεός
631 2891 677 2909 σοι.)
705 2881 800 2917 Κύριε.

962 275 1117 302 dimetiatur
1129 275 1304 308 benignitatis
1321 280 1372 302 lure
1396 283 1459 311 erga
1483 277 1605 305 homines
1624 279 1745 314 pelagus.

962 319 1060 346 Fecisti
1075 328 1116 347 me
1129 321 1276 354 hominem,
1305 325 1432 356 tanquam
1458 330 1521 356 erga
1541 324 1685 350 humanum
1701 332 1748 359 ge-

963 374 1013 393 nus
1031 367 1171 402 benignus.
1187 376 1239 394 non
1252 369 1321 402 quod
1335 369 1444 395 servitio
1456 376 1516 395 meo
1531 369 1674 403 indigeres,
1685 378 1746 397 cum

962 419 1012 446 ego
1028 413 1117 447 potius
1134 418 1180 440 tuo
1196 420 1265 447 opus
1280 414 1407 441 haberem
1421 414 1550 440 dominio.
1567 414 1610 441 Me
1624 423 1683 441 cum
1694 423 1746 442 non

963 466 1062 490 essem,
1077 459 1262 486 misericordia
1294 464 1337 486 tua
1365 460 1538 493 produxisti,
1567 460 1664 487 caelum
1681 462 1746 488 mihi

963 504 1039 538 quasi
1057 510 1158 531 tectum
1180 505 1345 532 constituisti
1359 514 1365 531 :
1381 510 1478 532 terram
1495 511 1524 532 ut
1539 506 1564 532 in
1581 513 1611 533 ea
1625 506 1747 532 ambula-

963 556 1019 575 rem
1033 549 1203 576 slabilivisti:
1222 555 1332 584 propter
1357 559 1399 577 mc
1419 558 1492 577 mare
1533 550 1664 582 frettasti;
1690 559 1748 585 [δι-ο⁴

961 599 1022 628 pter
1036 602 1078 621 me
1105 601 1227 621 natumut
1260 595 1417 622 animalium
1442 597 1558 629 creasti;
1582 597 1748 624 omniasub-

959 638 1047 671 jecisti
1075 640 1124 665 sub
1153 640 1267 673 pedibus
1288 640 1362 671 meis,
1381 648 1467 675 neque
1492 641 1666 675 benignitatis
1682 649 1745 676 erga

962 691 1005 710 me
1026 689 1075 710 tum
1088 684 1234 718 quidquam
1249 686 1373 711 omisisti.

998 739 1124 774 Populus.
1140 741 1232 775 Kyric,
1245 741 1356 770 elcisou.

998 796 1136 823 Sacerdos.
1151 797 1190 823 Tu
1209 798 1330 825 formasti
1356 806 1398 824 me
1418 804 1444 825 et
1467 800 1577 834 pos-iisti
1598 808 1679 835 super
1703 809 1747 828 me

961 849 1070 868 manum
1086 847 1169 875 tuam,
1191 844 1331 877 potestatis
1357 849 1408 870 tua:
1429 845 1453 871 in
1473 853 1515 872 nte
1530 846 1671 880 imaginem
1697 847 1744 874 de-

1118 888 1256 915 ;rationis
1284 890 1382 915 donum
1410 890 1529 917 indidisti
1555 899 1563 917 :
1590 891 1744 925 paradisum

960 933 1025 959 mihi
1048 933 1081 959 ad
1107 933 1332 961 oblectamentum
1351 943 1440 962 meum
1469 937 1622 971 aperuisti:
1644 939 1745 972 cogita-

959 978 1038 1006 tionis
1064 985 1115 1006 tua:
1141 979 1290 1006 doctrinam
1324 980 1460 1008 tradidisti
1482 984 1632 1009 :arhorcm
1666 984 1743 1017 mihi,

958 1024 1060 1060 lignum
1084 1024 1147 1052 vitae
1171 1026 1324 1058 ostendisti,
1341 1030 1369 1053 et
1393 1027 1488 1054 mortis
1505 1028 1644 1054 stimulum
1661 1029 1744 1062 signi-

958 1071 1056 1103 ﬁcasti,
1076 1071 1156 1098 unius
1179 1071 1275 1105 plantae
1293 1071 1447 1098 {ruitionem
1477 1073 1543 1100 mihi
1571 1075 1743 1108 prohibuisti,

957 1124 990 1143 ex
1010 1123 1041 1142 ea
1056 1116 1111 1143 sola
1135 1117 1225 1143 dixisti
1243 1125 1276 1144 ne
1296 1119 1464 1146 comederem
1486 1128 1493 1146 :
1521 1121 1637 1152 comedi,
1658 1121 1743 1154 legem

957 1161 1067 1196 insuper
1091 1162 1183 1194 habui,
1199 1167 1225 1189 et
1246 1170 1279 1189 ex
1307 1163 1390 1189 animi
1416 1165 1549 1190 sententia
1581 1170 1742 1199 praeceptum

957 1206 1076 1242 neglexi;
1090 1214 1140 1242 ego
1153 1212 1242 1234 autem
1260 1207 1422 1238 Sententiam
1434 1208 1528 1235 mortis
1544 1210 1631 1242 rapui.

993 1296 1120 1330 Populus.
1135 1296 1174 1332 Ky
1180 1296 1228 1329 rie,
1246 1297 1357 1324 elcison.

993 1353 1133 1381 Sacerdos.
1149 1353 1188 1379 Tu
1202 1353 1277 1386 mihi,
1292 1353 1415 1386 Domine,
1435 1360 1541 1387 poenam
1559 1353 1718 1381 transtulisti
1734 1363 1742 1381 :

959 1404 985 1427 tu
1012 1399 1084 1427 velut
1115 1404 1207 1434 pastor
1240 1400 1337 1431 bonus,
1356 1399 1388 1425 ad
1418 1404 1554 1426 errantem
1581 1400 1741 1432 cucurristi;

958 1450 1087 1480 tanquam
1105 1450 1182 1480 pater
1199 1453 1288 1478 verus,
1301 1445 1377 1478 mihi,
1396 1452 1457 1472 cum
1481 1445 1651 1478 cecidissem,
1679 1454 1744 1472 cutt-

958 1492 1077 1525 doluisti,
1093 1492 1271 1526 omnibusque
1283 1493 1314 1518 ad
1331 1492 1413 1518 vitam
1440 1492 1566 1519 remediis
1587 1492 1743 1520 contrivisti.

959 1537 1018 1572 Ipse
1034 1538 1067 1564 ad
1081 1545 1123 1564 me
1138 1538 1282 1572 prophetas
1295 1537 1408 1569 misisti;
1425 1541 1534 1572 propter
1547 1544 1590 1564 me
1609 1543 1744 1572 aegrotan-

960 1589 1024 1616 tem,
1041 1583 1126 1618 lcgem
1147 1582 1180 1610 ad
1205 1583 1334 1609 auxilium
1358 1583 1455 1610 dedisti
1470 1591 1477 1610 :
1490 1583 1546 1618 ipse
1562 1584 1626 1610 mihi
1645 1585 1679 1610 ad
1699 1591 1744 1611 sa-

958 1630 1075 1657 nandum
1095 1636 1127 1656 ea
1145 1629 1171 1655 in
1189 1629 1286 1664 quibus
1299 1630 1491 1663 praevaricatus
1507 1637 1592 1662 eram,
1603 1637 1662 1664 quae
1676 1637 1745 1665 opus

958 1679 1037 1702 erant
1050 1675 1246 1701 administrasti
1265 1684 1271 1702 :
1291 1675 1445 1702 errantibus
1461 1676 1551 1703 lumen
1568 1681 1679 1703 exortus
1695 1683 1742 1704 es:

959 1719 1144 1755 ignorantibus
1157 1725 1183 1746 tu
1200 1727 1307 1754 semper
1316 1727 1435 1754 praesens
1448 1721 1593 1754 advenisti,
1607 1726 1634 1747 et
1653 1721 1680 1748 in
1694 1722 1745 1748 vir-

957 1766 1072 1800 ginalem
1088 1770 1193 1792 uterutu
1210 1766 1318 1793 venisti.
1338 1765 1592 1799 incircumscriptus
1613 1766 1684 1794 Deus
1700 1776 1744 1794 ex-

958 1813 1067 1845 sisteus,
1085 1820 1139 1839 non
1164 1812 1284 1847 rapinam
1307 1812 1457 1854 arbitratus
1477 1819 1506 1839 es
1531 1820 1592 1839 esse
1614 1813 1743 1847 aequalem

958 1858 1024 1890 Deo,
1042 1858 1088 1885 sed
1107 1858 1276 1892 temetipsum
1292 1858 1463 1885 esinanivisti
1483 1857 1597 1884 formam
1612 1858 1683 1885 servi
1698 1863 1742 1886 lc-

957 1902 1061 1936 cipicus
1077 1910 1084 1928 :
1103 1909 1190 1929 nteant
1214 1902 1240 1928 in
1270 1906 1296 1930 te
1323 1907 1447 1929 naturam
1475 1902 1663 1929 benedixisti:
1689 1904 1742 1930 mei

958 1955 1039 1976 causa
1051 1947 1135 1983 legem
1153 1947 1297 1983 implevisti
1312 1956 1319 1975 :
1335 1948 1469 1983 quomodo
1486 1956 1502 1975 a
1520 1948 1595 1983 lapsu
1612 1956 1671 1976 meo
1685 1957 1744 1976 sur-

959 1998 1062 2026 gerem,
1086 1991 1253 2027 suggessisti.
1277 1991 1331 2020 Illis
1358 2000 1426 2028 quos
1447 1993 1569 2021 infernus
1593 1993 1741 2027 detinebat.

958 2038 1148 2066 remissionem
1178 2038 1284 2071 dedisti,
1301 2038 1422 2074 legisque
1447 2039 1660 2067 maledictiouem
1680 2040 1744 2068 abs-

957 2084 1052 2112 tulisti.
1070 2083 1100 2112 ln
1127 2092 1210 2112 carne
1239 2089 1380 2121 peccatum
1407 2084 1580 2118 destruxisti;
1603 2087 1745 2119 potestatis

960 2134 1011 2157 tuae
1026 2129 1211 2157 auctoritatem
1240 2129 1306 2157 mihi
1331 2129 1522 2157 demonstrasti
1541 2140 1547 2157 :
1562 2130 1642 2157 cat-cis
1658 2131 1743 2158 Visum

959 2175 1100 2202 restituisti
1124 2183 1131 2201 :
1147 2179 1268 2203 mortuos
1285 2182 1316 2202 ex
1336 2175 1468 2210 sepulcris
1493 2176 1618 2204 excitasti
1636 2185 1644 2204 :
1660 2177 1744 2204 verbo

959 2221 1018 2249 solo
1036 2227 1161 2248 naturam
1186 2222 1328 2249 suseitasti
1344 2231 1350 2248 :
1369 2221 1520 2249 clementia:
1534 2227 1585 2249 tuae
1604 2222 1745 2256 dispensa-

962 2266 1062 2294 tionem
1095 2266 1160 2294 mihi
1183 2266 1324 2293 ostendisti
1348 2275 1355 2293 :
1386 2266 1565 2300 malignorum
1591 2267 1744 2294 violentiam

961 2311 1111 2339 sustinuisti
1128 2321 1134 2338 :
1152 2312 1260 2339 dorsum
1281 2316 1354 2338 tuum
1379 2315 1411 2338 ad
1427 2311 1529 2346 ﬂagella
1547 2313 1643 2339 dedisu
1657 2321 1664 2345 ;
1681 2321 1745 2339 rna-

961 2357 1039 2384 xillas
1052 2365 1157 2392 quoque
1173 2357 1326 2391 alapis,nee
1339 2357 1461 2385 avertisti
1474 2363 1583 2392 propter
1595 2366 1636 2386 me
1647 2358 1744 2386 faciem

963 2405 1035 2428 tuam
1050 2402 1084 2428 ab
1101 2401 1247 2436 ignominia
1262 2407 1402 2436 sputorqu

997 2500 1126 2536 Pupulus.
1138 2501 1230 2536 Kyrie,
1245 2502 1358 2530 eleison.

997 2558 1136 2586 Sacerdos.
1158 2559 1297 2594 Tanquam
1323 2558 1382 2586 ovis
1408 2558 1440 2585 ad
1463 2558 1675 2585 immolationem
1698 2565 1744 2585 ve-

962 2605 1038 2638 nisti,
1052 2613 1138 2641 usque
1149 2606 1184 2632 ad
1203 2613 1312 2632 crucem
1333 2605 1384 2632 mei
1407 2612 1500 2632 curam
1522 2605 1684 2638 ostendisti;
1699 2609 1745 2631 ttto

961 2651 1085 2686 sepulcro
1109 2659 1197 2678 metttn
1222 2656 1360 2685 peccatum
1385 2651 1546 2678 interemisti
1569 2659 1576 2677 :
1602 2651 1626 2677 in
1648 2651 1744 2677 omium

961 2696 1093 2731 primitias
1115 2704 1188 2723 meas
1208 2696 1319 2723 elevasti
1342 2706 1348 2723 :
1369 2696 1500 2723 adventus
1517 2696 1554 2722 tui
1572 2696 1744 2730 ptmswtimu

962 2741 1026 2768 mihi
1041 2741 1208 2776 signiﬁcasti,
1222 2742 1247 2768 itt
1261 2750 1313 2776 qtm
1331 2746 1461 2768 venturus
1482 2748 1511 2768 es
1525 2741 1647 2774 judicare
1671 2741 1744 2767 vit-os

961 2790 988 2813 et
1004 2790 1133 2820 mortuos,
1151 2791 1177 2813 et
1195 2787 1307 2814 reddere
1335 2785 1479 2820 unicuique
1497 2786 1644 2813 secundum
1663 2793 1744 2819 opera

961 2832 1020 2866 ejus

999 2875 1126 2912 Populus.
1138 2877 1289 2906 Secundum
1303 2877 1513 2906 miscricordiam
1528 2881 1610 2911 tuam,
1622 2876 1744 2904 Domine.
