2027 3135
134 171 186 199 717

613 164 778 193 LITURGIA
798 163 827 192 S.
847 164 1010 193 GRECORII
1030 165 1285 193 ALEXANDRINA.

1707 170 1757 198 718

169 226 312 262 Εὗφρανον
338 224 420 251 πάλιν
449 223 497 251 καὶ
524 223 695 266 ὰγακαίνισον
722 223 752 249 τὸ
781 223 925 259 πρόσωπον

1012 224 1127 252 Lmtilica
1143 225 1223 252 etiam
1243 228 1269 250 et
1283 230 1381 250 renova
1398 224 1492 253 faciem
1507 225 1606 253 terrm.‘

134 281 184 307 της
197 280 260 306 γης.

171 318 240 348 Τοὺς
258 315 380 346 αὔλακας
402 314 486 349 αὐτῆς
507 313 631 350 μέθυσον,
656 313 790 349 πλήθυνον
811 313 845 340 τὰ
863 321 924 348 γεν-

134 365 245 397 νήματα
265 361 367 396 αὺτῆς·
390 360 562 396 παράστησον
578 360 643 395 ἡμῖν
662 359 731 386 αὐτὰ
747 360 786 390 εἰς
803 358 922 394 σπέρμα,

136 409 184 434 καὶ
206 408 245 438 εἰς
267 406 406 442 θερισμὸν,
428 406 475 432 καὶ
495 405 542 432 νῦν
561 404 678 439 εὐλογῶν
695 404 851 440 εὐλόγησον.
869 404 924 440 Τὴν

137 453 210 489 ζωὴν
233 453 312 488 ἡμῶν
338 452 526 487 οίκονόμησον.
553 451 706 486 Εὺλόγησον
724 450 770 477 τὸν
796 451 926 485 στέφανον

135 500 184 526 τοῦ
207 498 331 526 ἐνιαυτοῦ
352 499 400 534 τῆς
425 498 606 534 χρηστότητός
630 506 686 531 σου,
704 497 747 524 διὰ
770 497 833 528 τοὺς
854 505 926 522 mo)-

136 546 202 580 χοὺς
216 544 264 572 τοῦ
280 544 345 571 λαοῦ
364 553 421 576 σου,
435 543 478 570 διὰ
497 543 546 579 τὴν
559 544 656 579 χήραν,
672 543 720 569 καὶ
737 542 782 569 τὸν
796 542 924 578 ὀρφανὸν,

135 591 181 617 διὰ
204 591 250 617 τὸν
271 590 357 623 ξένον,
384 590 430 616 καὶ
458 590 503 616 τὸν
529 590 707 624 προσήλυτον,
729 590 775 616 καὶ
799 589 831 614 δι’
853 588 928 624 ἡμᾶς

139 636 244 667 πάντας
254 636 317 667 τοὺς
333 634 490 666 ἐλπίζοντας
510 635 555 660 ἐπὶ
575 634 627 666 σοὶ,
641 635 688 661 καὶ
701 633 928 668 ἐπικαλουμένους

139 682 170 708 τὺ
192 681 278 716 ὄνομά
300 689 347 706 σου
373 680 404 706 τὸ
427 679 514 714 ἂγιον.
531 680 562 706 Οἱ
593 679 646 715 γὰρ
668 679 803 714 ὀφθαλμοὶ
820 679 929 706 πάντων

139 728 180 758 εἰς
201 726 231 752 σὲ
250 726 403 758 ἐλπίζουσι,
430 726 477 752 καὶ
493 726 525 751 σὺ
547 725 625 756 δίδως
650 726 699 760 τὴν
718 725 820 761 τροφὴν
841 724 929 751 αὐτῶν

139 773 169 798 ἐν
193 771 329 807 εὐκαιρίᾳ.
352 771 468 806 Ποίησον
492 770 551 806 μεθ’
571 771 649 806 ἡμῶν
674 771 747 798 κατὰ
763 770 811 806 τὴν
829 769 929 804 ἀγαθό-

140 819 211 855 τητά
228 828 287 848 σου.
307 819 321 845 ὁ
340 817 427 849 διδοὺς
444 817 546 852 τροφὴν
573 816 646 853 πάσῃ
672 815 764 852 σαρκί.
785 816 930 852 Πλήρωσον

141 865 230 900 χαρᾶς
259 864 306 890 καὶ
326 862 494 898 εὐφροσύνης
516 862 566 893 τὰς
591 861 703 897 καρδίας
723 861 811 897 ἡμῶν,
835 862 879 888 ἵνα
903 862 931 888 ὲν

1013 322 1109 349 Sulcos
1136 322 1193 356 ejus
1221 322 1335 354 incbria,
1356 322 1503 358 multiplica
1529 326 1664 359 genimina
1680 327 1760 362 ejus:

978 368 1067 402 prazbe
1084 368 1161 394 nobis
1185 367 1230 394 illa
1250 368 1283 394 ad
1299 375 1390 395 semen
1407 373 1435 396 et
1449 369 1483 395 ad
1502 376 1627 404 messem,
1646 375 1673 398 et
1691 380 1763 400 nunc

978 413 1139 440 benedicens
1154 412 1314 440 benedicito.
1330 412 1418 440 Vitam
1443 417 1562 441 nostram
1586 423 1667 449 rege:
1682 416 1764 444 bene-

979 458 1022 485 dic
1035 466 1140 485 coronae
1158 458 1221 485 anni
1240 459 1411 494 benignitatis
1425 464 1488 491 tum,
1507 465 1615 494 propter
1634 468 1765 495 pauperes

980 502 1068 537 populi
1093 502 1141 534 lui,
1160 506 1270 537 propter
1286 503 1392 530 viduam
1421 508 1448 530 et
1473 505 1635 538 orphanum,
1656 510 1765 540 propter

980 548 1114 582 ltOspitcm
1136 551 1164 574 et
1191 548 1332 581 advenam,
1346 552 1371 575 et
1390 553 1500 583 propter
1517 556 1565 576 nos
1586 556 1682 577 omnes
1708 558 1766 585 spe-

980 600 1072 621 rantes
1085 594 1112 620 in
1130 598 1164 626 te,
1191 598 1218 621 et
1238 594 1394 621 invocantes
1410 602 1507 622 nomen
1534 600 1607 622 tuum
1628 600 1766 625 sanctum.

981 640 1056 668 Oculi
1074 641 1144 668 enim
1160 641 1279 668 omnium
1297 642 1322 668 in
1347 646 1372 668 te
1383 645 1502 675 sperant,
1520 646 1548 668 et
1562 646 1594 668 -ιιι
1611 643 1657 670 das
1676 650 1766 670 escam

982 686 1087 713 illorum
1108 687 1134 712 in
1164 691 1283 720 tempore
1305 690 1467 721 opportuno.
1493 686 1546 713 Fac
1566 687 1707 715 nobiscum
1728 696 1768 716 se-

983 731 1097 759 cundum
1116 731 1261 758 bonitatem
1276 735 1358 764 tuam,
1368 732 1413 765 qui
1428 731 1475 759 das
1489 739 1579 758 escam
1593 733 1666 760 omni
1679 733 1764 759 carni.

984 776 1064 812 Imple
1083 777 1179 811 gaudio
1194 781 1220 804 et
1232 776 1323 803 laetitia
1340 777 1422 804 corda
1437 781 1538 809 nostra,
1553 782 1582 804 ut
1602 778 1629 804 in
1642 777 1767 805 omnibus

985 829 1090 858 semper
1114 830 1221 849 omnem
1267 822 1454 850 suﬁicientiam
1475 823 1620 857 habentes,
1650 824 1769 851 abunde-

986 877 1045 896 mus
1062 869 1087 895 in
1104 876 1185 895 omne
1201 875 1268 903 opus
1289 868 1399 901 bonum,
1418 869 1451 896 ad
1471 869 1621 897 faciendam
1645 869 1767 897 volunta-

140 912 220 942 πᾶσι,
244 911 360 937 πάντοτε
383 909 474 935 πᾶσαν
500 908 664 943 αὐτάρκειαν
691 907 813 943 ἔχοντες,
836 916 931 943 περισ-
947 907 969 935 Β
985 919 1037 942 lem
1053 918 1124 942 luam
1145 918 1278 941 εαηειειῃ,

141 956 284 991 σεύσωμεν
298 956 337 986 εἰς
353 955 406 981 πᾶν
431 954 512 990 ἔργον
533 953 644 988 ἀγαθὸν,
659 953 706 980 τοῦ
730 954 816 979 ποιεῖν
837 953 866 979 τὸ
888 953 932 980 θέ-

139 1001 217 1036 λημά
232 1009 278 1027 σου
292 1001 322 1026 τὸ
337 1001 424 1034 ἅγιον.

183 1046 215 1073 '0
228 1046 303 1079 λαὸς
316 1046 407 1080 λέγει.
422 1045 508 1081 Κύριε
526 1044 646 1079 ἐλέησον.

181 1093 210 1118 ’0
229 1092 326 1126 ἱερεὺς
340 1091 432 1126 λέγει,
451 1091 500 1118 καὶ
517 1092 533 1118 ό
552 1090 626 1123 λαὸς
645 1090 844 1124 ἀποκρίνεται.

177 1138 264 1174 Κύριε
280 1138 402 1173 ἐλέησον.

177 1184 298 1219 Χάρισαι
318 1183 357 1218 τῷ
375 1182 432 1217 λαῷ
448 1191 494 1208 σου
509 1182 560 1217 τὴν
575 1181 712 1216 ὁμόνοιαν.

178 1230 224 1265 Τῷ
240 1231 336 1265 κόσμῳ
350 1230 398 1265 τὴν
412 1229 582 1256 εὐστάθειαν.

179 1276 225 1311 Τῷ
238 1276 298 1311 ἀέρι
312 1276 362 1310 τὴν
377 1274 536 1310 εὐκρασίαν.

179 1323 243 1353 Τοῖς
260 1321 368 1348 νοσοῦσι
383 1320 432 1356 τὴν
446 1320 593 1356 σωτηρίαν.

180 1368 242 1399 Τοῖς
256 1368 393 1402 δεομένοις
405 1367 454 1402 τὴν
468 1366 609 1402 ἀνάψυξιν.

179 1414 241 1444 Τοῖς
255 1414 283 1440 ὲν
300 1412 417 1448 ὲξορίαις
429 1412 477 1448 τὴν
494 1412 597 1439 ἄνεσιν.

181 1460 243 1491 Τοῖς
257 1460 386 1494 ὀρφανοῖς
399 1458 448 1493 τὴν
465 1457 600 1493 βοήθειαν.

181 1506 248 1536 Ταῖς
263 1506 361 1540 χήραις
376 1505 425 1539 τὴν
441 1504 592 1539 ἀντίληψιν.

181 1550 244 1582 Τοῖς
262 1549 429 1585 θλιϐομένοις
445 1548 602 1584 ὲπὰρκησον
618 1549 657 1579 εἰς
674 1547 783 1582 ἀγαθόν.

905 1037 911 1050 \

181 1641 250 1673 Τοὺς
265 1640 386 1671 ἑστῶτας
403 1639 550 1675 ὀχύρωσον.

181 1684 251 1716 Τοὺς
270 1684 448 1715 πεπτωκότας
467 1683 584 1719 ἕγειρον.

183 1729 252 1760 Τοὺς
267 1728 416 1763 ἑστηκότας
430 1728 588 1762 ἁσφάλισοιι.

182 1775 243 1802 Τῶν
258 1775 467 1810 κεκοιμημένων
486 1774 630 1810 μνήσθητι.

182 1821 243 1848 Τῶν
259 1823 287 1847 ὲν
301 1821 430 1856 ὁμολογίᾳ
444 1820 493 1851 τὰς
518 1819 666 1855 πρεσϐείας
678 1818 832 1853 πρόσδεξαι.

183 1913 252 1944 Τοὺς
274 1911 471 1947 ἡμαρτηκότας
494 1911 542 1937 καὶ
569 1910 803 1945 μετανοήσαντας,
827 1909 938 1945 συναρί-

148 1959 255 1994 Θμησον
274 1958 343 1994 μετὰ
355 1957 411 1986 τῶν
426 1957 529 1984 πιστῶν
546 1966 603 1984 σου.

183 2005 254 2036 Τοὺς
278 2005 390 2035 πιστοὺς
410 2003 611 2038 συναρίθμησον
627 2003 696 2038 μετὰ
720 2002 864 2038 μαρτύρων
881 2009 938 2027 σου.

183 2049 316 2085 Μιμητὰς
342 2050 405 2080 τοὺς
425 2049 561 2084 παρόντας
575 2049 604 2075 ὲν
623 2048 663 2084 τῷ
686 2048 761 2084 τόπῳ
782 2047 870 2082 τούτῳ
884 2047 938 2073 τῶν

149 2096 273 2130 ἀγγέλων
286 2095 466 2130 κατάστησον.

186 2143 240 2168 Καὶ
258 2142 332 2176 ἡμᾶς
353 2143 386 2176 τῇ
412 2143 444 2176 σῇ
464 2140 555 2176 χάριτι
578 2140 645 2176 πρὸς
668 2140 717 2176 τὴν
738 2140 786 2176 σὴν
804 2140 939 2175 κεκλημέ-

149 2197 212 2220 νους
228 2187 365 2214 διακονίαν
382 2187 507 2219 ἀναξίους
519 2187 599 2218 ὄντας
613 2186 749 2219 ὑπόδεξαι.

192 2235 224 2260 Ὀ
239 2234 314 2266 λαὸς
328 2233 419 2267 λέγει.
435 2233 520 2268 Κύριε
535 2232 655 2268 ἐλέησον.

193 2281 224 2306 'O
239 2279 336 2313 Ιερεὺς
355 2278 446 2312 λέγει.
468 2278 622 2313 Μνήσθητι,
635 2277 732 2313 Κύριε,
754 2279 801 2305 καὶ
822 2278 873 2314 τῆς
888 2279 931 2304 πόα

150 2326 219 2357 λεως
234 2325 312 2360 ἡμῶν
332 2324 444 2359 ταύτης,
457 2324 504 2350 καὶ
522 2323 574 2350 τῶν
595 2324 624 2349 ἐν
644 2323 774 2359 ὁρθοδόξῳ
789 2323 878 2350 πίστει
901 2324 940 2349 ol-

150 2370 272 2396 κούντων
291 2370 319 2395 ἐν
338 2369 418 2404 αὐτῇ,
434 2369 480 2394 καὶ
495 2368 583 2402 πάσης
601 2367 703 2399 πόλεως
720 2368 766 2394 καὶ
786 2369 877 2404 χώρας
892 2369 939 2395 σὺν

150 2415 233 2442 παντὶ
252 2414 290 2449 τῷ
303 2415 397 2449 κόσμῳ
414 2414 511 2441 αὐτῶν.
527 2414 582 2440 Καὶ
599 2414 679 2449 ῥῦσαι
705 2415 778 2449 ἡμᾶς
793 2414 846 2440 ἀπὸ
861 2414 939 2450 λιμοῦ

151 2462 199 2488 zz".
209 2462 315 2497 λοιμοῦ,
328 2460 441 2495 σεισμοῦ
452 2460 498 2486 καὶ
510 2461 730 2495 καταποντισμοῦ
741 2460 780 2496 (1)
791 2461 885 2495 πυρὸς,
893 2460 940 2486 καὶ

150 2507 205 2534 ἀπὸ
221 2504 409 2541 αἰχμαλωσίας
425 2504 581 2540 βαρϐάρων,
596 2505 642 2532 καὶ
654 2504 708 2531 ἀπὸ
723 2504 776 2531 τῶν
793 2504 939 2540 ἀλλοτρίων

152 2552 305 2588 μαχαιρῶν,
313 2552 359 2578 καὶ
368 2551 578 2582 ἐπαναστάσεως
585 2550 689 2587 ἐχθρῶν
694 2559 723 2577 τε
730 2550 937 2588 καὶαίρετικῶν.

192 2599 224 2624 '0
238 2597 314 2630 ,λαὸς
325 2597 416 2632 λέγει.
431 2596 518 2632 Κύριε
539 2596 657 2631 ἐλέησον.

190 2643 327 2677 Ὀἱερεὺς
337 2642 428 2677 λέγει.
439 2642 593 2678 Μνήσθητι,
610 2642 706 2678 Κύριε,
724 2641 778 2669 τῶν
794 2641 941 2677 προλαϐόν-

149 2698 203 2715 των
231 2689 313 2716 ὁσὲων
334 2689 464 2724 Πατέρων
488 2688 567 2723 ἡμῶν
593 2687 740 2723 ὀρθοδόξων
774 2688 938 2719 ἐπισκόπων,

148 2737 196 2762 καὶ
213 2737 322 2763 πάντων
355 2734 409 2761 τῶν
427 2736 482 2761 ἀπ’·
493 2734 589 2766 αἰῶνός
617 2743 658 2760 σοι
688 2734 938 2769 εὐαρεστησάντων,

147 2782 234 2816 ἁγίων
245 2781 388 2817 Πατὲρων,
398 2780 585 2817 πατριαρχῶν,
597 2780 763 2810 ἀποστόλων,
782 2779 938 2814 προφητῶν,

148 2828 289 2863 κηρύκων,
321 2825 536 2860 εὐαγγελιστῶν,
572 2825 727 2861 μαρτύρων,
757 2825 939 2860 ὀμολογητῶν,

1019 1044 1148 1079 Populus.
1167 1043 1250 1080 Kyrie
1270 1044 1382 1072 eleison.

1019 1090 1146 1117 Sacerdos
1161 1091 1223 1117 dicit
1241 1094 1263 1117 ei
1277 1089 1388 1124 populus
1408 1089 1555 1122 respondet.

1019 1135 1099 1171 Kyrie
1114 1135 1224 1163 eleison.

1018 1181 1142 1208 Concede
1156 1181 1253 1216 populo
1269 1186 1313 1208 tuo
1330 1181 1514 1212 concordiam,

1019 1226 1116 1252 Mundo
1131 1226 1289 1260 prteclarum
1312 1229 1423 1256 statum,

1017 1272 1081 1299 Aeri
1095 1272 1263 1305 temperiem,

1020 1318 1224 1354 [inﬁrmantibus
1239 1317 1365 1349 salutem.

1020 1364 1204 1399 lndigentibus
1219 1363 1399 1397 refrigerium,

1021 1411 1076 1438 illis
1090 1412 1137 1446 qui
1153 1411 1178 1436 in
1197 1409 1299 1437 exsiliis
1316 1414 1387 1442 sunt,
1402 1409 1532 1444 quietem,

1019 1456 1154 1490 Orphanis
1174 1456 1315 1488 auxilium,

1022 1501 1115 1529 Viduis
1127 1501 1331 1536 protectioncm.

1020 1547 1185 1581 Angustiatis
1209 1546 1384 1574 subministra
1413 1550 1543 1582 quantum
1577 1553 1645 1581 opus
1669 1550 1720 1578 est,
1742 1550 1772 1573 ut

987 1595 1054 1621 bene
1072 1594 1136 1620 sint.

1025 1639 1133 1666 Stanles
1157 1639 1299 1666 conﬁrma.

1023 1685 1076 1712 Eos
1093 1685 1137 1719 qui
1158 1685 1314 1712 ceciderunt
1326 1685 1409 1719 erige.

1024 1731 1141 1759 Securos
1155 1736 1252 1766 prresta
1271 1738 1318 1758 eos
1331 1731 1376 1766 qui
1397 1735 1479 1758 stant.

1024 1776 1190 1804 Mortuorum
1208 1777 1392 1803 reminisuere.

1025 1823 1123 1849 Eorum
1146 1822 1191 1857 qui
1214 1822 1241 1849 in
1272 1822 1442 1850 confessione
1466 1828 1542 1854 sunt,
1566 1823 1773 1850 intercessimies

989 1869 1104 1902 suscipe.

1021 1913 1075 1941 Eos
1095 1913 1140 1947 qui
1170 1918 1360 1948 peccaverunt,
1385 1919 1411 1940 et
1435 1920 1548 1948 egerunt
1574 1915 1770 1949 pmnilentlum,

989 1967 1136 1987 annumera
1149 1967 1210 1986 cum
1231 1959 1353 1987 ﬁdelibus
1374 1960 1436 1987 tuis.

1024 2004 1130 2031 Fideles
1146 2011 1296 2031 annumera
1312 2012 1372 2031 cum
1390 2003 1554 2039 martyribus
1571 2005 1633 2032 tuis.

1023 2048 1076 2076 Eos
1096 2049 1142 2083 qui
1167 2049 1193 2076 in
1213 2049 1266 2076 hoc
1285 2051 1342 2076 loco
1362 2053 1508 2083 praesentes
1527 2054 1601 2082 sunt,
1625 2049 1774 2076 imitatores

989 2095 1144 2130 angelorum
1162 2095 1307 2123 constitue.

1025 2141 1056 2168 Et
1074 2149 1123 2169 nos
1143 2142 1229 2177 gratia
1255 2146 1298 2168 tua
1322 2141 1355 2168 ad
1381 2147 1454 2168 tuum
1469 2146 1577 2169 vocatos
1595 2141 1774 2169 ministerium

989 2187 1112 2222 indignos
1129 2187 1191 2214 licet
1206 2188 1324 2222 suscipe.

1026 2231 1153 2268 Populus.
1174 2233 1257 2268 Kyrie
1274 2233 1385 2260 eleison.

1025 2278 1164 2306 Sacerdos.
1185 2279 1329 2312 Memento,
1348 2278 1471 2311 Domine,
1487 2283 1514 2306 et
1525 2278 1599 2306 urbis
1614 2283 1713 2306 nostrae
1726 2279 1776 2306 hu-

987 2325 1031 2360 jus
1050 2329 1077 2352 et
1093 2325 1273 2353 habitantium
1296 2326 1323 2352 in
1345 2332 1378 2352 ea
1395 2325 1421 2352 in
1435 2325 1583 2352 orthodoxa
1608 2325 1669 2358 ﬁde,
1685 2325 1775 2352 omnis

990 2379 1097 2406 quoque
1109 2371 1185 2399 urbis
1201 2377 1228 2399 et
1250 2371 1379 2406 regionis,
1394 2378 1456 2398 cum
1478 2371 1551 2398 omni
1572 2370 1669 2405 populo
1690 2371 1749 2406 ejus
1765 2378 1772 2396 :

990 2420 1017 2442 et
1030 2416 1113 2443 libera
1127 2423 1176 2443 nos
1190 2423 1204 2442 a
1219 2415 1289 2443 fame
1301 2421 1329 2443 et
1347 2419 1433 2450 peste,
1450 2423 1464 2442 a
1481 2422 1559 2443 terra:
1583 2420 1666 2448 motu,
1680 2423 1695 2442 a
1710 2416 1774 2443 sub—

991 2463 1135 2496 mersione,
1154 2462 1187 2489 ab
1202 2463 1272 2497 igne,
1287 2470 1300 2488 a
1315 2462 1470 2496 captivitate
1486 2462 1674 2493 barbarorum,
1691 2469 1706 2489 a
1718 2462 1761 2497 gla

991 2507 1042 2534 diis
1056 2508 1161 2540 alienis,
1175 2509 1208 2534 ab
1225 2508 1325 2534 insultn
1342 2508 1461 2535 hostium
1480 2512 1507 2535 et
1520 2508 1717 2535 haereticorum.

1028 2596 1155 2631 Populus.
1176 2596 1257 2631 Hyrie
1274 2596 1385 2624 eleison.

1027 2641 1165 2670 Sacerdos.
1185 2641 1329 2673 Memento.
1351 2642 1479 2674 Domine,
1503 2649 1595 2669 eorum
1610 2643 1655 2677 qui
1673 2643 1773 2670 dudum

991 2688 1116 2716 obierunt
1130 2692 1282 2714 sanctorum
1295 2687 1405 2714 Patrum
1422 2692 1596 2720 nostrorum;
1613 2689 1773 2716 orthodoxe-

994 2741 1053 2762 rum
1071 2734 1268 2767 episcoporum,
1283 2738 1309 2759 et
1323 2733 1443 2759 omnium
1457 2733 1500 2767 qui
1517 2741 1529 2760 a
1540 2733 1638 2760 saeculo
1654 2733 1700 2760 tibi
1714 2734 1772 2767 pla-

991 2783 1105 2805 cuerunt
1127 2781 1281 2804 sanctorum
1307 2777 1426 2809 Patrum,
1453 2777 1677 2811 patriarcharum,
1699 2784 1765 2811 apo-

995 2825 1134 2856 stolorum,
1155 2824 1365 2858 prophetarum,
1383 2823 1588 2858 prwdicatorum
1601 2844 1608 2856 ,
1639 2823 1773 2858 evangeli-

182 2884 219 2920 (l)
242 2885 320 2920 Legit
343 2884 477 2918 interpres
495 2893 502 2911 :
521 2883 748 2919 καταποντιπμοῦ,
764 2883 857 2917 πυρός,
877 2883 932 2916 Virg

995 2881 1159 2916 interposita.
1180 2880 1257 2907 l‘Im'r.
