2027 3135
171 175 224 203 ηδ

629 173 794 201 LlTURGIA
815 174 843 203 St.
861 173 1025 202 GREGORII
1044 173 1305 202 ALEXANDRINA.

1744 176 1801 205 720

172 231 252 267 ἡμῶν
282 229 385 266 Ἰησοῦς
411 231 539 266 Χριστός.
563 231 599 257 Σὺ
631 230 689 263 οὖν,
720 232 816 267 Κύριε,
849 231 891 258 διὰ
918 232 965 266 τῆς

1017 231 1079 259 Jesu
1094 231 1211 259 Christe.
1229 231 1269 258 Tu
1284 232 1374 266 igitur,
1387 232 1508 264 Domine,
1533 240 1581 267 per
1594 231 1706 260 multam
1721 236 1794 260 tuam

172 278 274 313 πολλῆς
303 285 350 303 σου
364 277 564 311 εὐσπλαγχνίας
575 277 743 310 κατηξίωσας
758 279 831 313 ἡμᾶς
850 277 893 304 διὰ
918 276 965 304 τοῦ

174 323 364 360 βαπτίσματος
382 323 508 357 γενέσθαι
537 323 577 354 εἰς
596 324 671 355 υἱοὺς
701 324 748 350 καὶ
770 323 963 359 κληρονόμους.

179 369 321 402 Ἐδίδαξας
346 369 422 404 ἡμᾶς
436 368 482 394 τὸν
494 368 578 395 τύπον
601 369 651 404 τῆς
681 369 835 404 προσευχῆς
850 369 879 401 ὃς
892 370 965 396 ἐστιν

176 414 376 449 ἐμμυστήριος,
389 412 441 439 τοῦ·
454 412 652 447 προσεύχεσθαι
669 413 697 439 ὲν
717 412 785 448 αὐτῇ
801 413 848 439 τὸν
866 413 964 448 ἄχραν-

172 459 220 487 τόν
247 468 296 486 σου
312 458 434 494 Πατέρα.
465 459 502 485 Σὺ
519 457 566 484 οὖν
592 458 640 485 καὶ
660 458 717 490 νῦν,
737 458 855 485 δέσποτα
867 458 964 494 Κύριε,

173 504 345 536 καταξίωσον
367 504 440 539 ἡμᾶς
455 505 485 530 ὲν
498 504 650 540 ἁγιασμένῃ
669 503 830 539 συνειδήσει,
857 504 903 530 καὶ
922 504 966 530 λο-

173 549 269 585 γισμῷ
301 549 396 584 ἀγαθῷ
423 549 456 576 ὃν
475 549 632 584 πρέπει.....
662 549 736 584 πόθῳ
753 549 800 576 καὶ
824 549 966 584 παρρησίᾳ

173 595 266 631 ἀγαθῇ
293 595 395 630 τολμᾷν
423 594 611 621 ἐπικαλεῖσθαι
639 594 684 620 τὸν
707 595 735 620 ἐν
759 594 816 625 τοῖς
842 594 966 628 οὐρανοῖς

175 642 254 676 ἃγιον
271 640 347 672 Θεὸν,
372 639 481 676 Πατέρα
492 648 550 671 σου,
562 640 608 666 καὶ
620 639 719 673 λέγειν.

218 687 245 713 '0
259 685 335 718 λαὸς
350 684 441 719 λέγει.
458 684 548 720 Πάτερ
565 683 654 720 ἡμῶν.
670 683 725 710 Καὶ
737 683 812 718 μετὰ
827 683 860 710 τὸ
875 683 966 719 Πάτερ

174 733 255 768 ἡμῶν
273 735 290 760 ὀ
307 732 402 767 ἱερεὺς
415 732 508 767 λέγει.

211 779 276 810 Ναὶ,
290 778 388 814 Κύριε,
402 778 500 814 Κύριε,
525 778 539 804 ὁ
566 777 692 810 δεδωκὼς
706 778 772 813 ἡμῖν
782 777 830 812 τὴν
843 777 967 811 ἐξουσίαν

175 825 223 852 τοῦ
234 826 330 851 πατεῖν
343 825 435 852 ἐπάνω
449 824 537 859 ὄφεων
556 824 603 850 καὶ
629 824 778 859 σκορπίων,
795 823 842 850 καὶ
853 823 899 849 ἐπὶ
916 824 967 849 πᾶ-

177 875 227 893 σαν
240 867 354 903 δύναμιν
364 867 411 894 τοῦ
432 867 541 904 ἐχθροῦ,
558 867 701 903 σύντριψον
716 868 764 894 καὶ
780 867 966 900 καθυπόταξον

1018 276 1233 305 misericordiam
1249 281 1378 312 priestare
1401 278 1478 305 nobis
1493 277 1618 312 dignatus
1642 285 1682 310 es,
1708 283 1736 304 ut
1751 285 1800 312 per

1017 323 1179 358 baptismum
1201 323 1369 351 eiiiceremur
1395 323 1440 350 lilii
1466 328 1492 350 et
1520 324 1650 350 hmredes.
1681 324 1799 351 Docuisti

1023 377 1071 397 nos
1083 369 1197 396 formam
1212 369 1344 396 orationis
1360 369 1512 404 mysticam,
1527 377 1579 404 qua
1593 376 1733 396 oraremus
1749 370 1800 396 im-

1019 415 1184 443 maculatum
1210 414 1318 442 Patrem
1350 419 1435 442 tuttm.
1460 413 1499 440 Tu
1528 421 1593 449 ergo
1617 414 1700 441 etiam
1718 421 1798 446 nunc,

1018 460 1176 488 Dominator
1188 460 1311 493 Domine,
1328 459 1423 495 dignos
1436 458 1511 486 elIiee
1528 467 1588 492 nos,
1610 464 1641 486 ut
1663 467 1723 486 cum
1735 467 1800 486 eon-

1018 505 1133 533 scientia
1148 505 1327 537 sanetiﬁcata,
1345 509 1373 532 et
1399 510 1490 531 mente
1514 505 1583 531 bona
1616 504 1704 538 qualis
1731 504 1801 533 ﬁlios

1018 550 1103 582 decet,
1123 558 1184 578 cum
1199 550 1344 584 desiderio,
1358 556 1385 577 et
1398 549 1496 577 ﬁducia
1511 549 1580 576 bona
1596 549 1744 576 audeamus
1758 549 1801 576 in-

1019 603 1127 630 vocare,
1146 596 1192 632 qui
1206 596 1234 623 itt
1264 595 1342 624 caelis
1367 600 1410 623 est
1437 599 1560 623 sanciunt
1588 594 1672 622 Deum
1695 594 1802 621 Patrem

1019 647 1108 675 tuum,
1120 647 1148 669 et
1160 642 1261 669 dicere.

1054 688 1181 723 Populus.
1195 687 1275 715 Pater
1291 692 1383 715 noster
1393 708 1400 719 ,
1413 692 1437 714 et
1456 693 1624 721 posteaquam
1644 687 1751 714 recitata
1765 692 1802 714 ut

1019 733 1112 761 Oratio
1127 733 1275 767 Dominica,
1288 734 1410 761 sacerdos
1421 734 1495 760 dicit.

1054 779 1104 811 Ita,
1126 779 1238 806 Domine
1252 787 1258 806 :
1275 779 1400 812 Domine,
1415 779 1461 814 qui
1476 779 1572 806 dedisti
1592 779 1670 806 nobis
1682 783 1803 813 potesta-

1020 830 1072 852 tein
1088 825 1209 852 ealcandi
1225 829 1363 860 serpentes
1376 830 1403 852 et
1424 825 1555 859 scorpios,
1583 831 1743 859 omnemque
1754 831 1802 858 po-

1021 874 1144 898 testatem
1161 870 1277 903 inimici.
1289 875 1401 898 contere
1414 875 1442 898 et
1456 870 1557 904 subjice
1572 871 1659 905 capita
1678 870 1802 897 inimico-

174 912 226 944 τὰς
236 912 359 947 κεφαλὰς
369 913 423 940 τῶν
440 913 545 949 ἐχθρῶν
568 913 646 949 ἡμῶν
660 913 712 939 ὑπὸ
738 913 800 945 τοὺς
826 913 910 944 πόδας
936 913 965 940 ἐν

1017 925 1076 945 rum
1092 922 1247 945 nostrorum
1259 918 1310 945 sub
1335 918 1449 952 pedibus
1474 918 1574 944 nostris
1590 917 1728 948 velociter,
1743 924 1802 944 om-

175 960 264 995 τάχει,
283 960 331 987 καὶ
357 960 447 987 πᾶσαν
468 960 516 995 τὴν
542 959 704 995 κακότεχνον
734 959 823 987 αὐτῶν
845 959 967 987 ἐπίνοιαν

175 1006 226 1041 τὴν
242 1005 306 1033 καθ’
319 1006 398 1041 ἡμῶν
411 1005 596 1038 διασκέδασον,
611 1005 652 1032 ὃτι
666 1006 698 1032 σὺ
716 1003 741 1032 εἴ
763 1005 888 1040 βασιλεὺς
902 1006 968 1040 ἡμέ-

174 1052 280 1088 τέρων·
303 1052 423 1084 πάντων,
446 1051 548 1085 Χριστέ
562 1052 576 1078 ὁ
591 1051 666 1083 Θεὸς·
684 1050 731 1078 καὶ
758 1051 799 1077 σοὶ
817 1050 867 1086 τὴν
889 1050 968 1083 δόξαν

175 1098 222 1124 καὶ
232 1097 283 1133 τὴν
297 1097 486 1134 εὐχαριστείαν
497 1097 544 1124 καὶ
571 1097 620 1132 τὴν
645 1096 829 1132 προσκύνησιν
842 1096 967 1132 ἀναπέμ-

177 1151 276 1178 πομεν,
292 1143 354 1170 καθ’
381 1143 501 1178 ἑκάστην
513 1143 632 1179 ἡμέραν,
662 1144 711 1170 σὺν
733 1143 771 1179 τῷ
798 1144 908 1180 ἀνάρχῳ
921 1153 967 1171 σου

176 1188 276 1222 Πατρὶ,
300 1187 399 1223 καὶτῷ
425 1189 494 1223 ἁγίῳ
508 1187 657 1223 Πνεύματι,
675 1187 732 1220 νῦν,
749 1197 775 1215 κ.
793 1197 819 1215 τ.
832 1188 856 1216 λ.

215 1233 248 1260 '0
260 1233 402 1267 διάκονος
415 1234 505 1269 λέγει.
523 1233 579 1266 Τὰς
587 1233 708 1268 κεφαλὰς
722 1234 807 1270 ὑμῶν.

353 1280 438 1315 Εὐχή
464 1280 519 1315 τῆς
543 1281 790 1317 κεφαλοκλισίας.

214 1325 244 1354 ’0
260 1326 354 1359 κλίνας
370 1327 500 1362 οὐρανοὺς
515 1327 562 1353 καὶ
574 1326 713 1353 κατελοὼν
730 1326 776 1353 ἐπὶ
794 1327 843 1362 τῆς
855 1326 916 1362 γῆς,
928 1326 967 1358 εἰς

176 1373 314 1410 σωτηρίαν
330 1373 378 1399 τοῦ
402 1372 498 1406 γένους
513 1371 567 1398 τῶν
578 1371 737 1407 ἀνθρώπων,
752 1372 766 1398 ὁ
786 1371 835 1407 τῆς
852 1372 900 1406 σῆς
917 1371 968 1406 χά-

177 1429 250 1457 ριτος
280 1420 371 1446 πᾶσαν
403 1417 564 1452 ἐξαπλὼσας
596 1418 646 1453 τὴν
674 1417 811 1453 εὖοηνίαν·
843 1418 858 1444 ὁ
884 1417 968 1444 ποιῶν

175 1467 265 1493 πάντα
284 1465 354 1500 ὑπὲρ
372 1465 405 1491 ὲκ
418 1463 561 1500 περισσοῦ,
581 1461 619 1491 ὧν
641 1463 828 1500 αἱτούμεθα,ἧ
844 1463 965 1499 νοοῦμεν·

175 1511 364 1547 φιλάνθρωπε,
398 1510 494 1544 ἀγαθὲ,
521 1509 643 1536 ἔκτεινόν
666 1518 714 1536 σου
738 1509 786 1545 τὴν
816 1511 895 1545 χεῖρα
918 1509 968 1544 τὴν

174 1557 301 1593 ἀόρατον,
320 1556 370 1592 τὴν
387 1555 582 1591 εὑλογημὲνην,
608 1555 657 1590 τὴν
682 1555 783 1590 μεστὴν
807 1555 897 1587 ἐλέους
920 1555 968 1582 καὶ

1018 971 1133 998 nemque
1149 963 1271 992 dolosam
1290 971 1384 991 eorum
1400 965 1529 991 adversus
1545 971 1594 991 nos
1611 963 1801 997 cogitationem

1018 1009 1129 1044 dissipa,
1141 1010 1268 1044 quoniam
1282 1014 1309 1037 tu
1322 1018 1350 1037 es
1357 1009 1416 1036 Rex
1425 1009 1544 1042 omnium
1554 1013 1686 1040 nostrum,
1696 1007 1802 1035 Christe

1018 1054 1108 1088 Deus;
1137 1055 1240 1090 tibique
1254 1056 1378 1090 gloriam,
1403 1060 1431 1083 et
1450 1055 1600 1090 gratiarum
1627 1055 1761 1081 actionem
1774 1059 1802 1081 et

1019 1101 1208 1129 adorationem
1222 1102 1342 1136 quotidie
1356 1101 1506 1135 oderimus,
1519 1101 1651 1135 simulque
1666 1100 1738 1127 Patri
1756 1105 1802 1127 tuo

1017 1147 1062 1182 qui
1076 1147 1134 1175 sine
1147 1147 1278 1183 principio
1292 1151 1344 1180 est,
1357 1153 1385 1175 et
1399 1153 1493 1175 sancto
1509 1147 1632 1182 Spiritui,
1647 1153 1728 1177 nunc,
1744 1151 1797 1172 etc.

1057 1237 1201 1265 Diaconus.
1215 1237 1344 1265 lnclinate
1358 1238 1444 1273 capita
1457 1243 1557 1272 vestra,
1570 1242 1623 1265 etc.

1206 1283 1300 1310 Oratio
1314 1283 1496 1310 inclinationis
1513 1283 1616 1316 capitis.

1055 1327 1105 1361 Qui
1130 1328 1263 1356 inclinans
1287 1328 1372 1356 ct‘elos
1397 1329 1557 1356 descendisti
1593 1329 1619 1355 in
1645 1327 1803 1360 tcrram,ad

1019 1374 1131 1402 salutem
1155 1375 1264 1403 humani
1293 1375 1410 1410 generis,
1436 1375 1480 1410 qui
1505 1375 1598 1410 gratiae
1626 1379 1677 1402 tuze
1695 1381 1803 1401 omnent

1019 1419 1212 1447 abundantiam
1227 1420 1368 1454 explicasti
1382 1428 1389 1446 :
1404 1420 1449 1454 qui
1471 1420 1560 1446 omnia
1585 1418 1652 1445 facis
1663 1417 1804 1444 abundan-

1019 1466 1072 1494 tius
1082 1473 1163 1501 quam
1190 1466 1307 1500 petimus
1329 1471 1357 1493 et
1370 1466 1540 1500 cogitamus:
1570 1465 1702 1497 benigne,
1723 1463 1802 1494 bone,

1018 1512 1134 1539 extende
1148 1520 1255 1538 manum
1272 1517 1343 1539 tuam
1358 1512 1518 1539 invisibiletn
1532 1533 1539 1544 ,
1554 1511 1733 1541 benedictum,
1748 1509 1804 1543 ple-

1019 1565 1082 1584 nam
1097 1558 1294 1586 misericordiae
1317 1563 1342 1585 et
1367 1558 1582 1590 miserationum,
1598 1561 1624 1583 et
1638 1555 1801 1583 benedicens

174 1601 335 1638 οἰκτιρμῶν,
353 1602 400 1628 καὶ
407 1601 525 1635 εὐλογῶν
542 1601 690 1637 εὐλόγησον
705 1601 769 1632 τοὺς
785 1600 893 1632 δούλους
908 1609 965 1632 σου,

1020 1603 1133 1631 benedic
1147 1604 1233 1631 servis
1250 1604 1312 1637 tuis,
1329 1608 1430 1639 eosq|ie
1445 1604 1543 1631 munda
1559 1604 1592 1630 ab
1612 1603 1683 1630 omni
1711 1602 1803 1636 inqui-

175 1648 221 1674 καὶ
234 1646 384 1682 καθάρισον
400 1646 500 1678 αὐτοὺς
521 1646 575 1672 ἀπὸ
595 1646 695 1678 παντὸς
710 1645 849 1680 μολυσμοῦ
868 1645 968 1679 σαρκὸς

175 1693 222 1719 καὶ
241 1692 405 1727 πνεύματος·
427 1692 474 1719 καὶ
489 1692 601 1727 ποίησον
612 1692 685 1727 ἡμᾶς
701 1691 831 1727 μετόχους
847 1692 892 1718 καὶ
903 1699 968 1717 συσ-

176 1738 284 1773 σὼμους
310 1738 435 1772 γενέσθαι
463 1740 496 1774 τῇ
524 1740 557 1774 σῇ
581 1738 682 1773 χάριτι,
704 1738 778 1769 ὅπως
798 1738 826 1763 ἐν
845 1737 967 1773 ἁγιότητι

175 1785 222 1810 καὶ
249 1783 408 1819 δικαιοσύνῃ
432 1792 473 1810 σοι
496 1784 546 1819 τὴν
572 1783 676 1810 ἱκεσίαν
699 1782 906 1819 προσάγοντεξ,
920 1783 968 1809 καὶ

177 1831 217 1857 σοὶ
234 1830 336 1866 πρέπει
350 1831 426 1856 πᾶσα
450 1829 523 1862 δόξα,
546 1829 727 1864 μεγαλοσύνη,
740 1828 840 1864 κράτος
863 1837 893 1854 τε
920 1829 968 1855 καὶ

176 1876 295 1909 ἐξουσία,
314 1877 373 1912 ἅμα
386 1876 425 1911 τῷ
440 1876 566 1911 ἀχράντῳ
582 1884 629 1903 σου
650 1876 746 1910 Πατρὶ,
774 1876 821 1902 καὶ
844 1874 883 1910 τῷ
897 1875 968 1911 ἁγιῳ

175 1923 325 1958 Πνεύματι,
341 1922 400 1955 νῦν,
416 1931 442 1949 κ.
459 1931 484 1948 τ.
500 1923 526 1948 λ.

405 1968 490 2002 Εὐχή
515 1968 596 2002 ἄλλη
622 1969 737 2003 ὁμοίως.

204 2014 345 2049 .Πρόσχες,
365 2013 451 2049 Κύριε
469 2013 556 2048 Ἰησοῦ
576 2013 677 2048 Χριστὲ
701 2015 714 2040 ὁ
732 2013 798 2045 Θεὸς
814 2014 903 2048 ἡμῶν,
936 2014 966 2046 ἐξ

176 2060 253 2094 ἁγίου
279 2059 327 2086 τοῦ
344 2059 555 2094 κατοικητηριου
579 2068 638 2092 σου,
653 2059 699 2086 καὶ
728 2059 783 2086 ἀπὸ
799 2059 893 2096 θρόνου
916 2060 966 2095 τῆς

177 2105 316 2140 βασιλείας
347 2114 404 2137 σου,
431 2105 478 2132 καὶ
499 2105 559 2131 ἐλοὲ
574 2106 614 2137 εἰς
630 2105 661 2132 τὸ
677 2105 788 2140 ἁγιάσαι
803 2107 877 2141 ἡμᾶς
903 2106 966 2138 τοὺς

176 2152 366 2182 ἐπικλίναντάς
392 2160 449 2178 σου.
475 2151 504 2178 ὐ
517 2152 572 2178 ἄνω
588 2152 627 2187 τῷ
653 2152 737 2187 πατρὶ
750 2151 964 2187 συγκαθήμενος,

177 2199 224 2225 καὶ
246 2195 298 2225 ὧδε
323 2199 388 2233 ἡμῖν
407 2198 532 2234 ἀοράτως
558 2198 655 2224 συνών·
670 2199 717 2225 καὶ
741 2198 908 2230 καταξξωσον
931 2200 964 2234 τῇ

1018 1653 1148 1677 namento
1164 1650 1255 1677 carnis
1269 1655 1297 1678 et
1314 1651 1445 1684 spiritus:
1470 1654 1496 1676 et
1525 1649 1567 1676 fac
1592 1656 1640 1675 nos
1659 1648 1804 1681 participes

1019 1703 1080 1723 esse
1093 1701 1121 1722 et.
1135 1703 1331 1731 concorporeos
1349 1701 1401 1723 tua:
1413 1697 1518 1732 gratiae,
1534 1695 1599 1722 utin
1617 1694 1762 1722 sanctitate
1776 1698 1803 1720 et

1016 1739 1121 1774 iustitia
1137 1741 1184 1768 tibi
1200 1741 1421 1776 supplicationem
1445 1741 1590 1768 oﬁ‘eramus
1610 1749 1616 1766 :
1633 1744 1661 1767 et
1684 1744 1708 1766 te
1724 1739 1803 1766 decet

1018 1788 1109 1815 omnis
1128 1787 1228 1822 gloria,
1256 1787 1421 1822 magnitudo,
1448 1791 1567 1821 potestas
1593 1791 1619 1813 et
1648 1786 1801 1819 imperium,

1017 1840 1078 1860 cum
1110 1832 1282 1860 immaculato
1322 1837 1367 1860 tuo
1399 1831 1479 1859 Patre
1505 1836 1532 1858 et
1561 1835 1654 1858 sancto
1684 1829 1801 1864 Spiritu,

1017 1885 1099 1910 nunc,
1115 1883 1167 1907 οιε.

1194 1968 1285 1996 Oratio
1298 1968 1351 1994 alia
1367 1967 1490 1994 similiter
1503 1967 1623 1993 dicenda.

1052 2015 1180 2048 Attende,
1208 2014 1320 2042 Domine
1344 2013 1407 2041 Jesu
1433 2013 1539 2040 Christe
1555 2013 1625 2040 Deus
1649 2017 1749 2044 noster,
1766 2019 1800 2040 ex

1017 2066 1110 2089 sancto
1123 2061 1277 2089 babitaculo
1295 2065 1351 2093 tuo,
1364 2064 1390 2087 et
1403 2067 1435 2086 ex
1453 2060 1548 2087 throno
1558 2059 1650 2094 gloria:
1664 2059 1738 2094 regni
1749 2059 1798 2090 tui,

1016 2113 1044 2136 et
1059 2108 1118 2136 veni
1133 2108 1165 2135 ad
1181 2106 1405 2135 sanctiﬁcandum
1419 2113 1469 2133 nos
1478 2106 1522 2141 qui
1534 2106 1693 2133 inclinamur
1708 2113 1799 2132 coram

1016 2157 1053 2181 te.
1070 2153 1120 2187 Qui
1137 2160 1244 2180 sursum
1259 2152 1338 2180 sedes
1352 2159 1412 2178 cum
1439 2151 1528 2184 Patre,
1548 2155 1575 2178 et
1603 2151 1646 2178 hic
1662 2150 1801 2178 nobiscntn

1018 2198 1190 2226 invisibiliter
1209 2198 1276 2225 ades
1301 2206 1308 2224 :
1338 2197 1505 2232 dignareque
1528 2196 1628 2231 Potenti
1646 2204 1726 2225 manu
1745 2200 1802 2228 tua,

177 2244 296 2278 κραταιᾷ
307 2252 353 2269 σου
363 2243 446 2279 χειρὶ,
461 2242 620 2278 μεταδοῦναι
629 2245 693 2279 ἡμῖν
707 2243 753 2270 τοῦ
765 2244 899 2279 ἁχράντου
912 2244 965 2271 σῶα

1019 2245 1164 2280 partieipes
1194 2244 1285 2271 facere
1309 2251 1358 2271 nos
1385 2243 1549 2270 immaculati
1578 2243 1700 2277 corporis
1721 2242 1758 2269 tui
1775 2247 1803 2269 et

178 2290 261 2325 ματόῖ
289 2298 344 2321 σου,
371 2290 417 2315 καὶ
440 2289 475 2316 δι’
490 2290 567 2325 ἡμῶν
595 2290 676 2316 παντὶ
700 2289 739 2325 τῷ
761 2289 828 2325 λαῷ.
855 2290 890 2316 Σὺ
909 2291 964 2326 γὰρ

176 2332 224 2360 de
241 2334 313 2361 κλῶν
324 2334 372 2361 καὶ
397 2334 545 2369 κλώμενος,
561 2335 607 2362 καὶ
633 2335 776 2367 ἄκλειστος·
796 2336 843 2362 καὶ
858 2335 900 2362 σοὶ
916 2335 965 2371 τὴν

175 2379 252 2413 δόξαν
278 2380 484 2415 ἁναπέμπομεν,
514 2381 561 2407 σὺν
587 2380 626 2415 τῷ
649 2381 747 2416 Ιιατρὶ,
771 2381 817 2407 καὶ
830 2380 869 2415 τῷ
895 2381 964 2416 ἁγίῳ

177 2425 325 2461 Πνεύματι,
339 2426 396 2458 νῦν,
408 2434 434 2452 κ.
450 2434 475 2452 τ.
490 2425 516 2453 λ.

212 2549 269 2583 (27)
290 2548 429 2576 Sententia
441 2549 510 2582 lucc,
531 2554 558 2577 et
573 2549 633 2582 alite
650 2549 753 2577 similes
768 2557 827 2583 qtun
845 2549 870 2576 in
886 2549 961 2578 Grat-

177 2591 270 2610 corum
283 2584 514 2620 Orientalinmque
527 2585 603 2612 libris
622 2585 722 2619 passim
739 2589 895 2617 occurrunt,
908 2585 960 2612 illis

176 2619 220 2651 qui
248 2627 338 2655 veram
362 2619 554 2646 elementorum
584 2621 609 2646 in
638 2627 735 2654 corpus
750 2625 778 2645 et
801 2620 960 2655 sanguinem

176 2653 276 2680 Christi
293 2656 546 2681 transmutationem
565 2653 700 2689 rejiciuut,
719 2653 811 2681 venire
823 2653 960 2688 nunquam

177 2695 290 2721 possunt
303 2690 328 2714 in
346 2693 460 2716 mentem
477 2698 484 2716 :
501 2697 551 2716 nec
561 2691 594 2717 ab
613 2690 675 2719 illis,
689 2697 847 2723 quacunque
859 2691 962 2717 ratione

176 2724 237 2749 illas
253 2728 404 2756 torqueant.
423 2729 534 2758 possunt
562 2725 700 2758 explicari.
725 2724 863 2751 Christum
890 2725 962 2751 scili-

175 2762 227 2790 cet,
244 2758 396 2785 Orientales
418 2761 442 2785 in
458 2760 626 2786 Eucharistia
643 2764 799 2793 praesentem
825 2760 860 2785 ita
877 2767 961 2794 agno-

175 2798 262 2823 scunt,
278 2798 306 2819 ut
322 2794 467 2825 viventem,
488 2796 709 2828 sacertlotetnque
734 2796 881 2821 secundum
893 2794 964 2821 ordi-

176 2836 236 2854 nctn
251 2827 459 2860 Melchisedech,
476 2829 633 2857 Pontilicetn
652 2827 803 2856 lutumrum
819 2829 963 2862 bonorum,

174 2863 432 2900 tittisaeratttentttnt
444 2865 514 2898 quod
536 2865 591 2900 ipse
609 2864 734 2897 instituit,
749 2865 890 2900 praesentia
901 2873 962 2895 sna,

176 2903 202 2924 et
217 2897 346 2925 ineﬂ'abili
359 2897 515 2933 operatione
532 2899 648 2934 Spiritus
671 2897 756 2927 sancti
773 2900 905 2935 perﬁciat.
926 2900 962 2927 Eo

1019 2291 1130 2326 pretiosi
1143 2290 1292 2325 sanguinis,
1305 2294 1334 2317 et
1350 2297 1398 2324 per
1411 2297 1461 2317 nos
1483 2296 1589 2316 omnem
1608 2290 1744 2323 populum.
1761 2288 1800 2314 Tu

1019 2336 1090 2364 enim
1115 2343 1145 2364 es
1161 2337 1206 2370 qui
1227 2335 1328 2370 frangis
1351 2340 1378 2362 et
1404 2335 1546 2369 l'rangeris,
1564 2334 1686 2368 quamvis
1702 2333 1802 2360 infrac-

1020 2387 1062 2410 tus
1074 2382 1144 2417 (27/,
1169 2387 1197 2409 et
1224 2381 1273 2409 tibi
1300 2381 1413 2416 gloriam
1438 2380 1581 2408 referimus
1603 2387 1663 2406 cum
1683 2379 1762 2406 Patre
1775 2383 1803 2406 et

1019 2432 1114 2456 Sancto
1130 2427 1244 2462 Spiritu,
1262 2434 1343 2459 nunc,
1357 2431 1409 2453 etc.

1014 2554 1136 2584 spectant
1146 2549 1190 2576 illa
1208 2556 1267 2584 qttte
1284 2549 1406 2583 superius
1423 2549 1547 2583 leguntur
1560 2555 1567 2574 :
1582 2548 1634 2581 Qui
1648 2547 1796 2584 tuncrbene—

1015 2585 1117 2617 dixisti,
1133 2585 1211 2611 etiam
1231 2592 1299 2610 nunc
1310 2584 1416 2610 benedic
1433 2592 1443 2611 :
1464 2585 1508 2617 qui
1532 2589 1593 2609 tunc
1614 2583 1795 2616 suncti/icasti,

1014 2621 1172 2646 etiamnunc
1183 2619 1319 2652 sancti/ica
1330 2626 1339 2644 :
1361 2620 1406 2653 qui
1422 2625 1483 2645 tunc
1501 2618 1611 2652 fregisti.
1628 2619 1706 2644 etiam
1729 2626 1797 2644 nunc

1015 2655 1181 2688 franguqui
1193 2659 1253 2680 tunc
1276 2654 1370 2679 dediin
1391 2654 1525 2686 discipulis
1542 2659 1565 2681 et
1594 2653 1717 2687 apostolis
1732 2653 1796 2688 this,

1015 2687 1094 2716 etiarn
1109 2697 1186 2720 nunc,
1197 2688 1316 2720 Domine,
1328 2690 1361 2714 da
1372 2689 1445 2715 nobis
1458 2693 1482 2714 et
1497 2689 1566 2715 omni
1574 2688 1668 2722 populo
1679 2694 1732 2714 tuo.
1746 2687 1797 2721 lgi-

1013 2730 1055 2751 tur
1072 2724 1198 2750 sacerdos
1212 2729 1357 2757 antequatn
1381 2724 1590 2750 encharisticmn
1608 2730 1701 2757 panem
1718 2722 1794 2748 fran-

1011 2763 1066 2794 gat,
1083 2759 1152 2792 quod
1170 2759 1257 2785 facere
1270 2758 1359 2789 debet,
1379 2763 1408 2784 ut
1421 2759 1520 2785 Christi
1536 2757 1687 2791 exemplum
1704 2757 1793 2784 imite~

1013 2800 1067 2825 tur,
1080 2801 1140 2820 eum
1156 2794 1272 2824 invocat,
1290 2798 1319 2820 ut
1341 2794 1463 2820 l‘ractioui
1493 2801 1608 2827 praesens
1620 2795 1664 2823 sit,
1678 2800 1794 2826 eamque

1011 2829 1184 2856 sanctiliect:
1213 2835 1298 2861 eaque
1326 2829 1439 2859 ratione,
1468 2827 1592 2855 Christus
1621 2828 1719 2862 frangit
1746 2835 1794 2860 per

1013 2863 1164 2891 sacerdotis
1185 2863 1375 2895 ministerium,
1392 2865 1460 2890 sicut
1474 2864 1607 2890 benedicit
1633 2868 1659 2890 et
1672 2864 1794 2889 sancttli-

1013 2899 1162 2927 catcodrm
1191 2898 1262 2926 illius
1285 2899 1443 2926 tninisterio.
1468 2898 1535 2926 Cum
1567 2907 1631 2926 vero
1659 2898 1734 2933 [mnis
1751 2898 1794 2924 ille
