2027 3135
168 189 226 217 τηε)

650 189 817 218 LITURGIA
838 189 868 217 S.
888 187 1054 218 GREGORII
1072 188 1330 217 ALEXANDRINA.

1742 190 1796 219 750

174 249 222 276 καὶ
248 247 305 276 τῶν
318 249 374 276 σῶν
397 249 523 276 ἐντολῶν
538 249 578 276 ἔτι
591 249 620 276 δὲ
635 250 682 277 καὶ
697 250 787 278 πᾶσαν
803 250 961 286 συνείδησιν,

1017 251 1218 286 cogitationem,
1235 259 1329 279 omnes
1346 251 1466 279 actiones
1482 256 1509 279 et
1523 256 1610 279 motus
1621 253 1666 287 qui
1683 253 1708 280 in
1719 252 1797 280 nobis

175 295 222 323 καὶ
235 295 327 322 πᾶσαν
339 294 498 331 ἐνθύμησιν,
515 296 563 322 καὶ
578 295 679 327 πάσαις
688 298 697 307 “
713 296 838 332 πράξεσι,
851 295 897 322 καὶ
912 296 965 323 πά-

175 349 235 372 σαις
249 341 373 376 κινήσεσι
395 341 559 376 γεγωνυῑαις
577 343 606 368 ὲν
624 342 742 374 ἑαυτοῖς,
763 341 905 377 ήμερικῶς
933 349 965 367 τε

173 387 222 425 gari.
230 386 398 422 νυκτερικῶς
416 387 542 422 ἐπιδῆσαι
556 387 603 413 καὶ
615 386 823 423 κατακρατῆσαι
834 386 904 414 κατὰ
916 386 966 421 τῆς

175 432 274 468 ψυχῆς.
287 432 342 459 Καὶ
358 432 477 459 ἁθώοσον
490 432 589 465 αὐτοὺς
602 432 657 460 ἀπὸ
676 433 767 469 πάσης
784 431 964 467 συνειδήσεως

175 486 311 513 πονηρων,
327 478 375 504 καὶ
390 478 480 514 πάσης
493 478 617 514 ἀκάρπου
640 478 776 515 πράξεως,
805 478 852 505 καὶ
867 476 966 509 παντὸς

175 523 305 559 λογισμοῦ
320 524 574 559 πεπυρωμένου.....
586 526 596 536 ‘
607 524 680 551 ἐστὶν
697 523 798 560 βέϐηλα
815 523 890 560 παρὰ
916 523 965 559 τὴν

173 570 224 605 τῆς
252 569 343 605 ψυχῆς
368 569 553 606 καθαρότητα.
584 571 703 606 Χάρισαι
734 570 825 598 αὐτῶν
839 570 888 606 τὴν
912 570 966 598 τῶν

174 616 319 651 ἁμαρτιῶν
346 615 504 650 ἐπίγνωσιν,
529 617 576 643 καὶ
607 616 716 649 τελείως
742 616 893 652 ἀπέχεσθαι
917 615 966 643 ἀπ’

176 661 279 688 αὐτῶν.
308 660 434 696 Δώρησαι
453 662 544 693 αὐτοῖς
569 662 714 697 μετανοίας
725 662 893 697 ἀγνότητος’,
919 661 967 688 καὶ

175 707 226 741 τὴν
243 706 284 738 εἰς
311 706 341 733 σὲ
358 707 536 742 ἐπιστροφήν·
563 707 595 733 σὺ
623 707 689 743 γὰρ,
717 708 839 734 Δέσποτα
869 707 967 743 Κύριε,

173 751 349 787 ἑπτώχευσας
359 752 490 784 ἑκουσίως
507 754 536 779 ὲν
555 752 594 788 τῷ
615 761 645 780 σε
664 753 849 789 σαρκωθῆναι,
864 753 908 780 διὰ
918 752 968 788 τὴν

171 797 220 824 τοῦ
234 798 331 833 γένους
346 797 425 834 ήμῶν
452 798 600 834 σωτηρίαν·
617 799 665 826 καὶ
681 799 825 836 διέρῤηξας
847 799 878 825 τὸ
905 799 967 826 καθ’

172 844 252 879 ἡμῶν
268 844 461 879 χειρόγραφον,
488 844 531 871 διὰ
556 844 606 880 τὴν
627 844 674 871 ἐπὶ
699 845 746 871 τοῦ
767 843 884 881 σταυροῦ
912 844 967 871 τῶν

173 889 253 916 θείων
268 898 314 916 σου
332 890 467 925 παλάμων
487 890 655 924 ἐφάπλωσιν.
670 891 763 917 Φεῖσαι
781 891 901 924 πάντων,
917 890 968 917 Δέ-

1014 297 1168 324 excitantur
1178 296 1222 324 die
1235 304 1267 324 ac
1284 300 1373 329 nocte.
1391 300 1420 324 ut
1442 296 1560 324 animam
1576 297 1685 332 alligent
1708 302 1734 325 et
1749 305 1796 325 ca—

1014 343 1114 377 ptivam
1139 348 1259 370 teneant.
1283 343 1338 371 Fac
1358 350 1405 370 eos
1432 343 1567 370 immunes
1596 344 1630 370 ab
1645 345 1717 371 omni
1733 351 1798 371 con-

1015 388 1129 416 scientia
1143 396 1233 416 rerum
1247 389 1390 421 malarum,
1401 392 1429 416 et
1443 388 1515 416 omni
1528 388 1635 416 actione
1649 389 1799 416 infructuo-

1016 440 1057 466 sa,
1076 434 1202 468 omnique
1225 435 1386 469 cogitatione
1407 434 1514 462 sordida
1543 442 1636 462 eorum
1660 443 1720 469 qua:
1734 443 1798 469 prn-

1016 477 1077 505 fana
1095 479 1148 506 sint
1158 483 1185 507 et
1196 479 1293 508 anima:
1308 480 1418 515 puritati
1431 480 1579 508 contraria.
1599 479 1721 507 Concede
1735 481 1799 515 ipsis

1016 530 1187 559 peccatorum
1202 526 1375 560 agnitionem.
1396 531 1479 561 utque
1489 526 1609 561 perfecte
1623 526 1656 553 ab
1668 525 1720 553 illis
1736 526 1799 553 abs-

1017 571 1131 598 tineant.
1146 571 1184 598 Da
1215 571 1267 600 illis
1291 572 1458 607 poenitentia:
1485 573 1649 605 castitatem,
1673 577 1701 600 et
1722 572 1756 598 ad
1775 577 1801 600 te

1016 617 1216 645 conversionem
1229 627 1235 644 :
1246 622 1272 645 tu
1284 619 1366 652 enim,
1385 618 1540 646 Dominalor
1556 617 1680 651 Domine,
1699 625 1801 653 pauper

1016 662 1104 689 factus
1120 670 1150 691 es
1164 663 1325 697 voluntarie,
1345 663 1408 691 dum
1430 671 1539 692 carnem
1569 664 1750 698 assumpsisti,
1767 664 1801 692 ad

1017 708 1124 743 generis
1135 708 1219 736 nostri
1237 709 1362 743 salutem,
1380 714 1409 737 et
1417 709 1573 737 conscidisti
1589 710 1800 745 chirographum

1017 754 1088 788 quod
1107 758 1165 781 erat
1180 754 1323 782 adversum
1351 761 1409 787 nos,
1438 762 1487 789 per
1502 754 1651 782 divinarum
1674 762 1801 781 manuum

1019 802 1124 826 tuarum
1136 799 1162 826 in
1179 806 1261 827 cruce
1275 799 1481 834 expansiouem.
1495 798 1581 827 Parce
1595 799 1732 831 omnibus.
1749 800 1802 826 Do-

1019 844 1092 871 mine
1110 849 1217 872 amator
1232 845 1395 878 animarum,
1414 847 1477 880 quia
1493 845 1582 872 llllllliﬂ
1601 846 1647 872 tibi
1667 845 1801 876 serviunt,

1019 896 1047 919 et
1065 899 1080 918 a
1095 896 1121 919 te
1136 896 1198 919 sunt
1214 892 1323 927 prmmia
1343 891 1514 919 liberationis
1531 897 1640 922 nostrze,
1655 899 1707 917 non
1723 891 1802 925 quid-

173 944 262 961 σποτα
285 935 428 971 φιλόψυχε,
456 936 497 962 ὅτι
522 936 556 962 τὰ
583 935 728 972 σύμπαντα
749 936 829 963 δοῦλα
855 936 899 970 σὰ,
920 936 966 964 καὶ

1018 944 1097 972 quam
1113 944 1177 964 vero
1201 944 1268 972 opus
1298 943 1428 964 manuum
1445 941 1612 964 nostrarum.
1642 935 1743 963 Idcirco
1760 943 1803 962 re-

171 981 248 1016 ιταρὰ
264 981 312 1007 σοῦ
327 982 450 1017 ἡμέτερα
463 982 612 1018 ἀφετήρια,
632 982 681 1009 κα)⁵
696 983 773 1009 οὐδὲν
796 982 851 1009 τῶν
873 983 967 1018 ἐπιτη-

170 1025 314 1060 δευμάτων
322 1026 378 1053 τῶν
392 1026 491 1062 χειρῶν
517 1026 604 1061 ἡμῶν·
619 1026 652 1053 δι’
673 1026 686 1052 ὃ
702 1026 751 1062 τὴν
765 1026 813 1062 σὴν
828 1026 966 1062 βασιλείαν

170 1071 320 1107 δοξάζομεν
336 1072 385 1098 καὶ
402 1071 573 1107 ἀνυμνοῦμέν
588 1080 629 1103 σε,
647 1072 749 1107 Χριστὲ
769 1073 783 1099 ὀ
796 1072 862 1104 Θεὸς
877 1071 965 1108 ἡμῶν,

171 1116 251 1144 ἅτινα
366 1113 416 1145 ν.ξ.
429 1118 509 1145 λου...
523 1127 594 1145 ων...
606 1117 704 1152 θορων.

206 1162 312 1194 Πάσαις
327 1163 447 1199 ἡμέραις
461 1162 517 1196 ἓως
530 1162 678 1198 αἰρετικῶν
691 1162 738 1189 καὶ
754 1161 880 1190 ἐθνικῶν.

208 1251 370 1287 Ἔμπλησον
392 1252 465 1288 ἡμᾶς
477 1251 524 1278 τοῦ
554 1250 602 1278 σοῦ
625 1251 718 1286 φόὸου,
742 1251 789 1278 καὶ
804 1251 968 1279 κατεύθυνον

173 1298 214 1329 εἰς
229 1298 260 1324 τὸ
271 1297 372 1332 ἀγαθόν
388 1306 435 1324 σου
453 1297 567 1333 θέλημα·
587 1298 619 1324 σὺ
633 1297 688 1332 γὰρ
707 1294 733 1323 εἶ
747 1298 761 1324 ό
785 1297 850 1329 Θεὸς
874 1297 964 1333 ἡμῶν,

173 1343 222 1370 καὶ
243 1343 343 1378 πρέπει
358 1351 399 1369 σοι
425 1343 503 1376 δόξα,
520 1343 587 1378 τιμὴ
600 1343 648 1369 καὶ
665 1342 859 1378 προσκύνησις.

221 1390 252 1416 '0
265 1389 360 1423 ἱερεὺς
373 1388 463 1424 λέγει.
481 1388 564 1424 Σῶμα
581 1388 628 1415 καὶ
640 1385 720 1424 αἷμα.

213 1435 247 1462 '0
276 1435 415 1468 διάκονος
433 1434 524 1470 λέγει.
550 1433 628 1462 Μετὰ
648 1434 731 1469 φόϐου
752 1433 819 1460 Θεοῦ
841 1433 967 1471 πρόσχω-

175 1491 236 1518 μεν.

215 1528 246 1554 '0
260 1527 355 1562 ἱερεὺς
374 1527 451 1561 ὑψοῖ
472 1526 635 1554 Δεσποτικδν
650 1526 700 1554 καὶ
723 1526 901 1561 ἐκφωτ-ήσειο
927 1526 968 1554 Τὰ

173 1573 239 1608 ἅγια
253 1574 308 1605 τοῖς
322 1572 418 1606 ἁγίοις.

214 1620 242 1645 '0
262 1618 336 1652 λαὸς
354 1618 446 1652 λέγει.
463 1617 550 1653 Κύριε
565 1617 685 1653 ἐλέησον.

209 1663 258 1697 Εἷξ
272 1665 367 1700 Πατὴρ
383 1664 470 1698 ἅγιος,
479 1661 519 1695 εἷς
527 1663 591 1695 Υἱὸς
600 1663 687 1698 ἅγιος,
708 1663 737 1690 ἓν
752 1662 865 1698 Πνεῦμα
879 1663 967 1698 ἅγιον.

179 1713 280 1747 Ἀμήν.

214 1758 246 1784 '0
258 1758 355 1792 ἱερεὺς
365 1757 457 1791 λέγει.
480 1755 509 1782 '0
529 1754 632 1791 Κύριος
661 1755 730 1790 μετὰ
744 1755 851 1782 πάντων
879 1754 967 1790 ὑμῶν.

215 1803 242 1829 '0
266 1803 341 1835 λαὸς
348 1801 439 1836 λέγει.
457 1801 512 1827 Καὶ
527 1800 596 1836 μετὰ
607 1799 654 1826 τοῦ
669 1799 823 1835 πνεύματός
839 1809 896 1827 σου.

217 1850 247 1876 '0
262 1849 357 1884 Ιερεὺς
371 1848 462 1883 λέγει.
490 1846 640 1881 Εὐλογητὸς
657 1845 758 1881 Κύριος
775 1848 814 1878 εἰς
825 1847 887 1878 τοὺς
900 1846 969 1873 αἰῶ-

175 1904 233 1927 νας.
252 1896 348 1931 Ἀμήν.

163 1963 166 1977 ,
217 1941 248 1967 ὀ
259 1940 333 1973 λαὸς
343 1939 434 1974 λέγει.
450 1939 546 1974 Ἀμήν.

219 1987 246 2013 ’0
259 1986 354 2019 Ιερεὺς
372 1985 463 2020 λέγει.
479 1986 579 2020 Εἰρήνη
594 1985 685 2011 πᾶσιν.

216 2032 243 2058 Ὀ
257 2031 331 2063 λαὸς
339 2030 432 2065 λέγςη.
455 2030 511 2056 Καὶ
527 2029 565 2064 τῷ
582 2029 716 2065 πνεύματί
740 2038 797 2054 σου.

218 2078 249 2103 Ὃ
280 2077 375 2110 ἱερεὺς
399 2075 489 2110 λέγει.
518 2075 600 2110 Σῶμα
625 2075 702 2109 ἅγιον
722 2075 768 2101 καὶ
785 2071 853 2109 αἷμα
868 2074 968 2108 τίμιον,

177 2123 312 2158 ἀληθινὸν,
334 2121 420 2156 Ἰησοῦ
443 2121 560 2156 Χριστοῦ
576 2120 641 2147 Υἱοῦ
658 2120 703 2147 τοῦ
720 2120 796 2146 Θεοῦ.
820 2120 914 2155 Ἀμήν.

217 2170 249 2195 'O
264 2168 340 2201 λαὸς
355 2167 445 2202 λέγει.
459 2168 558 2203 Ἀμήν.

217 2214 463 2249 Ὀἲερεί’ς.1ἐγει.
479 2213 563 2248 Σῶμα
591 2212 669 2247 ἄτιον
700 2212 746 2238 καὶ
773 2210 841 2246 αἷμα
869 2211 968 2246 τίμιον,

176 2262 313 2296 ἀληθινὸν,
328 2260 415 2295 Ἰησοῦ
429 2260 545 2295 Χριστοῦ
562 2260 625 2286 Υίοῦ
637 2259 682 2286 τοῦ
696 2259 773 2286 Θεοῦ.
787 2259 883 2294 Ἀμήν.

218 2308 249 2333 Ὃ
260 2307 335 2340 λαός
347 2306 437 2341 λέγει.
462 2306 555 2340 Ἀμήν-

217 2354 248 2379 Ὀ
260 2352 355 2386 ἱερεὺς
374 2351 465 2386 λέγει.
479 2351 562 2386 Σῶμα
579 2351 625 2377 καὶ
635 2347 704 2386 αἷμα
727 2349 899 2384 Ἑμμανουὴλ
920 2349 967 2376 τοῦ

177 2399 243 2427 Θεοῦ
257 2399 345 2434 ἡμῶν,
363 2397 442 2424 τοῦτό
464 2398 537 2424 ἐστιν
554 2397 670 2432 ἀληθῶς.
696 2397 791 2431 Ἀμήν.

217 2447 244 2471 '0
253 2445 329 2477 λαὸς
343 2444 433 2478 λέγει.
458 2443 554 2478 ’Δρ-ἠν.

214 2489 350 2519 Πιστεύω,
384 2488 513 2518 πιστεύω,
548 2486 669 2514 πιστεύω
694 2486 740 2512 καὶ
769 2485 891 2520 ὁμολογῶ
916 2485 968 2516 ἕως

178 2537 294 2571 ἐσχάτης
319 2532 468 2569 ὰναςτνὴς,
490 2533 531 2559 ὅτι
553 2532 622 2567 αῦτη
651 2533 757 2568 ἐστινὴ
784 2531 851 2567 σὰρξ
866 2532 883 2566 ἡ
900 2531 968 2563 ζωο-

179 2583 263 2613 ποιὸς,
281 2582 316 2616 ἢν
327 2581 433 2612 ἔλαϐες,
454 2579 554 2616 Χριστὲ
569 2580 582 2605 ὁ
599 2578 663 2610 Θεὸς
681 2578 769 2613 ἡμῶν,
782 2579 814 2604 ἐκ
830 2578 878 2612 τῆς
890 2576 969 2610 ἁγίας

178 2629 321 2662 δεσποίνης
335 2627 414 2662 ἡμῶν
429 2626 570 2655 Θεοτιῖκου,
593 2625 640 2651 καὶ
656 2624 834 2660 ἀειτῑαροένου
848 2622 966 2658 Μαρίας·

179 2675 224 2701 καὶ
241 2673 374 2709 ἐποίησας
388 2673 472 2706 αὐτὴν
487 2672 550 2706 μίαν
568 2671 616 2697 σὺν
632 2672 664 2706 τῇ
680 2669 790 2704 Θεότητῖ
806 2678 864 2700 σου,
889 2668 924 2704 μὴ
940 2669 968 2694 ἐν

180 2719 259 2755 μίξει,
274 2719 342 2754 μηδὲ
352 2719 379 2744 ὲν
391 2717 500 2752 φυρμῷ,
515 2716 581 2751 μηδὲ
593 2717 622 2742 ἐν
635 2715 784 2742 aziwma.-
799 2713 970 2750 χαὶὲμαρτύ-

179 2774 262 2800 ρῃσας
277 2766 324 2791 ἐπὶ
339 2763 450 2790 Ποντίου
462 2763 578 2788 Πιλάτου
591 2761 639 2798 τὴν
649 2762 733 2796 καλὴν
749 2760 903 2796 ὁμολογίαν,
922 2760 969 2785 καὶ

180 2811 352 2845 παρέδωκεν·
365 2808 450 2843 αὐτὴν
460 2808 530 2842 ὑπὲρ
540 2807 617 2843 ἡμῶν
632 2807 772 2834 πάντων...
783 2806 852 2841 έρων
864 2805 909 2831 ἐπὶ
922 2804 968 2831 τοῦ

178 2857 255 2890 (Eii-au
273 2856 321 2883 τοῦ
354 2854 470 2890 σταυροῦ
494 2853 539 2880 τοῦ
557 2854 645 2888 ἁγίου,
658 2853 744 2889 ἐνζτῷ
757 2851 888 2887 Οελήματί
907 2860 966 2879 σου.

1017 990 1099 1018 gnum
1131 988 1206 1010 tuum
1234 982 1439 1018 glorificamus,
1468 981 1607 1010 laudamus
1635 987 1670 1014 te,
1695 981 1803 1009 Christe

1017 1028 1088 1056 Deus
1102 1034 1205 1056 noster.
1228 1047 1236 1055 .
1258 1047 1266 1054 .
1287 1047 1295 1056 .
1317 1049 1324 1056 .
1347 1047 1355 1055 .
1375 1047 1383 1055 .
1700 1029 1702 1031 '

1054 1157 1186 1187 Omnibus
1204 1158 1298 1186 diebus
1315 1167 1395 1193 usque
1412 1159 1447 1185 ad
1460 1158 1648 1186 hereticorum
1663 1164 1690 1185 et
1713 1157 1803 1184 ethni-

1018 1212 1123 1232 corum.

1054 1249 1136 1284 Imple
1150 1257 1199 1278 nos
1214 1249 1311 1278 timore
1328 1254 1384 1283 tuo,
1402 1254 1430 1277 et
1460 1249 1548 1284 dirigo
1573 1257 1622 1276 nos
1640 1250 1673 1276 ad
1704 1250 1802 1277 bonam

1018 1295 1183 1323 voluntatem
1202 1300 1274 1322 tuam
1293 1303 1300 1322 :
1325 1301 1352 1322 tu
1379 1296 1451 1323 enim
1472 1303 1501 1323 es
1530 1296 1599 1323 Deus
1615 1299 1717 1329 noster,
1731 1300 1759 1323 ct
1777 1300 1804 1323 te

1018 1342 1095 1370 decet
1107 1341 1202 1376 gloria,
1220 1342 1303 1370 honor
1323 1347 1350 1370 et
1368 1343 1503 1379 adoratio.

1054 1386 1192 1414 Sacerdos.
1209 1387 1314 1422 Corpus
1329 1393 1356 1414 et
1373 1387 1499 1422 sanguis;

1054 1432 1198 1460 Diaconus.
1217 1431 1283 1460 Cum
1300 1432 1397 1459 timore
1414 1432 1469 1459 Deo
1485 1433 1670 1460 attendamus.

1054 1519 1184 1549 Sacerdos
1199 1522 1281 1549 elevat
1295 1521 1458 1548 Δεσποτικόν
1473 1521 1528 1556 (seu
1537 1528 1637 1556 partem
1645 1522 1736 1549 hostia:
1748 1530 1805 1550 ma-

1014 1566 1111 1601 jorem)
1126 1573 1149 1594 et
1167 1567 1221 1594 alla
1233 1575 1293 1594 vace
1308 1568 1380 1594 dicit.
1396 1567 1496 1594 Sancta
1513 1567 1624 1595 sanctis.

980 1604 1001 1634 ο
1058 1614 1185 1648 Populus.
1200 1614 1284 1650 Kyrie
1295 1613 1410 1640 eleison.

1055 1659 1130 1687 Unus
1147 1659 1227 1687 Pater
1245 1664 1357 1687 sanctus
1369 1679 1376 1691 ,
1405 1667 1474 1686 unus
1501 1658 1584 1686 Filius
1599 1664 1720 1692 sanctus,
1736 1667 1806 1688 unus

1019 1704 1137 1740 Spiritus
1154 1710 1275 1733 sanctus.
1292 1704 1390 1732 Amen.

1055 1751 1195 1779 Sacerdos.
1209 1751 1339 1779 Dominus
1352 1759 1412 1778 cum
1428 1751 1554 1778 omnibus
1571 1751 1656 1778 vobis.

1055 1797 1183 1831 Populus.
1204 1797 1236 1825 Et
1250 1805 1309 1824 cum
1323 1797 1420 1831 spiritu
1434 1801 1489 1823 tuo.

1056 1844 1194 1871 Sacerdos.
1209 1843 1370 1871 Benedictus
1382 1842 1513 1870 Dominus
1527 1843 1553 1870 in
1579 1844 1687 1871 saecula.
1707 1844 1804 1872 Amen.

1055 1935 1183 1969 Populus.
1197 1934 1294 1961 Amen.

1056 1981 1195 2007 Sacerdos.
1212 1979 1265 2006 Pax
1284 1979 1418 2006 omnibus.

1056 2025 1185 2060 Populus.
1202 2025 1232 2051 Et
1249 2033 1309 2051 cum
1327 2025 1422 2059 spiritu
1439 2029 1494 2051 tuo.

1055 2071 1194 2098 Sacerdos.
1212 2070 1315 2104 Corpus
1339 2075 1460 2097 sanctum
1483 2075 1512 2097 et
1534 2072 1642 2106 sanguis
1659 2074 1805 2107 pretiosus,

1020 2124 1112 2148 v-‘rus,
1131 2115 1193 2143 .Iesu
1209 2116 1308 2142 Christi
1326 2115 1386 2142 Filii
1404 2115 1462 2142 Dei.
1477 2115 1575 2144 Amen.

1057 2160 1182 2193 Populus.
1197 2161 1292 2188 Amen.

1056 2207 1196 2234 Sacerdos.
1214 2207 1342 2234 Sanctum
1359 2215 1468 2241 corpus,
1486 2213 1513 2235 et
1531 2208 1641 2243 sanguis
1658 2213 1803 2244 prcimSIIs,

1022 2261 1111 2284 vertis,
1128 2253 1190 2279 .lcsu
1208 2253 1309 2279 Christi
1324 2252 1384 2279 Filii
1402 2253 1457 2279 [)ci.
1469 2254 1564 2280 Amen.

1056 2298 1180 2332 Populus.
1199 2297 1295 2324 Amen.

1057 2344 1197 2371 Sacerdos.
1214 2344 1317 2377 Corpus
1334 2348 1360 2369 et
1376 2343 1485 2378 sanguis
1515 2344 1675 2371 Emmanuel
1694 2344 1741 2372 Dei
1762 2360 1763 2369 ι

1020 2392 1079 2424 stri,
1098 2391 1147 2417 hoc
1163 2394 1203 2417 cst
1218 2397 1291 2417 vere.
1307 2389 1405 2416 Amen.

1058 2435 1186 2470 Populus.
1206 2436 1302 2462 Amen.

1055 2482 1152 2512 Credo,
1167 2481 1258 2514 credo,
1276 2481 1367 2511 credo,
1385 2485 1412 2507 et
1438 2481 1570 2508 confiteor
1593 2488 1679 2516 usque
1695 2481 1728 2508 ad
1742 2481 1806 2507 ιιΙιίλ-

1020 2536 1093 2555 mum
1108 2528 1233 2562 spiritum
1260 2527 1330 2561 quod
1356 2526 1414 2553 hac
1442 2527 1501 2560 ipsa
1530 2531 1572 2554 est
1593 2535 1656 2553 caro
1685 2527 1804 2559 vivilica,

1020 2582 1101 2608 quam
1131 2573 1270 2607 accepisti.
1299 2572 1408 2599 Christe
1440 2573 1511 2600 Deus
1541 2578 1692 2604 noster,cx
1711 2577 1805 2599 sancta

1020 2619 1128 2646 dn‘mina
1147 2623 1237 2644 nostra
1262 2618 1375 2652 Dcipara
1399 2622 1426 2645 et
1449 2624 1557 2653 semper
1575 2619 1679 2653 virgine
1701 2618 1783 2644 Maria
1797 2628 1803 2634 -

1019 2673 1155 2701 quamque
1175 2664 1262 2692 fecisti
1282 2672 1361 2691 unam
1377 2671 1439 2691 cum
1460 2663 1600 2691 divinitate
1618 2668 1672 2696 tua,
1688 2671 1739 2691 non
1756 2671 1805 2698 per

1021 2713 1186 2743 miSIionem,
1209 2710 1408 2743 confusionem,
1423 2704 1470 2737 aut
1495 2710 1683 2737 alterationcm
1703 2719 1710 2737 :
1725 2715 1752 2737 et
1765 2715 1805 2737 1e-

1020 2764 1104 2786 status
1117 2765 1148 2784 es
1160 2757 1210 2784 sub
1222 2756 1317 2783 Pontio
1328 2755 1415 2782 Pilato
1422 2755 1579 2790 praeclaram
1595 2755 1804 2788 confessionem;

1020 2811 1045 2831 ct
1060 2812 1140 2839 quam
1161 2802 1294 2830 tradidisti
1306 2810 1354 2837 pro
1368 2802 1445 2829 nobis
1461 2802 1690 2838 onmibus,supcr
1705 2803 1804 2838 lignum

1020 2851 1110 2879 crucis
1126 2854 1238 2882 sauctm,
1251 2848 1388 2876 voluntate
1405 2853 1461 2876 tua.
