2027 3135
257 167 307 196 751

292 225 363 254 Vere
378 227 467 260 credo,
486 228 555 263 quod
573 229 699 258 divinitas
726 236 768 257 tua
799 239 935 269 nunquam
958 240 1035 267 sepa-
1050 236 1073 264 Α

257 277 315 299 rata
334 273 382 299 fuit
397 273 429 300 ab
443 274 609 302 humanitate
625 277 715 308 tua,in
730 277 850 310 instanti,
862 284 908 305 aut
934 280 960 306 in
985 281 1038 307 ictu

258 320 339 346 oculi.
359 320 504 348 Tradidisti
520 329 578 349 eam
596 323 622 350 in
656 323 878 358 redemptionem,
910 330 937 352 et
952 326 976 352 in
995 334 1038 353 rc-

258 365 414 393 missiouem
430 373 612 400 peccatorum,
630 373 657 396 et
671 369 697 396 iu
724 370 805 397 vitam
831 376 973 404 aeternam,
988 372 1039 399 illis

257 411 302 445 qui
321 419 352 439 ex
371 420 401 439 ea
418 414 629 441 communicant.

293 457 380 484 Credo
393 459 464 492 quod
481 459 537 486 haec
552 466 580 486 re
597 467 660 487 vera
674 460 719 488 sit.
732 461 827 490 Amen.

292 503 422 538 Populus.
442 505 538 533 Amen.

290 548 435 578 Diaconus.
452 551 479 578 In
497 560 563 586 pace
576 557 601 580 et
613 553 754 581 charitale.

293 593 423 622 Sacerdos
435 596 490 622 alla
503 604 572 623 voce.
587 595 872 632 Iucomprehcnsihilis
884 599 962 632 Deus,
971 599 1038 626 Ver-

257 640 320 667 bum
339 640 613 676 incircumscriptum,
628 648 771 676 aeternum,
806 645 912 680 suscipe
929 653 943 672 a
960 646 1038 673 nobis

255 687 444 720 peccatoribus
459 695 492 715 ex
517 688 634 723 indignis
660 688 738 717 labiis
760 690 901 725 hymnum,
917 698 976 718 cum
992 698 1038 718 su-

256 731 348 764 pernis
364 733 562 765 potestatibus:
595 739 622 762 te
641 734 712 761 enim
738 735 815 763 decet
836 736 924 763 omnis
939 735 1037 770 gloria,

257 777 344 802 honor
357 781 385 803 et
401 778 525 805 adoratio
542 786 605 806 cum
617 783 729 813 experte
742 780 866 815 principii
889 779 969 808 Patre
980 786 1036 813 tuo,

256 825 283 847 et
296 821 449 850 viviﬁcante
465 827 510 850 tuo
523 823 638 859 Spiritu,
655 824 681 851 in
693 825 784 853 omnia
803 825 900 853 saecula
925 826 1037 854 saeculo-

256 875 325 894 rum.
340 869 439 896 Amen.

290 912 410 947 Populus
424 915 489 942 dicit
501 916 630 950 psalmum
642 925 684 945 ιιι..

289 958 432 987 Diaconus.
447 960 652 997 Congregamini
668 966 695 990 et
713 963 824 998 intrate,
840 962 960 996 diaconi,
974 971 1036 991 eum

254 1005 415 1032 reverentia.

258 1059 352 1088 Oratio
367 1063 511 1096 gratiarum
527 1064 650 1097 actionis,
677 1069 735 1099 post
751 1066 958 1093 communionem
970 1075 1034 1094 san-

491 1114 590 1136 ciorum
605 1111 798 1144 mysteriorum.

290 1161 435 1191 Diaconus.
451 1164 492 1192 Ad
509 1166 659 1194 orationem
677 1171 758 1195 state.

289 1204 428 1234 Sacerdos.
444 1207 498 1236 Pax
513 1210 649 1238 omnibus.

289 1250 418 1285 Populus.
435 1253 538 1282 Etcum
555 1256 650 1290 spiritu
668 1261 722 1284 tuo.

291 1296 435 1325 Diaconus.
454 1298 536 1328 Orate
548 1308 598 1335 pro
609 1302 687 1336 digna
701 1304 901 1332 communione.

288 1395 416 1431 Populus.
430 1398 511 1433 Kyrie
526 1400 641 1429 eleison.

288 1441 418 1469 Sacerdos
442 1444 505 1470 dicit
531 1445 598 1471 lianc
623 1447 774 1474 orationem.
793 1448 902 1477 Gratias
931 1451 1035 1484 agimus

255 1487 315 1519 tibi,
333 1486 449 1514 Verbum
466 1489 510 1516 Dei
528 1498 633 1524 verum,
649 1493 693 1526 qui
714 1500 744 1520 es
760 1501 792 1521 ex
815 1495 964 1522 substantia
983 1496 1034 1522 Pa-

253 1533 303 1559 tris
315 1534 474 1568 principium
508 1543 560 1563 non
574 1536 709 1571 habentis,
737 1540 866 1574 quoniam
897 1545 1034 1576 tantopere

729 171 893 201 LlTURGlA
915 173 943 200 S.
965 173 1127 202 GREGORH
1147 173 1401 203 ALEXANDRINA.

1819 179 1873 207 732

1129 233 1249 269 Ἀληθῶς
1264 234 1393 266 πιστεύω,
1411 235 1452 261 ὅτι
1476 235 1571 271 θεότης
1596 244 1643 262 σου
1663 236 1717 263 οὐδ’
1739 237 1769 264 οὒ
1787 239 1871 273 μηδέ-

1090 287 1156 305 ποτε
1176 279 1338 314 χωρισθεῖσα
1365 280 1395 311 ἐξ
1416 280 1621 319 ἁνθρωπότητός
1638 290 1694 313 σου,
1714 282 1743 308 ὲν
1767 283 1872 318 ἀτόμῳ,

1088 324 1150 350 οὐδὲ
1175 324 1202 350 ὲν
1214 325 1279 359 ῥιπῇ
1307 325 1457 360 ὀφθαλμοῦ.
1483 325 1645 357 Μετέδωκας
1671 326 1756 362 αὐτὴν
1767 329 1807 360 εἰς
1825 328 1874 354 λύ-

1088 377 1199 405 τρωσιν,
1212 370 1258 396 καὶ
1271 371 1310 401 εἰς
1335 370 1431 404 ἄφεσιν
1444 371 1593 406 ἁμαρτιῶν.
1616 372 1663 398 καὶ
1684 373 1723 404 εἰς
1738 372 1810 408 ζωὴν
1823 374 1873 409 τὴν

1088 414 1204 444 αἰώνιον.
1229 416 1282 446 τοῖς
1297 415 1326 447 ἐξ
1341 416 1424 450 αὐτῆς
1435 416 1679 451 μεταλαμϐάνουσι.

1123 459 1246 486 Πιστεύω
1262 460 1302 486 ὅτι
1314 460 1382 496 αὕτη
1396 460 1467 487 ἐστιν
1479 460 1594 495 ἀληθῶς.
1618 461 1713 496 Ἀμήν.

1129 505 1160 532 '0
1175 506 1248 539 λαὸς
1262 506 1353 540 λέγει.
1375 506 1469 542 Ἀμήν.

1129 551 1156 577 '0
1167 550 1306 584 διάκονος
1317 551 1366 586 λέγ
1372 560 1408 578 ει.
1428 552 1471 577 Ἐν
1482 552 1575 588 εἰρήνῃ
1588 552 1634 578 καὶ
1644 552 1747 588 ἀγάπῃ.

1129 596 1160 622 '0
1185 597 1280 630 ἱερεὺς
1305 596 1484 631 ἐκφωνήσεις
1511 597 1698 632 Ἀκατάληπτε
1723 598 1779 632 θεὲ,
1800 599 1870 633 Λόγε

1087 641 1222 676 ἀχὼρητε,
1238 641 1316 673 ἀΐδιε,
1336 641 1414 676 δέχου
1437 641 1500 676 παρ’
1528 641 1605 676 ἡμῶν
1620 642 1673 669 τῶν
1690 642 1870 678 ἁμαρτωλῶν,

1087 687 1117 719 ἐξ
1130 687 1245 720 ἀναξίων
1261 686 1380 721 χειλέων,
1396 685 1490 722 ὕμνον,
1509 687 1577 722 μετὰ
1592 687 1644 714 τῶν
1655 687 1711 714 ἄνω
1720 688 1870 723 δυνάμεων

1088 733 1129 759 σοὶ
1143 732 1197 767 γὰρ
1212 733 1311 767 πρέπει
1323 733 1398 759 πᾶσα
1410 732 1483 765 δόξα,
1494 733 1561 768 τιμὴ
1570 733 1616 759 καὶ
1629 733 1813 768 προσκύνησις
1825 734 1872 761 σὺν

1086 777 1126 812 τῷ
1141 777 1251 812 ἀνάρχῳ
1266 785 1312 803 σου
1325 778 1422 813 Πατρὶ,
1439 778 1486 804 καὶ
1497 777 1535 812 τῷ
1546 776 1668 812 ξωοποιῷ
1685 786 1730 804 σου
1748 779 1872 814 Πνεῦμας

1086 831 1114 849 τι
1137 824 1177 855 εἰς
1201 823 1304 855 πάντας
1318 824 1380 855 τοὺς
1394 824 1495 855 αἰῶνας
1513 823 1567 851 τῶν
1587 823 1701 850 αἰώνων.
1722 824 1819 860 Ἀμήν.

1127 911 1158 938 '0
1176 911 1250 944 λαὸς
1263 911 1342 946 λέγει
1363 912 1486 946 ψαλίων
1494 915 1550 946 pr’.

1128 957 1160 984 '0
1184 957 1323 990 διάκονος
1342 957 1432 991 λέγει.
1455 957 1608 993 Συνάχθητε
1624 958 1670 985 καὶ
1683 958 1829 990 εἰσέλϐετε,
1847 959 1871 985 οἱ

1087 1001 1215 1035 διάκονοι,
1230 1002 1287 1037 μετ’
1298 1003 1450 1034 εὺλαὸείας.

1086 1069 1130 1095 Εὐ
1133 1067 1172 1102 χὴ
1187 1068 1380 1102 εὐχαριστίας
1390 1068 1465 1103 μετὰ
1475 1067 1533 1104 τὴν
1537 1068 1710 1102 μετάληψιν
1719 1068 1872 1104 τῶνάτίων

1383 1103 1568 1138 μυστηρίων.

1126 1159 1157 1186 ’0
1173 1159 1311 1193 διάκονος
1322 1160 1412 1195 λέγει.
1435 1160 1496 1186 Ἐπὶ
1512 1159 1663 1194 προσευχῆς
1678 1160 1805 1195 στάθητε.

1126 1205 1156 1232 '0
1173 1205 1268 1239 ἱερεὺς
1286 1205 1375 1240 λέγει.
1396 1205 1497 1240 Εἰρήνη
1512 1206 1603 1232 πᾶσιν.

1127 1251 1157 1277 '0
1168 1251 1241 1283 λαὸς
1256 1250 1346 1284 λέγει.
1358 1251 1412 1276 Καὶ
1423 1249 1462 1285 τῷ
1476 1251 1610 1285 πνεύματί
1620 1261 1677 1279 σου.

1125 1295 1156 1322 'O
1172 1295 1312 1328 διάκονος
1323 1295 1412 1330 λέγει.
1430 1296 1617 1331 Προσεύξασθε
1641 1298 1710 1333 ὑπὲρ
1724 1298 1773 1332 τῆς
1795 1297 1872 1331 ἀξῖας

1086 1340 1271 1375 μεταλήψεως.

1125 1396 1156 1422 '0
1169 1397 1242 1429 λαὸς
1251 1395 1341 1431 λέγει.
1359 1396 1443 1432 Κύριε
1460 1397 1578 1432 ἐλέησον.

1126 1441 1156 1467 '0
1171 1440 1352 1476 ἱερεὺς.λέγει
1365 1441 1423 1476 τὴν
1435 1442 1531 1476 εὐχὴν
1551 1443 1671 1476 ταύτην.
1686 1443 1870 1479 Εὖχαριστοῦ-

1086 1486 1134 1521 μέν
1162 1494 1212 1517 σοι,
1240 1485 1309 1520 Λόγε
1332 1485 1398 1512 Θεοῦ
1422 1487 1541 1521 ἁληϐινὲ,
1565 1487 1578 1513 ὁ
1597 1487 1629 1514 ἐκ
1646 1488 1696 1523 τῆς
1713 1488 1807 1520 οὐσίας
1825 1487 1870 1515 τοῦ

1085 1531 1201 1566 ἀνάρχου
1216 1530 1332 1565 Πατρὺς,
1352 1531 1392 1557 ὃτι
1404 1531 1489 1562 οὕτως
1502 1532 1647 1570 ᾒγάπησας
1656 1534 1730 1567 ἡμᾶς
1745 1533 1791 1559 καὶ
1809 1533 1871 1559 ἔδω-

253 1578 371 1606 dilexisti
388 1587 447 1613 nos,
464 1585 490 1608 et
504 1582 599 1610 dedisti
613 1589 638 1611 te
651 1584 736 1618 ipsum
756 1593 805 1620 pro
817 1587 894 1614 nobis
911 1575 1034 1614 immola-

1086 1584 1135 1608 κας
1156 1575 1266 1603 σεαυτὸν
1283 1576 1351 1611 ὑπὲρ
1376 1577 1476 1612 ἡμῶν,
1495 1578 1689 1612 ὲσφαγιάσθης.
1714 1579 1872 1613 Κεχάρισας

254 1629 310 1654 lus.
327 1625 451 1654 Concede
469 1628 546 1655 nobis
560 1636 608 1663 per
623 1630 823 1657 immaculatum
836 1640 933 1666 corpus
947 1637 1032 1667 tuum,

254 1675 282 1697 et
296 1672 442 1704 pretiosum
463 1678 537 1700 tuum
550 1675 707 1710 sanguinem
723 1677 943 1711 redemptionem,
953 1680 1033 1712 sicut,

254 1715 381 1751 benigne,
402 1720 549 1752 przestitisti
567 1721 644 1749 nobis
667 1730 739 1750 nunc
760 1728 788 1750 ut
802 1731 834 1751 ex
850 1724 914 1759 ipsis
933 1725 1035 1753 Eucha-

253 1761 356 1789 ristiam
376 1764 566 1798 acciperemus.
584 1766 687 1794 Idcirco
705 1769 863 1796 conlitemur
887 1770 933 1797 tibi
951 1778 1033 1804 nunc,

253 1808 369 1842 benigne
394 1815 422 1836 et
445 1810 524 1844 bone,
541 1817 567 1839 et
583 1812 628 1839 tibi
647 1807 779 1847 gloriam.
797 1815 926 1843 honorem
942 1821 968 1843 et
985 1818 1033 1844 ad-

253 1854 406 1882 orationem
420 1857 547 1884 continue
557 1858 705 1892 oll‘erimus,
719 1867 778 1887 cum
788 1866 897 1895 experte
911 1862 1033 1897 principii

254 1898 335 1927 Patre
348 1905 403 1933 tuo,
420 1905 447 1927 et
463 1907 558 1930 sancto
575 1908 618 1931 tuo
633 1904 744 1939 Spiritui,
757 1914 838 1938 nunc,
855 1911 909 1934 etc.

290 1943 536 1982 Diaconus.Capita
555 1954 643 1976 vestra
662 1949 776 1978 Domino
790 1952 926 1980 inclinate.

437 2045 530 2075 Oratio
546 2048 723 2077 inclinationt's
738 2051 841 2084 capitis.

289 2103 337 2136 Qui
352 2112 390 2137 es,
410 2105 454 2139 qui
471 2113 543 2138 eras,
559 2112 585 2134 et
599 2107 696 2135 venisti
721 2109 748 2136 in
767 2109 895 2136 mundum
923 2110 956 2137 ad
972 2118 1032 2139 eum

251 2149 466 2184 illuminandum,
483 2152 528 2186 qui
540 2160 649 2180 carnem
663 2162 806 2183 assumens
819 2175 828 2189 ,
854 2156 934 2183 homo
947 2156 1034 2185 factus

250 2203 291 2227 es,
309 2201 335 2222 et
352 2197 499 2224 cruciﬁxus
513 2206 542 2225 es
557 2206 604 2232 pro
620 2200 709 2232 nobis,
722 2208 870 2236 passusque
883 2203 1033 2232 voluntarie

1086 1623 1161 1657 ἡμῖν,
1191 1621 1234 1648 διὰ
1253 1622 1298 1649 τοῦ
1321 1623 1453 1658 ἁχράντου
1478 1632 1524 1649 σου
1542 1624 1674 1659 σώματος,
1691 1625 1738 1651 καὶ
1761 1626 1808 1651 τοῦ
1833 1634 1871 1651 τι-

1087 1668 1147 1703 μίου
1163 1676 1210 1694 σου
1224 1668 1348 1703 αἵματος,
1365 1668 1415 1703 τὴν
1429 1668 1625 1704 ἀπολύτρωσιν,
1649 1669 1686 1700 ὼς
1701 1670 1870 1704 κατηξίωσας

1085 1714 1158 1748 ἡμᾶς
1171 1713 1228 1746 νῦν,
1245 1713 1428 1749 φιλάνθρωπε,
1442 1714 1485 1741 ἵνα
1498 1714 1624 1749 λάϐωμεν
1647 1714 1677 1747 eg
1689 1715 1778 1741 αὐτῶν
1792 1716 1870 1750 aiax:-

1085 1760 1197 1795 ριστίαί.
1207 1759 1252 1786 Διὸ
1259 1759 1472 1794 ἐξομολογοῦμέν
1484 1767 1525 1786 σοι
1535 1759 1592 1791 νῦν,
1607 1760 1789 1795 φιλάνθρωπε,
1805 1761 1871 1794 ἁγα-

1086 1805 1125 1837 οὲ,
1139 1805 1185 1832 καὶ
1202 1805 1242 1832 σοὶ
1254 1805 1303 1840 τὴν
1319 1804 1408 1837 δόξαν,
1425 1805 1470 1831 καὶ
1486 1805 1534 1840 τὴν
1550 1805 1642 1840 τιμὴν,
1659 1806 1705 1832 καὶ
1721 1805 1770 1840 τὴν
1789 1814 1870 1840 προς-

1085 1852 1198 1886 κύνησιν
1212 1851 1343 1885 διηνεκῶς
1359 1851 1566 1886 ἁναπέμπομεν,
1586 1852 1633 1878 σὺν
1645 1851 1683 1885 τῷ
1699 1851 1810 1886 ἀνάρχῳ
1825 1860 1868 1877 σου

1084 1897 1171 1931 Harp).
1194 1897 1240 1923 καὶ
1251 1896 1290 1931 τῷ
1301 1896 1370 1931 ἁγίῳ
1388 1904 1433 1923 σου
1460 1896 1607 1932 Πνεύματι.
1628 1896 1721 1928 νῦν,κ.
1737 1906 1763 1923 τ.
1773 1897 1799 1923 λ.

1126 1942 1156 1969 '0
1168 1942 1305 1974 διάκονος
1323 1941 1412 1976 λέγει.
1431 1941 1486 1973 Τὰς
1502 1941 1620 1976 κεφαλὰς
1631 1942 1706 1977 ὑμῶν
1720 1941 1760 1977 τῷ
1777 1941 1869 1978 Κυρίῳ

1084 1987 1202 2015 κλίνατε.

1259 2054 1344 2088 Εὺχὴ
1367 2052 1422 2087 τῆς
1445 2054 1690 2087 κεφαλοκλισὶας.

1124 2110 1153 2136 '0
1161 2110 1207 2142 ὢν,
1223 2111 1237 2136 ὁ
1252 2108 1296 2145 ἦν,
1314 2110 1328 2135 ό
1340 2108 1424 2135 ἐλθὼν
1448 2110 1487 2140 εἰς
1500 2109 1546 2135 τὸν
1564 2108 1664 2144 κόσμον
1689 2108 1736 2135 τοῦ
1754 2109 1866 2143 φωτίσαι

1084 2156 1175 2182 αὐτόν’
1187 2157 1201 2182 ὁ
1223 2155 1381 2191 σαρκωθεὶς,
1399 2155 1617 2190 ἐνανθρωπήσας,
1640 2154 1687 2181 καὶ
1705 2154 1868 2189 σταυρωθεὶς

1083 2202 1117 2228 δι’
1135 2202 1218 2238 ἡμᾶς,
1234 2202 1280 2228 καὶ
1289 2201 1381 2228 παθὼν
1391 2201 1520 2232 ἑκουσίως
1532 2201 1622 2236 σαρκὶ,
1635 2200 1682 2227 καὶ
1698 2201 1790 2235 μείνας
1800 2201 1869 2226 ἀπει-

251 2240 277 2267 ἱη
298 2248 392 2273 carne,
411 2244 534 2270 mansisti
549 2244 723 2278 impassibilis
735 2252 764 2273 ut
791 2247 861 2274 Deus
875 2256 881 2274 :
897 2248 1031 2283 sepultus-

1086 2247 1143 2283 θὴς,
1173 2247 1210 2279 ὡς
1237 2247 1312 2278 Θεός·
1337 2247 1384 2273 καὶ
1409 2247 1513 2281 ταφεὶς,
1541 2247 1588 2273 καὶ
1603 2246 1721 2278 ἀναστὰς
1742 2247 1775 2281 τῇ
1792 2246 1868 2282 τρίτῃ

249 2293 313 2319 que,
330 2286 407 2313 tertia
419 2287 462 2314 die
478 2289 871 2326 resurrexisti,ascendensque
888 2292 912 2319 in
922 2293 1030 2325 caelum,

249 2331 343 2358 sedisti
363 2332 397 2359 ad
427 2334 564 2361 dexteram
592 2336 784 2368 magnitudinis
811 2337 903 2372 gloria:
929 2337 1032 2366 Patris:

249 2378 382 2412 divinum,
414 2385 548 2413 sanctum,
569 2382 825 2410 consubstantialem
845 2385 957 2418 aequalis
986 2393 1032 2418 μου

249 2425 355 2452 testatis
370 2430 397 2452 et
410 2425 512 2460 gloria,
527 2430 556 2454 et
584 2432 748 2455 coaeternum
780 2430 909 2464 Spiritum
937 2432 1033 2459 misisti

250 2478 331 2504 super
356 2477 465 2499 sanctos
489 2477 550 2500 tuos
575 2474 721 2509 discipulos
741 2480 769 2502 et
793 2477 939 2510 apostolos,
952 2482 1034 2512 atque

251 2524 298 2551 per
310 2525 371 2544 eum
387 2518 446 2546 illos
458 2519 617 2548 illuminasti
633 2526 660 2548 et
679 2529 727 2555 per
744 2529 791 2550 eos
807 2522 899 2551 orbem
923 2525 1033 2552 univer-

251 2571 330 2597 sum;
346 2563 453 2592 Christe
465 2574 527 2593 vere
544 2565 614 2595 Deus
626 2573 726 2596 uoster.

291 2628 298 2636 .
319 2629 327 2636 .
350 2629 357 2637 .
380 2630 387 2637 .
406 2610 514 2639 Gabriel
530 2617 558 2640 et
568 2613 698 2647 Raphael.

287 2654 322 2682 Et
337 2656 490 2690 angelorum
514 2658 753 2692 quadriformium,
771 2660 928 2688 animalium
945 2662 1034 2689 incor-

251 2709 412 2736 porearum;
442 2707 469 2730 et
500 2704 670 2739 angelorum,
701 2706 794 2741 viginti
811 2712 926 2742 quatuor
943 2708 1033 2735 senio-

251 2756 330 2780 rum;
371 2750 509 2784 sanctique
542 2751 650 2785 gloriosi
675 2753 822 2788 propltetm,
848 2755 1032 2788 praacursoris,

251 2795 374 2828 baptista:
386 2800 413 2822 et
430 2797 557 2830 martyris
571 2796 682 2825 Joannis

288 2839 378 2868 Sancti
409 2842 538 2876 διοιιὶιουὶ
575 2844 655 2878 primi
678 2845 782 2874 diaconi
809 2851 836 2874 et
852 2847 931 2883 primi
959 2855 1029 2876 mar—

252 2892 329 2922 tyrts.

1086 2294 1187 2328 ἡμέρᾳ,
1216 2293 1262 2319 καὶ
1290 2292 1407 2319 ἀνελθὼν
1427 2293 1467 2323 εἰς
1480 2292 1619 2326 οὐρανοὺς,
1642 2292 1689 2318 καὶ
1702 2291 1816 2323 καθίσας
1842 2292 1869 2317 ἐν

1088 2338 1162 2373 δεξιᾷ
1174 2337 1223 2372 τῆς
1239 2337 1424 2372 μεγαλοσύνης
1435 2337 1484 2372 τῆς
1500 2336 1578 2372 δόξης
1594 2337 1640 2363 τοῦ
1655 2337 1772 2372 Πατρὸς,
1792 2336 1822 2363 τό
1841 2345 1869 2362 τε

1088 2383 1168 2414 θεῖον,
1180 2383 1228 2409 καὶ
1242 2382 1328 2416 ἅγιον,
1344 2383 1390 2409 καὶ
1405 2382 1556 2417 ὁμοούσιον,
1571 2381 1618 2409 καὶ
1629 2382 1807 2417 ὁμοδύναμον,
1824 2383 1870 2409 καί

1086 2427 1225 2462 ὁμόδοξον,
1252 2426 1299 2454 καὶ
1323 2427 1456 2454 συναῖδιον
1481 2427 1593 2461 Πνεῦμα
1617 2427 1796 2462 καταπέμψας
1824 2426 1869 2453 ἐπὶ

1085 2473 1148 2504 τοὺς
1168 2473 1261 2507 ἁγίους
1278 2481 1324 2498 σου
1342 2472 1475 2508 μαθητὰς,
1502 2472 1549 2498 καὶ
1569 2472 1741 2504 ἀποστόλους,
1759 2473 1804 2499 καὶ
1827 2473 1868 2498 διὰ

1086 2518 1180 2544 τούτου
1196 2518 1316 2553 φωτισας
1337 2518 1385 2553 μὲν
1400 2517 1507 2550 αὐτοὺς,
1522 2518 1554 2543 δι’
1577 2518 1665 2544 αὐτῶν
1683 2517 1711 2543 δὲ
1724 2519 1813 2545 πᾶσαν
1821 2518 1869 2552 τὴν

1086 2563 1257 2598 οἰκουμένην,
1273 2562 1383 2598 Χριστὲ,
1397 2564 1411 2588 ό
1427 2562 1550 2597 ἀληθινὸς
1562 2562 1628 2594 Θεὸς
1644 2563 1733 2598 ἡμῶν.

1178 2609 1225 2636 καὶ
1237 2608 1355 2644 Γαϐριὴλ
1381 2608 1426 2635 καὶ
1448 2607 1576 2643 Ῥαφαήλ.

1122 2655 1178 2681 Καὶ
1190 2654 1243 2681 τῶν
1263 2653 1384 2688 ἀγγέλων
1405 2653 1600 2688 τετραμὸρφων
1617 2652 1692 2684 ζώων
1707 2652 1865 2687 ἀσωμάτων·

1087 2699 1207 2726 καὶτῶν
1231 2699 1365 2733 ἀγγέλων,
1394 2698 1479 2725 εἴκοσι
1505 2699 1642 2732 τεσσάρων
1669 2698 1865 2733 πρεσὸυτέρων.

1087 2745 1139 2772 Τοῦ
1153 2745 1231 2779 ἁγίου
1249 2744 1365 2777 ἐνδόξου,
1381 2744 1528 2779 προφήτου,
1539 2743 1698 2778 προδρόμου,
1713 2742 1866 2778 βαπτιστοῦ,

1087 2790 1134 2816 καὶ
1147 2790 1282 2825 μάρτυρος
1301 2790 1434 2816 Ἰωάννου.

1121 2847 1143 2872 Τ
1145 2845 1174 2872 οὗ
1192 2845 1269 2879 ἁγίου
1296 2846 1430 2880 Στεφάνου
1447 2845 1492 2871 τοῦ
1510 2844 1721 2880 πρωτοδιακόνου
1738 2845 1784 2870 καὶ
1799 2851 1868 2878 πρω-

1088 2891 1264 2926 τομάρτυρος.
