2027 3135
138 145 188 174 741
1710 161 1762 189 τις

176 929 287 967 Vobis,
304 930 369 962 Viri
382 930 598 962 humanissimi
610 955 617 969 ,
635 942 714 970 nec,
729 937 951 972 qualecunque
965 941 1013 964 esr
1024 957 1032 970 ,
1049 935 1280 966 ituccdotorum
1299 943 1488 975 opusculum
1503 935 1647 977 debetur,

176 1014 252 1045 Nam
263 1038 271 1052 ,
289 1017 324 1046 ut
339 1017 516 1055 temporum
530 1016 684 1048 rationem
698 1025 824 1057 sequar,
846 1017 955 1056 viginti
969 1020 1102 1059 etquod
1119 1019 1256 1051 excurrit
1269 1020 1344 1051 anni
1363 1023 1453 1058 sunt,
1473 1028 1512 1051 ex
1529 1029 1593 1061 quo
1609 1021 1670 1056 Tu,
1685 1018 1764 1050 ami-

135 1075 260 1108 cissime
280 1076 490 1116 Krabingere,
511 1077 606 1115 mihi,
627 1080 702 1109 tunc
720 1077 876 1110 Monachii
897 1082 1103 1113 commoranti
1126 1082 1277 1122 librisque
1292 1083 1409 1114 Graacis
1431 1092 1528 1115 manu
1548 1082 1687 1123 scriptis,
1702 1081 1765 1113 illic

134 1137 166 1167 in
192 1137 383 1169 bibliotheca
398 1138 484 1178 regia
508 1139 686 1177 asservatis,
705 1138 862 1177 heluanti,
880 1148 952 1171 cum
967 1142 1026 1173 alia
1050 1142 1183 1183 plurima
1206 1144 1366 1175 Anecdota
1383 1144 1507 1183 Graeca,
1532 1153 1667 1184 quorum
1683 1143 1765 1174 bona

135 1209 208 1240 pars
221 1201 324 1232 adhuc
340 1201 462 1233 edenda
477 1205 582 1240 restat,
598 1205 663 1233 tum
677 1201 801 1234 Scholia
813 1203 846 1234 in
862 1204 892 1234 S.
908 1204 1093 1245 Gregorium
1108 1207 1349 1245 Nazianzenum,
1361 1207 1477 1247 quibus
1491 1207 1525 1238 in
1540 1207 1602 1238 hoc
1613 1205 1767 1247 opusculo

136 1271 211 1293 usus
229 1271 311 1300 sum,
329 1263 368 1294 ad
384 1263 627 1296 describendum
642 1265 689 1297 vel
705 1267 939 1306 excerpendum
957 1270 1142 1310 propinasti.
1161 1271 1205 1302 Ac
1221 1270 1342 1302 etiamsi
1356 1270 1411 1301 diu
1426 1273 1484 1308 est,
1502 1270 1589 1310 quod
1606 1278 1665 1310 ego
1680 1269 1768 1301 suavi

135 1327 251 1358 Tecum
263 1327 467 1367 epistolarum
482 1329 673 1361 commercio
688 1337 772 1369 aegre
788 1339 880 1362 careo
894 1331 1041 1371 (fortasse
1059 1341 1128 1363 mea
1139 1332 1275 1373 quadam
1295 1333 1400 1374 culpa,
1417 1333 1552 1372 negotiis
1569 1331 1683 1363 misere
1699 1332 1767 1362 dis-

134 1386 248 1428 tenti),
266 1397 392 1429 semper
414 1393 534 1428 tamen,
558 1390 634 1422 dum
652 1391 768 1430 vivam,
788 1396 875 1432 grato
891 1401 965 1432 erga
985 1395 1028 1426 Te
1048 1395 1154 1427 animo
1177 1395 1315 1428 recolam
1328 1395 1586 1428 commorationis
1601 1394 1684 1425 illius
1699 1394 1768 1424 Mo-

136 1450 280 1481 nacensis
290 1450 429 1484 delicias.
444 1460 576 1492 quarum
593 1454 640 1484 Tu
655 1461 719 1484 non
737 1453 867 1484 minima
881 1463 954 1494 pars
969 1455 1065 1487 fuisti.

173 1534 220 1565 Tu
236 1537 341 1565 autem
354 1558 362 1571 ,
377 1534 536 1566 carissime
551 1536 662 1574 Rothi,
678 1536 822 1568 amicitia!
838 1537 963 1569 vinculo
987 1547 1038 1570 me
1048 1563 1055 1576 ,
1069 1539 1138 1570 Tibi
1152 1543 1244 1571 antea
1256 1539 1399 1580 ignotum
1409 1564 1418 1578 ,
1434 1539 1624 1571 adstrinxisti
1645 1539 1772 1578 egregio

134 1594 188 1627 illo
203 1596 372 1634 beneﬁcio,
385 1597 471 1637 quod
484 1598 548 1629 Tua
562 1598 790 1630 intercessione
805 1599 948 1638 effecisti,
963 1603 998 1631 ut
1009 1601 1254 1641 pretiosissimus
1267 1601 1321 1634 ille
1335 1602 1437 1634 codex
1450 1602 1481 1632 S.
1493 1601 1635 1640 Gregorii
1645 1600 1774 1631 Nazian-

135 1659 204 1690 zeni
228 1668 325 1692 manu
343 1660 493 1700 scriptus,
515 1669 580 1700 quo
594 1660 671 1692 Eliae
691 1662 909 1694 commentarii
931 1663 1147 1702 continentur,
1178 1673 1262 1696 anno
1290 1665 1492 1696 MDCCCXLII
1519 1672 1558 1695 ex
1581 1662 1774 1695 bibliotheca

135 1721 259 1760 publica
283 1723 470 1762 Basileensi,
501 1725 670 1758 liberaliter
689 1727 901 1759 annuentibus
923 1728 990 1760 eius
1012 1729 1224 1768 curatoribus,
1241 1738 1300 1770 per
1321 1730 1526 1761 clarissimum
1551 1727 1771 1765 Gerlachinm,

136 1785 220 1817 illius
241 1786 442 1819 bibliotheca)
461 1787 659 1828 praefectum,
683 1789 722 1821 ad
742 1799 794 1822 me
814 1791 948 1822 Bernam
962 1791 1234 1830 transmitteretur,
1256 1795 1353 1832 utque
1370 1800 1442 1823 eum
1460 1794 1562 1822 terere
1578 1793 1610 1822 et
1626 1789 1661 1820 in
1681 1797 1774 1820 usum

138 1848 313 1881 studiorum
324 1850 557 1882 Platonicorum
567 1854 598 1882 et
607 1851 874 1892 Patrologicorum
886 1862 944 1894 pro
958 1853 1059 1885 lubitu
1068 1862 1240 1895 excerpere
1252 1862 1390 1894 possem.
1403 1853 1546 1884 Eundem
1553 1853 1600 1883 Tu
1613 1851 1756 1882 codicem
1765 1873 1772 1887 ,

139 1919 194 1950 pro
214 1912 340 1952 egregia
353 1913 419 1943 Tua
438 1921 511 1952 erga
534 1922 585 1945 me
604 1913 840 1953 benevolentia,
856 1916 907 1947 cui
925 1916 1010 1948 idem
1023 1916 1076 1948 ille
1091 1916 1273 1948 Gerlachius
1290 1915 1405 1946 iterum
1422 1913 1609 1955 Opitulatum
1623 1912 1692 1948 ivit,
1712 1919 1774 1941 nu-

138 1972 292 2012 perrime,
310 1982 408 2013 quum
429 1975 582 2015 Excerpta
602 1974 709 2006 Eliana
729 1976 858 2007 Lutetia:
873 1976 1062 2008 Parisiorum
1077 1977 1217 2008 editurus
1233 1985 1350 2012 essem,
1367 1983 1475 2006 rursus
1493 1974 1532 2005 ad
1546 1981 1598 2005 me
1614 1973 1775 2004 transmit-

139 2032 267 2062 tendum
280 2032 406 2070 curasti,
421 2037 456 2065 ut
470 2043 540 2074 quae
554 2034 629 2066 inde
640 2036 866 2076 excerpsissem
886 2045 1000 2076 augere
1010 2061 1019 2075 ,
1036 2040 1067 2067 et
1090 2037 1231 2077 plagulas
1246 2036 1448 2075 corrigendas
1470 2036 1509 2067 ad
1523 2039 1678 2076 ἀρχέτυπον
1695 2033 1763 2064 exi-

138 2101 210 2131 gere
226 2101 367 2133 possem.

175 2181 265 2218 Quod
281 2185 384 2213 autem
393 2182 466 2213 Elite
476 2183 604 2214 tandem
619 2182 733 2215 edendi
747 2183 913 2215 consilium
927 2184 1014 2224 cepi,
1036 2183 1188 2224 quodque
1201 2183 1307 2224 operis
1321 2183 1533 2215 redemtorem
1557 2182 1686 2213 Lutetiae
1705 2190 1776 2213 sum

138 2249 260 2282 nactus,
277 2244 309 2275 id
325 2244 405 2282 Tibi,
418 2244 641 2276 humanissime
656 2243 869 2286 Darembergi,
885 2246 941 2277 uni
956 2246 1015 2278 soli
1030 2246 1142 2278 debeo.
1157 2247 1236 2277 Nam
1248 2254 1344 2286 quum
1361 2254 1420 2285 ego
1434 2249 1506 2276 ante
1521 2245 1580 2276 hos
1591 2245 1776 2284 quindecim

138 2316 254 2344 annos,
285 2306 418 2338 dilatatis
445 2305 604 2346 paullatim
625 2306 817 2346 antiquitatis
846 2307 975 2344 studiis,
999 2317 1071 2339 cum
1101 2307 1274 2348 philologia
1302 2306 1560 2345 archmologiam,
1594 2306 1688 2338 etiam
1715 2317 1776 2348 pa-

139 2370 246 2406 triam,
270 2368 462 2408 conjungere
478 2370 523 2405 et,
541 2377 611 2407 qua:
628 2368 729 2408 patrio
744 2371 816 2399 sunt
832 2369 900 2400 solo
924 2370 1111 2407 reconditae,
1136 2369 1328 2409 antiquitatis
1347 2369 1472 2400 Gallica:
1489 2373 1519 2400 et
1533 2370 1684 2400 Romanae
1701 2370 1776 2401 reli-

138 2431 227 2470 quias
246 2429 435 2470 perscrutari
448 2430 629 2470 coepissem,
649 2429 763 2460 deinde
778 2430 917 2462 historice
933 2431 1041 2471 patriae
1057 2439 1186 2471 operam
1202 2440 1260 2470 per
1278 2430 1478 2470 septennium
1495 2438 1671 2467 navassem,
1695 2430 1776 2461 iam-

138 2501 216 2532 que,
227 2496 377 2532 tanquam
389 2492 604 2532 peregrinator
613 2491 652 2523 ad
668 2492 774 2523 sedem
790 2492 1005 2530 domesticam,
1017 2492 1056 2524 ad
1073 2491 1203 2532 pristina
1217 2492 1319 2523 studia
1330 2492 1506 2528 rediissem,
1524 2494 1555 2522 et
1566 2500 1639 2531 qua:
1652 2490 1777 2531 pridem

137 2554 169 2585 in
192 2562 309 2593 genere
332 2553 494 2594 philologo
517 2562 535 2584 a
550 2562 600 2584 me
623 2553 777 2584 claborari
802 2557 904 2594 erepta
928 2557 1032 2591 erant,
1048 2557 1205 2585 maturare
1224 2553 1432 2589 instituerem,
1453 2570 1491 2574 -
1512 2553 1567 2589 Te,
1585 2552 1627 2583 mi
1643 2552 1772 2583 Darem-

137 2615 244 2656 bergi,
272 2624 340 2647 sors
364 2616 500 2656 propitia
529 2615 643 2647 horum
668 2617 842 2647 studiorum
868 2616 1023 2648 fautorem
1047 2617 1139 2647 simul
1168 2620 1200 2648 et
1221 2616 1453 2647 moderatorem
1476 2614 1555 2646 mihi
1580 2615 1706 2646 obtulit.
1732 2615 1778 2645 Tu

140 2685 208 2714 me,
225 2680 344 2716 ἀρχείων
358 2676 486 2716 pulvere
501 2677 648 2708 obrutum
660 2701 668 2714 ,
685 2680 716 2707 et
736 2676 787 2708 hic
806 2678 916 2708 Bernaa
938 2677 1048 2717 quovis
1060 2701 1067 2713 ,
1094 2677 1206 2709 Hercle
1220 2701 1227 2714 ,
1256 2676 1294 2708 ad
1319 2676 1521 2707 humanitatis
1543 2676 1644 2707 studia
1666 2676 1778 2707 incita-

138 2741 245 2768 mento
263 2739 434 2774 carentem,
451 2745 487 2768 ea
505 2745 539 2768 re
555 2737 692 2774 erexisti,
708 2737 793 2776 quod
808 2746 896 2768 meos
911 2741 1040 2769 conatus
1050 2737 1119 2768 Tibi
1136 2737 1258 2777 Tuique
1280 2737 1436 2767 similibus
1456 2737 1584 2777 probari
1601 2735 1777 2768 declarasti.

137 2800 180 2830 Tu
214 2807 285 2837 me,
315 2799 393 2830 alios
423 2800 547 2831 labores
573 2800 751 2840 philologos
785 2801 1002 2838 meditantem,
1030 2801 1070 2832 ad
1097 2801 1211 2838 Etiam,
1240 2801 1364 2832 scriniis
1396 2801 1493 2832 instar
1530 2803 1672 2839 κειμηλεου
1702 2809 1771 2832 scr-

137 2867 238 2894 vatum
250 2884 258 2898 ,
277 2863 434 2894 edendum
457 2863 597 2895 excitasti
611 2864 655 2894 sic
669 2873 719 2894 me
733 2863 961 2903 interpellando
982 2874 987 2894 :
1010 2877 1023 2892 ες
1042 2864 1121 2901 Quin
1137 2865 1185 2895 Tu
1203 2864 1377 2904 pretiosum
1396 2863 1478 2894 istud
1494 2862 1681 2894 Anecdoton
1702 2866 1776 2893 ante

138 2925 242 2955 omnia
256 2924 289 2955 in
304 2924 406 2955 lucem
419 2924 537 2966 profer,
555 2933 594 2956 nc
604 2924 635 2955 id
646 2929 684 2956 ab
698 2925 759 2956 alio
777 2924 927 2964 quopiam
941 2927 1124 2966 occupetur,
1136 2933 1214 2957 neve
1229 2932 1325 2965 quem
1336 2925 1383 2956 Tu
1399 2924 1431 2955 in
1447 2933 1486 2956 eo
1502 2923 1711 2956 describenllo
1726 2923 1773 2954 la-
