2027 3135
242 123 295 152 745

1826 133 1874 162 ἹΗ

238 182 347 214 borem
372 183 548 220 collocasti,
564 183 633 214 Tibi
652 183 757 214 irritus
774 183 932 215 reddatur.
951 195 966 212 »
987 185 1153 224 Quumque
1175 193 1234 223 ego
1249 185 1333 216 dicto
1349 195 1475 226 parcns,
1501 187 1541 218 ad
1562 190 1685 227 tempus
1710 187 1875 227 sepositis,

238 255 320 287 quos
341 247 470 278 molitus
485 255 588 284 eram,
605 247 784 284 laboribus,
801 248 876 278 Elite
899 247 1069 279 editionem
1095 257 1254 288 pararem,
1271 249 1390 280 interea
1413 250 1622 281 redemtorem
1637 252 1683 280 Tu
1704 249 1876 290 plurimum

238 307 445 338 reverendum
459 308 618 346 Migneum
633 308 711 339 mihi
726 308 913 346 conciliasti,
927 309 959 339 id
973 312 1021 340 est
1039 309 1139 339 virum
1161 313 1267 339 natum
1283 310 1508 349 promovendis
1526 309 1635 340 studiis
1650 310 1702 340 SS.
1727 307 1876 340 Ecclesia!

237 369 382 405 Patrum,
395 367 450 407 qui
466 375 565 407 quum
585 367 723 406 primum
738 367 940 405 instituisset,
956 368 1031 398 Elim
1048 369 1294 400 commentarios
1313 369 1452 408 integros
1471 369 1581 407 edere,
1603 373 1749 409 essetque
1765 379 1876 401 eorum

233 431 321 461 mole
336 439 354 461 a
368 429 533 470 proposito
549 429 728 466 deterritus,
746 438 785 460 eo
800 429 959 460 lubentius
973 429 1034 461 hoc
1049 429 1175 461 illorum
1192 430 1417 471 compendium
1431 431 1651 462 redimendum
1665 431 1814 471 suscepit.

277 512 418 552 Accipite
433 512 538 552 igitur,
554 514 704 545 Fautores
718 517 749 545 et
763 513 862 544 Amici
878 513 1177 552 benevolentissimi,
1195 518 1343 554 tanquam
1359 515 1437 554 grati
1447 515 1662 546 testimonium
1676 515 1783 552 animi,
1799 516 1872 553 hoc,

236 574 323 616 quod
339 575 435 606 Vobis
461 576 603 614 debetur,
628 578 834 618 opusculum,
863 577 913 609 cui
930 578 956 608 si
980 587 1016 609 ea
1033 578 1113 609 desit
1137 578 1288 609 doctrinm
1305 581 1335 609 et
1357 578 1449 618 copia
1466 582 1497 609 et
1522 579 1707 619 perpolitio,
1733 587 1796 619 qua
1816 579 1873 610 viri

236 642 366 678 eruditi,
380 640 478 672 literis
494 641 632 680 antiquis
654 642 749 672 ofﬁcii
766 651 841 680 ergo
857 645 1018 679 vacantes,
1035 651 1132 683 opera
1145 651 1201 674 sua
1218 651 1331 673 ornare
1345 645 1574 673 consueverunt
1591 651 1597 672 ε
1614 651 1707 682 spero
1730 642 1816 679 fore,
1840 649 1872 674 ut

236 702 313 732 mihi
338 702 518 741 ignoscatis.
535 703 645 742 Neque
670 703 755 733 enim
772 704 836 734 Vos
857 703 942 740 latet,
965 712 1014 733 me
1030 702 1235 743 philologiam
1251 706 1399 744 tanquam
1423 707 1560 743 πάρεργον
1575 705 1705 734 tractare
1729 705 1871 733 coactum

241 776 306 798 esse
323 769 353 797 et
368 767 490 799 erudito
506 767 571 798 otio
589 772 710 799 tantum
726 777 791 799 non
807 778 926 800 carere.
947 768 1008 799 Sed
1030 768 1079 799 vel
1094 769 1139 799 sic
1159 768 1199 799 de
1213 767 1311 799 literis
1326 767 1463 808 antiquis
1475 791 1483 805 ,
1499 767 1595 798 sacris
1609 767 1726 806 pariter
1743 775 1781 797 ac
1797 774 1874 806 pro-

241 832 334 869 fanis,
350 832 431 863 bene
451 833 566 864 mereri
586 843 682 874 porro
697 835 848 872 conabor,
864 835 967 866 donec
983 835 1058 870 Vos,
1070 834 1136 865 Viri
1148 833 1367 871 eruditissimi,
1384 841 1455 864 cum
1470 831 1624 863 similibus
1634 832 1780 862 Vestrum
1795 829 1874 859 meis

239 896 400 927 conatibus
414 895 518 928 favere
534 897 636 929 video.
658 898 748 937 Quod
759 902 794 930 ut
809 907 905 939 porro
921 898 1042 930 faciatis
1059 901 1157 938 utque
1173 906 1224 928 me
1234 906 1339 928 amare
1350 897 1487 938 pergatis
1497 920 1505 934 ,
1522 897 1586 928 Vos
1599 904 1677 935 rogo
1693 898 1788 934 atque
1804 900 1870 924 oro.

239 959 354 990 Valete.

274 1042 391 1074 Dabam
406 1043 516 1074 Bernaa
530 1042 746 1076 Helvetiorum
761 1043 864 1085 pridie
879 1043 942 1076 Cal.
959 1043 1058 1084 April.
1071 1044 1296 1075 MDCCCLVIII.

1312 1182 1345 1211 Δ.
1374 1180 1516 1211 ΙΑιιΝιυε.
