2027 3135
157 192 213 219 τις)

1741 189 1793 217 750

155 261 242 283 mum
258 251 387 292 quidem
397 276 404 288 ,
420 251 475 291 qui
492 250 530 282 iis
545 251 680 281 insertus
692 250 742 279 est
758 247 922 278 centextus
935 246 1117 277 Orationum
1141 246 1171 277 S.
1188 247 1349 286 Gregorii,
1366 247 1424 279 etsi
1440 247 1504 279 suis
1517 248 1599 281 vitiis
1613 257 1678 280 non
1692 254 1794 288 caret,

155 308 261 335 tamen
279 312 363 343 saepe
381 311 451 333 cum
468 301 614 342 optimis,
631 300 746 340 quibus
768 297 985 328 Clemencetus
1001 300 1048 327 est
1068 306 1159 334 usus,
1178 297 1342 329 codicibus
1357 306 1454 330 manu
1470 299 1594 340 scriptis
1617 301 1796 341 conspirat,

155 353 314 383 interdum
326 361 409 382 unus
420 351 589 390 genuinam
604 349 730 380 exhibet
745 347 926 379 lectionem.
944 346 1063 378 Deinde
1078 346 1161 378 Elias
1178 347 1247 387 ipse
1259 348 1454 388 quandoque
1467 355 1558 391 κρίσιν
1573 355 1710 383 exercet.
1727 354 1796 384 Huc

154 404 288 441 accedit,
305 404 391 443 quod
407 403 473 443 ejus
488 399 709 433 Commentarii
723 397 808 429 haud
823 406 894 428 raro
909 397 1063 428 lectiones
1084 397 1228 437 praebent
1248 398 1464 440 discrepantes
1483 401 1522 432 ab
1543 402 1581 433 iis
1594 426 1601 440 ,
1622 411 1701 443 quas
1716 413 1795 435 con-

155 460 259 488 textus
270 456 377 493 habet,
394 463 512 495 easque
526 453 684 485 interdum
698 450 858 486 meliores,
868 452 905 480 ut
919 449 1050 480 dubium
1060 458 1126 481 non
1141 450 1190 487 sit,
1204 451 1282 491 quin
1293 451 1375 483 Elias
1388 453 1451 484 alio
1463 461 1567 494 eoque
1582 456 1796 488 emendatiore

154 507 194 538 sit
207 517 285 539 usus
300 510 460 544 contextu,
472 514 566 547 quam
582 506 637 545 qui
650 504 683 535 in
695 503 805 535 codice
819 501 991 533 Basileensi
1005 507 1178 542 comparet.
1190 503 1251 535 Sed
1265 504 1334 535 haec
1349 505 1455 537 omnia
1470 511 1588 546 κρίσεως
1603 508 1742 540 subsidia
1757 518 1797 540 ex

154 561 263 592 Latina
283 560 428 592 versione
442 559 493 590 vix
507 568 543 590 ac
558 567 600 589 ne
612 558 663 588 vix
678 555 807 596 quidem
822 554 890 586 erui
904 555 1046 595 potuisse
1058 579 1065 592 ,
1080 555 1214 595 quilibet
1228 556 1386 597 intelligit.
1403 558 1482 594 Quid
1504 559 1626 590 multa?
1647 562 1798 593 Leuncla-

154 614 234 649 vius,
252 612 298 643 uti
312 612 454 652 Gregorii
469 613 662 646 contextum,
675 616 771 649 quem
786 607 887 639 codex
902 607 1090 638 Basileensis
1112 607 1260 647 exhibet,
1277 612 1309 640 et
1322 618 1392 650 quin
1409 619 1448 641 ex
1464 620 1580 650 genere
1595 612 1705 644 critico
1721 614 1796 645 Elia:

153 664 391 697 Commentariis
405 663 513 696 insunt
523 688 531 702 ,
547 671 611 695 non
623 671 671 699 ea,
687 670 749 701 qua
763 669 818 700 par
834 662 900 690 erat
910 683 918 696 ,
934 658 1096 699 diligentia
1111 661 1265 700 excussit,
1277 662 1320 693 ita
1336 662 1399 693 illis
1412 664 1521 696 Latine
1537 666 1712 704 vertendis,
1730 676 1796 698 non

153 717 259 747 Graec
276 715 422 752 edendis,
434 724 526 746 usum
542 713 660 754 egregii
677 712 800 744 critices
813 710 1013 742 instrumenti
1027 711 1096 741 aliis
1111 714 1231 743 tantum
1246 721 1311 745 non
1333 714 1530 754 praeclusisse
1545 717 1723 748 censendus
1736 722 1793 749 est.

191 767 273 803 1am,
291 766 350 798 etsi
361 775 443 797 unus
458 769 488 797 et
502 765 582 796 alter
595 774 705 796 eorum
720 789 726 802 ,
742 763 796 804 qui
811 766 884 803 post
896 762 984 793 illum
998 763 1140 802 Gregorii
1155 764 1355 797 Orationibus
1370 767 1577 799 emendandis
1593 772 1624 799 et
1638 766 1795 800 illustran-

153 819 201 850 dis
215 827 346 860 operam
363 820 526 854 navarunt,
544 817 595 848 hic
607 815 671 848 illic
689 815 867 847 Leunclavii
887 815 1180 854 interpretationem
1193 817 1392 854 consultavit,
1409 821 1546 850 attamen
1562 820 1704 859 egregia,
1721 829 1794 860 quae

151 869 227 901 Eliaa
242 868 478 899 Commentariis
490 868 608 903 insunt,
625 865 810 897 eruditionis
825 869 856 896 et
871 864 1059 903 theologicae
1075 868 1106 895 et
1120 864 1291 905 philologia
1314 867 1502 900 documenta
1515 869 1557 909 (α)
1568 870 1634 901 fere
1650 871 1793 910 neglecta

152 923 347 952 manserunt.
364 920 440 950 Nam
456 922 569 959 praeter
581 918 750 948 Cotelcrios
761 919 791 948 et
807 916 954 947 Suiceros
968 916 1060 955 pauci
1072 916 1212 955 theologi
1226 917 1325 948 Eliam
1336 919 1506 951 advertisse
1521 921 1676 960 videntur,
1694 932 1791 964 quum

151 973 198 1004 vel
214 972 405 1004 clarissimus
424 971 608 1001 Ullmannus
621 970 654 1001 in
675 969 855 1000 doctissima
877 968 917 999 de
932 968 1082 1007 Gregorio
1098 968 1294 1000 Nazianzeno
1309 970 1482 1010 scriptione
1496 972 1580 1004 illius
1595 975 1792 1006 mentionem

151 1033 189 1064 pa
195 1033 246 1055 rce
261 1023 382 1055 fecerit.
396 1022 551 1061 Philologi
565 1017 669 1053 autem
683 1030 739 1052 cur
752 1018 891 1050 animum
901 1020 940 1051 ad
953 1018 1028 1050 Elia)
1039 1020 1287 1052 Commentarios
1301 1022 1510 1060 adverterent,
1525 1032 1563 1055 eo
1573 1025 1678 1056 minus
1689 1034 1792 1057 causa!

151 1075 350 1112 habuerunt,
366 1073 452 1114 quod
466 1074 575 1104 Grmco
594 1070 765 1111 exemplari
778 1072 942 1111 carebant.
954 1072 1020 1108 Quo
1040 1069 1138 1110 magis
1152 1070 1328 1103 laudandus
1339 1076 1385 1104 est
1398 1074 1634 1114 Boissonadius,
1651 1077 1791 1118 quicum

151 1127 256 1159 Basilii
272 1124 406 1157 Scholiis
420 1125 452 1155 in
463 1123 606 1162 Gregorii
621 1122 808 1153 Encomium
822 1121 958 1152 Heronis
969 1120 1046 1152 Elia;
1061 1122 1312 1154 Commentarios
1320 1122 1487 1163 diligenter
1498 1134 1567 1156 com
1573 1129 1725 1166 paraverit
1734 1129 1775 1170 (ὁ)
1783 1152 1790 1159 .

189 1180 232 1209 Ac
253 1176 405 1217 quoniam
423 1173 549 1205 illorum
567 1172 766 1204 Scholiorum
792 1171 911 1203 mentio
933 1174 980 1202 est
999 1171 1079 1203 facta
1092 1196 1100 1210 ,
1122 1172 1199 1204 illud
1220 1176 1328 1205 teneas
1346 1178 1482 1215 oportet,
1503 1176 1602 1207 Eliam
1625 1178 1739 1211 Basilio
1760 1185 1791 1211 et

150 1232 281 1271 reliquis
302 1229 444 1269 Gregorii
465 1227 647 1260 Scholiastis
669 1225 846 1258 eruditione
863 1225 1041 1264 theologica
1071 1228 1102 1256 et
1116 1226 1277 1266 philologa
1305 1227 1438 1259 multum
1458 1232 1624 1269 praestare,
1649 1232 1682 1263 id
1703 1224 1790 1272 quod

149 1285 218 1323 ipse
233 1285 266 1314 in
278 1281 436 1314 Prommio
455 1279 631 1318 signiﬁcare
655 1285 720 1308 non
736 1275 899 1308 dubitavit.
919 1276 1124 1315 Quamquam,
1139 1279 1172 1307 ut
1186 1277 1287 1308 dicam
1305 1278 1390 1317 quod
1403 1278 1448 1310 rei
1460 1282 1518 1317 est,
1530 1281 1637 1321 paullo
1650 1282 1791 1323 iniquior

151 1338 198 1366 est
210 1335 243 1365 in
258 1333 349 1369 illos,
363 1331 478 1371 quibus
493 1339 563 1361 eum
577 1329 659 1360 haud
676 1336 775 1368 pauca
792 1327 908 1358 debere
922 1326 1119 1366 exploratum
1136 1327 1298 1359 habemus.

189 1383 264 1421 Sed,
281 1386 314 1414 ut
328 1382 367 1413 de
380 1381 444 1412 Elia
461 1379 610 1418 theologo
622 1379 758 1419 primum
778 1377 932 1414 dicamus,
949 1380 1022 1409 ante
1037 1377 1143 1409 omnia
1158 1378 1250 1409 velim
1266 1379 1309 1413 sic
1325 1378 1452 1417 habeas,
1469 1381 1537 1421 ejus
1552 1384 1789 1416 Commentariis

150 1436 307 1478 permulta
322 1435 437 1471 inesse,
458 1442 528 1473 quae
544 1432 592 1463 vel
608 1432 640 1462 in
657 1440 692 1463 ea
704 1455 712 1469 ,
732 1440 794 1471 qua
811 1431 907 1462 hodie
923 1439 1094 1477 versamur,
1114 1430 1282 1471 theologia;
1295 1431 1365 1463 luce
1381 1432 1562 1471 dignissima
1582 1434 1654 1472 sint,
1673 1436 1789 1476 quibus

149 1485 290 1525 theologi
307 1485 487 1524 dogmatum
510 1482 648 1514 historias
663 1481 794 1512 studiosi
810 1480 950 1512 animum
967 1481 1141 1513 advertant.
1162 1482 1212 1513 Sic
1225 1505 1234 1519 ,
1251 1485 1286 1513 ut
1305 1481 1366 1514 hoc
1391 1486 1470 1521 utar,
1485 1484 1673 1517 Eunomiani
1694 1487 1788 1526 vulgo

150 1537 222 1578 puri
239 1536 307 1576 puti
324 1533 512 1566 Aristotelici
527 1532 691 1564 habentur.
706 1530 796 1563 Conf.
811 1530 968 1562 Ullmann.
987 1531 1030 1561 De
1047 1530 1198 1570 Gregorio
1213 1533 1292 1564 Naz.
1317 1542 1350 1573 p.
1368 1532 1424 1564 320
1441 1543 1489 1574 sq.
1509 1536 1603 1576 Atqui
1618 1536 1701 1568 Elias
1715 1537 1788 1569 illos

149 1597 223 1620 cum
242 1584 476 1618 Macedonianis
501 1584 594 1615 etiam
621 1592 660 1614 ex
682 1581 885 1623 philosophia
902 1581 1115 1612 recentiorum
1137 1581 1371 1614 Platonicorum
1394 1585 1568 1625 profecisse
1595 1589 1788 1627 argumentis

148 1637 318 1671 luculentis
330 1637 535 1672 demonstrat,
554 1637 665 1674 estque
687 1633 748 1664 hoc
762 1633 833 1664 loco
849 1632 980 1663 omnino
996 1632 1034 1663 ad
1051 1641 1087 1663 ea
1107 1633 1355 1672 provocandum,
1378 1644 1450 1675 quas
1469 1636 1552 1668 Elias
1569 1637 1609 1668 de
1628 1637 1787 1680 theologia

148 1690 289 1723 Platonis
306 1693 337 1719 et
354 1686 538 1718 recentioris
551 1685 734 1726 propaginis
749 1684 979 1715 Platonicorum
993 1683 1033 1714 ab
1052 1682 1208 1716 haereticis
1222 1684 1253 1716 in
1265 1685 1440 1717 doctrinam
1460 1687 1666 1721 Christianam
1683 1693 1785 1723 trans-

148 1747 209 1777 lata
230 1743 253 1774 f.
279 1741 331 1772 167
353 1749 382 1770 v.
406 1748 431 1770 s.
458 1738 513 1769 168
535 1747 561 1768 r.
593 1747 636 1768 m.
666 1736 722 1767 236
743 1746 772 1767 ν.
798 1736 820 1767 i.
847 1738 966 1767 mouet.
999 1736 1118 1768 Deinde
1152 1738 1328 1779 permultos
1351 1740 1520 1780 Scriptura;
1552 1743 1655 1775 Sacrae
1684 1745 1785 1783 locos,

150 1807 168 1828 a
180 1797 214 1827 S.
233 1791 387 1831 Gregorio
403 1791 545 1822 laudatos
560 1789 607 1820 vel
626 1788 777 1820 imitando
791 1795 969 1828 expressos,
986 1788 1080 1826 Elias,
1098 1797 1209 1821 eorum
1225 1790 1352 1822 sedibus
1367 1795 1512 1823 accurate
1529 1793 1685 1833 indicatis,
1701 1805 1785 1827 sanas

149 1847 307 1884 ἐξηγήσεως
324 1851 387 1883 ope
400 1841 526 1880 egregie
539 1840 683 1871 illustrat.
695 1840 794 1870 Porro
803 1838 869 1875 ille,
884 1838 1045 1870 uberrimo
1058 1848 1134 1870 usus
1144 1838 1332 1879 theologicae
1348 1841 1533 1874 eruditionis
1545 1852 1642 1884 penu,
1662 1853 1697 1876 ea
1713 1855 1785 1886 quae

148 1895 319 1935 Gregorius
333 1903 373 1926 ex
386 1897 527 1925 veterum
544 1892 765 1931 theologorum
780 1892 904 1932 scriptis
914 1900 1006 1922 suum
1020 1892 1054 1922 in
1062 1901 1155 1923 usum
1170 1893 1336 1931 convertit,
1349 1893 1388 1924 ad
1402 1894 1506 1926 fontes
1521 1901 1648 1928 revocat
1662 1905 1787 1929 eorum-

149 1945 311 1986 quelocos
325 1944 442 1985 pariles
458 1943 570 1974 adfert.
588 1944 655 1979 Quo
669 1951 708 1974 ex
723 1950 840 1982 genere
855 1941 951 1973 multa
974 1944 1047 1973 sunt
1062 1942 1235 1981 recondita,
1251 1947 1282 1974 et
1297 1952 1368 1984 quae
1393 1944 1488 1976 hodie
1503 1946 1596 1986 pauci
1609 1947 1642 1978 in
1657 1952 1785 1988 promtu

148 1995 276 2027 habent.
306 1996 356 2027 Sic
376 1995 445 2033 ille,
469 2003 534 2025 non
566 1997 735 2025 contentus
763 1994 815 2024 SS.
838 1994 945 2024 Patres
969 1992 1188 2031 Athanasium,
1214 1994 1377 2032 Basilium,
1407 1996 1683 2036 Chrysostomum,
1706 1999 1786 2031 alios

148 2047 187 2079 ad
203 2049 308 2087 partes
322 2053 462 2082 vocasse,
478 2044 629 2084 frequens
643 2046 691 2074 est
701 2043 735 2074 in
749 2043 913 2075 laudandis
925 2043 1077 2082 Dionysii,
1094 2044 1149 2084 qui
1165 2043 1275 2082 fertur,
1291 2046 1488 2085 Areopagitae
1503 2048 1628 2088 scriptis
1639 2072 1646 2086 ,
1662 2057 1701 2080 ex
1716 2051 1785 2089 qui-

148 2098 207 2130 bus
221 2096 308 2139 quod
323 2095 508 2134 Gregorium
524 2094 665 2125 hausisse
683 2093 818 2134 putavit,
833 2093 890 2124 etsi
903 2096 1023 2124 temere
1036 2093 1149 2125 fecisse
1163 2095 1269 2125 multis
1282 2094 1449 2133 videbitur,
1465 2097 1564 2129 multa
1581 2101 1685 2130 tamen
1699 2101 1783 2140 apud

147 2142 334 2188 Gregorium
349 2145 559 2186 reperiuntur,
571 2153 642 2184 quae
657 2144 729 2175 huic
745 2143 889 2183 opinioni
906 2143 1031 2175 faveant
1048 2143 1098 2182 (ο).
1114 2142 1215 2180 Quid?
1230 2145 1315 2184 quod
1330 2154 1389 2176 nec
1404 2145 1582 2185 Clementis,
1598 2149 1652 2188 qui
1669 2149 1780 2186 fertur,

147 2197 283 2230 Romani
297 2195 410 2236 scripta
422 2196 496 2227 Eliae
509 2195 614 2234 ignota
629 2194 730 2225 fuere.
748 2195 817 2225 Huc
831 2194 971 2232 accedit,
986 2193 1073 2234 quod
1087 2198 1203 2234 praeter
1218 2203 1255 2226 ea
1268 2219 1275 2231 ,
1290 2204 1360 2236 qua?
1374 2195 1427 2227 ille
1442 2205 1480 2227 ex
1499 2200 1639 2228 veterum
1656 2197 1782 2230 theolo-

147 2257 259 2289 gorum
273 2247 410 2288 scriptis,
429 2254 577 2286 expressa
595 2248 759 2276 auctorum
774 2244 934 2275 mentione
951 2243 1048 2282 facta,
1065 2245 1177 2282 attulit,
1193 2246 1290 2277 multa
1312 2255 1350 2277 ex
1365 2247 1477 2281 iisdem
1495 2247 1534 2279 ab
1550 2257 1589 2279 eo
1603 2250 1695 2281 tacite
1710 2255 1784 2281 sunt

145 2299 372 2337 transsumpta.
382 2296 433 2328 Sic
446 2295 498 2327 ille
516 2295 666 2326 abstrusis
681 2294 823 2334 Gregorii
836 2295 999 2326 sententiis
1011 2295 1205 2336 explicandis
1218 2305 1438 2337 saepenumero
1454 2298 1584 2330 adhibet
1598 2309 1670 2331 cum
1684 2301 1784 2341 ipsius

146 2349 301 2389 Gregorii,
319 2352 387 2378 tum
401 2347 433 2377 S.
445 2346 549 2378 Basilii
563 2349 594 2376 et
604 2345 736 2376 aliorum
747 2345 835 2376 locos
849 2345 992 2385 geminos
1011 2349 1042 2377 et
1056 2347 1094 2377 ad
1109 2346 1350 2387 intelligendum
1364 2348 1537 2387 faciliores;
1554 2350 1598 2381 sic
1610 2351 1640 2381 S.
1657 2351 1783 2382 Maximi

146 2405 292 2440 ἐξηγήσεις
303 2399 336 2430 in
351 2399 381 2429 S.
399 2397 599 2437 Gregorium,
613 2396 755 2437 quamvis
771 2396 959 2437 plerumque
975 2405 1125 2438 expresse
1136 2398 1295 2436 laudatas,
1312 2402 1417 2431 tamen
1429 2400 1589 2432 interdum
1607 2403 1698 2434 tacite
1711 2411 1784 2434 suas

146 2453 230 2485 facit.
256 2450 414 2491 Atque-in
436 2449 498 2481 hoc
517 2449 709 2489 compilandi
728 2449 856 2488 negotio
886 2458 986 2489 quum
1005 2450 1058 2481 ille
1074 2450 1298 2489 integrioribus
1321 2452 1571 2492 exemplaribus,
1589 2463 1683 2493 quam
1712 2463 1784 2494 qua;

146 2505 243 2537 hodie
255 2503 429 2539 habemus,
442 2510 518 2533 usus
534 2501 587 2538 sit,
606 2501 674 2532 eius
691 2501 912 2533 Commentarii
927 2502 1073 2534 nonnihil
1094 2503 1194 2533 critici
1212 2512 1288 2534 usus
1303 2504 1458 2543 praebent.
1485 2505 1543 2540 Qui
1561 2505 1690 2545 quidem
1707 2515 1783 2538 usus

103 2559 106 2563 ’
145 2556 246 2589 multo
259 2555 362 2588 maior
375 2557 468 2592 esset,
484 2554 511 2585 si
523 2553 606 2584 Elias
621 2553 740 2593 ubique
754 2553 823 2593 ipsa
833 2554 1035 2594 scriptorum,
1046 2563 1064 2586 a
1074 2563 1107 2585 se
1123 2555 1376 2594 compilatorum,
1393 2554 1486 2586 verba
1497 2556 1665 2594 attulisset,
1678 2566 1784 2598 neque

146 2617 195 2647 ea,
216 2607 275 2649 qui
286 2607 356 2639 eius
370 2615 440 2638 mos
455 2605 514 2637 fuit
528 2606 562 2636 in
577 2605 742 2637 laudandis
755 2607 972 2646 scriptoribus,
988 2615 1209 2648 saepenumero
1225 2608 1406 2639 memoriter
1422 2611 1540 2640 tantum
1556 2610 1717 2642 recitasset
1731 2615 1785 2643 aut

145 2657 434 2696 circumscribendo
449 2657 680 2698 ampliticasset.
693 2657 754 2688 Sed
770 2657 808 2688 de
819 2661 886 2688 toto
903 2658 964 2690 hoc
980 2659 1103 2690 critices
1120 2659 1258 2698 negotio,
1270 2659 1356 2698 quod
1371 2659 1405 2690 in
1421 2659 1672 2699 compilatorum,
1690 2661 1782 2694 etiam

145 2706 442 2747 ecclesiasticarum,
460 2708 585 2749 scriptis
603 2708 798 2739 excutiendis
822 2712 972 2746 versatur,
998 2709 1032 2740 in
1051 2710 1209 2740 Ezamine
1227 2709 1464 2749 Plagiariarum
1488 2714 1517 2740 et
1539 2710 1784 2750 Compilatorum

180 2767 736 2812 (a)_Conf..Le‘pnclav.VPro‘gplmrpulll.
753 2769 835 2812 cuius
855 2769 938 2797 verba
988 2770 1085 2811 spirat,
1104 2769 1330 2812 itaﬁquide'mhut
1347 2771 1439 2812 potius
1453 2771 1556 2812 exilio,
1576 2779 1658 2812 quam
1679 2770 1782 2812 Diony-

145 2803 314 2834 Stieilberus
327 2804 354 2831 in
369 2803 484 2838 Serapeo
498 2811 523 2831 a.
538 2803 617 2835 1856,
632 2811 658 2837 p.
675 2803 722 2830 181
744 2804 847 2831 retulit.

180 2840 218 2873 (ι)
233 2839 295 2867 Vid.
312 2838 421 2867 Notice:
431 2843 456 2866 et
471 2838 591 2866 Eximit:
601 2845 621 2866 t.
631 2838 678 2870 XI,
689 2838 719 2865 P.
732 2839 764 2868 ll.
779 2847 804 2873 p.
816 2839 863 2866 151
877 2847 937 2873 sqq.

988 2803 1047 2834 sius
1071 2813 1105 2833 ex
1133 2804 1265 2839 Gregorio
1291 2803 1419 2834 hausisse
1447 2803 1592 2834 videaturf
1609 2803 1783 2842 Quapropter

987 2849 1082 2868 eorum
1100 2841 1234 2872 rationes.
1253 2841 1300 2873 qui
1323 2841 1504 2873 Dionysianos
1520 2842 1603 2869 libros
1618 2846 1718 2873 quarto
1735 2843 1783 2870 dc-

180 2841 218 2877 (ι)
233 2841 295 2867 Vid.
312 2841 421 2867 Notice:
431 2843 456 2866 et
471 2841 591 2866 Extram
601 2845 621 2866 t.
632 2841 678 2870 XI,
689 2841 719 2865 P.
732 2841 764 2868 lt.
779 2847 804 2873 p.
816 2841 863 2866 151
877 2847 937 2876 sqq.
987 2849 1082 2868 eorum
1100 2841 1234 2872 rationes.
1253 2841 1300 2876 qui
1323 2841 1504 2877 Dionysianos
1520 2842 1603 2869 libros
1618 2841 1784 2876 quartode-

144 2874 268 2916 [et_apiid
281 2874 416 2916 nosninlra
430 2875 457 2902 in
470 2874 524 2916 μου
538 2874 686 2916 volumine:
706 2873 784 2901 Enn.
802 2874 909 2916 Parui
987 2884 1062 2916 um_m
1080 2877 1252 2916 apt___qui_ntp_
1264 2877 1358 2916 seculo
1374 2878 1638 2916 scriptos__st:ituunt
1654 2878 1693 2916 _(v.
1714 2877 1784 2916 Vno:

180 2908 307 2950 tricena
323 2909 354 2937 S.
362 2908 516 2950 Gregoriup
526 2910 620 2937 multis
633 2910 714 2950 iratis,
730 2912 878 2950 prasertim
892 2908 936 2943 iis,
988 2912 1052 2938 mel.
1069 2911 1102 2938 ad
1120 2908 1348 2950 NiéoL_Metbon.
1367 2920 1395 2948 p.
1413 2908 1477 2947 150,
1494 2912 1560 2946 259,
1579 2912 1629 2948 b.),
1643 2908 1733 2941 denuo
1748 2913 1783 2941 ad

144 2947 191 2976 ubi
205 2944 236 2976 'se
251 2947 312 2983 ipso
327 2944 472 2973 sublimior
491 2945 530 2978 tit,
548 2952 610 2972 cum
633 2944 762 2981 Dionysio
779 2946 847 2973 mire
871 2953 938 2974 con-
987 2954 1102 2975 examen
1120 2947 1250 2975 vocandtc
1265 2952 1339 2976 sunt.
