2027 3135
227 177 279 203 ἸῖιΙ

1805 170 1854 197 733

229 235 403 265 (Intrarunt
424 228 549 262 dicendi
579 227 670 268 copia
692 226 760 256 erit.
786 225 937 255 Caeterum
956 222 1049 260 Elias,
1065 223 1120 254 ubi
1147 223 1215 264 ipse
1237 223 1342 259 docet,
1358 223 1477 263 quippe
1505 223 1642 254 imbutus
1661 224 1713 255 SS.
1729 225 1857 257 Patrum

228 286 379 323 doctrina,
396 293 435 316 eo
450 283 546 314 utitur
567 278 718 320 loquendi
736 285 867 317 genere,
883 276 969 316 quod
985 276 1176 316 exquisitum
1191 280 1238 307 est
1251 279 1282 307 et
1293 276 1438 315 dignum,
1454 275 1504 306 cui
1518 275 1657 307 animum
1676 275 1855 314 advertant,

215 337 282 376 'qui
300 336 419 367 Suiceri
435 335 629 365 Thesaurum
643 328 894 360 Ecclesiasticum
909 327 1010 358 ditare
1025 326 1131 358 velint.

266 389 334 419 Jam
356 395 430 418 vero
445 385 471 416 si
487 389 610 416 παιδείαν
624 382 682 412 viri
696 384 839 420 ἐλληνικὴν
852 378 1053 419 respicimus,

1073 387 1145 409 eum
1163 379 1196 410 in
1215 378 1268 409 illa
1281 386 1347 410 non
1362 378 1466 409 minus
1476 377 1630 409 excellere
1642 377 1856 409 conﬁtendum

228 443 284 471 est.
300 455 339 462 -—
351 440 394 469 Ac
408 437 543 478 primum
560 434 687 474 quidem
706 432 738 462 in
751 434 890 461 veterum
903 428 1166 469 philosophomm
1183 429 1307 469 placitis
1317 432 1364 460 est
1379 428 1617 460 versatissimus.
1634 429 1713 460 Nam
1727 433 1856 469 praster-

227 499 322 530 quam
341 488 428 528 quod
447 486 626 521 Chilonem,
641 486 855 522 Anaxagoram
866 504 874 518 ,
892 479 1115 517 Democritum,
1128 480 1310 519 Epicurum,
1331 479 1463 517 Stoicos,
1477 479 1622 530 Cynicos,
1639 478 1717 510 alios
1732 479 1857 516 excitat,

227 529 403 571 accuratam
417 535 589 577 praesertim
600 533 737 565 Platonis
748 535 778 564 et
790 529 963 562 Aristotelis
974 530 1080 570 prodit
1095 530 1250 567 notitiam,
1258 538 1433 570 eorumque
1447 529 1496 560 vel
1507 529 1628 561 abditas
1643 530 1814 561 sententias
1826 530 1858 560 in

227 593 392 623 numerato
408 588 502 619 habet
516 592 547 618 et
572 584 759 626 saapiuscule
781 592 853 614 suas
874 582 958 613 facit.
978 583 1023 613 Nc
1037 581 1230 613 recentiores
1249 581 1377 621 quidem
1393 581 1581 613 Aristotelici
1594 581 1623 612 ei
1643 581 1745 621 ignoti
1758 581 1857 620 fuere,

227 650 244 671 e
263 641 382 681 quibus
401 637 613 670 Alexandrum
635 633 860 675 Aphrodisium
882 631 1067 664 nominatim
1091 629 1207 662 laudat.
1233 630 1456 681 Recentiorum
1479 634 1583 662 autem
1608 630 1858 681 Platonicorum,

227 679 405 731 Porphyrii,
421 686 600 723 Jamblichi,
618 684 733 721 Procli,
749 692 821 715 eum
835 684 917 715 bene
937 690 1070 721 gnarum
1091 681 1199 719 fuisse,
1216 690 1310 722 supra
1324 682 1386 713 iam
1400 680 1545 712 vidimus.
1561 679 1665 718 Quid?
1678 681 1766 721 quod
1779 682 1862 714 Elius

228 743 384 773 interdum
396 741 457 772 illis
470 739 550 772 adeo
564 737 713 772 adhmret,
727 739 771 773 ut,
788 735 933 775 neglecto
943 734 1084 771 Platone,
1105 734 1222 765 rivulos
1233 733 1479 774 Neoplatom'cos
1495 737 1631 766 sectetur
1639 737 1669 766 et
1687 735 1860 776 Neoplato-

228 796 298 826 nica
309 802 367 834 pro
374 791 541 824 Platonicis
557 788 705 820 venditet.
716 787 857 828 Denique
869 786 915 817 vel
925 785 1092 822 Hermetis,
1101 785 1155 825 qui
1165 784 1274 822 fertur,
1285 785 1478 825 Trismegisti
1490 785 1605 827 scripta
1614 794 1651 821 se
1665 786 1782 826 legisse
1793 785 1816 817 τ.
1827 787 1858 818 17

228 857 257 878 v.
265 855 292 877 s.
302 845 357 876 153
370 854 394 875 r.
409 853 451 874 m.
465 843 631 874 manifesto
646 839 762 881 prodit.
771 837 963 868 —Veuimus
972 836 1013 868 ad
1027 835 1213 868 rhetoricam
1227 835 1301 866 Elia;
1312 835 1533 868 eruditionem.
1543 837 1621 868 Nam
1631 845 1728 877 quum
1739 838 1771 868 S.
1783 837 1860 867 Gre-

229 899 335 938 gorius
341 899 446 927 orator
456 894 549 925 rebus
560 896 590 923 et
600 891 762 923 sententiis
774 888 1050 927 theologusfuerit,
1057 887 1183 918 dicendi
1192 890 1296 918 autem
1303 895 1418 927 genere
1424 896 1500 918 usus
1511 887 1679 926 rhetorico,
1691 897 1757 919 suae
1763 888 1863 920 etatis

227 937 390 990 sophistis,
405 945 546 981 Libanio,
558 942 709 978 Himerio,
727 939 899 972 Proaeresio
912 938 969 990 (ιι)ἶ
979 937 1143 990 aemulatus
1158 937 1208 974 sit,
1219 940 1344 990 oportet
1357 947 1431 990 sane
1447 947 1532 990 eum,
1544 939 1598 979 qui
1614 939 1681 990 ejus
1699 939 1864 971 Orationes

230 987 287 1032 lite
306 996 506 1038 interpretari
527 993 618 1030 velit,
637 992 791 1023 imbutum
807 998 875 1020 esse
898 991 929 1019 et
947 987 1118 1019 rhetorices
1139 987 1306 1027 praeceptis
1323 990 1354 1018 et
1375 988 1478 1019 atticaa
1503 987 1692 1028 eloquentia
1711 990 1863 1022 interiore

229 1051 422 1091 cognitione.
442 1048 497 1079 Cui
514 1046 642 1087 quidem
659 1043 762 1075 ofﬁcio
785 1041 868 1091 Elias
887 1039 1012 1091 egregie
1027 1038 1174 1091 satisfecit
1186 1061 1194 1076 ,
1212 1039 1276 1091 qui
1287 1039 1539 1091 etAHermggenis
1559 1042 1656 1070 artem
1673 1040 1863 1073 rhetoﬁcam

231 1087 342 1131 crebro
364 1098 404 1130 ad
423 1100 527 1138 partes
553 1096 642 1126 vocet
668 1091 821 1130 loc05que
846 1088 1082 1124 Demosthenis,
1107 1096 1124 1119 a
1147 1087 1298 1138 Gregorio
1315 1088 1466 1120 imitando
1492 1098 1669 1130 expressos,
1695 1091 1864 1131 diligenter

231 1154 372 1184 annotet.
388 1137 486 1185 Quam
500 1154 574 1177 vero
587 1143 701 1176 subtile
716 1143 755 1174 sit
765 1141 831 1181 ejus
837 1139 992 1179 judicium
1005 1138 1038 1169 in
1053 1137 1200 1169 notandis
1211 1139 1391 1179 sophisticis
1400 1140 1542 1179 Gregorii
1553 1141 1702 1179 artiﬁciis,
1716 1143 1864 1184 exemplo

231 1203 305 1240 sint,
328 1208 400 1241 quae
419 1198 458 1230 ad
478 1196 723 1236 descriptionem
742 1191 873 1232 pavonis
883 1191 934 1221 Or.
953 1189 1089 1226 XXVIII,
1108 1197 1141 1228 p.
1163 1187 1232 1226 515,
1249 1191 1284 1219 Α.
1303 1189 1360 1221 fol.
1378 1189 1414 1220 50
1433 1200 1459 1222 r.
1475 1199 1500 1241 si.
1516 1195 1657 1223 annotat.
1672 1193 1696 1223 E
1710 1193 1865 1233 SOphistis

231 1240 513 1284 saltemAristidem
527 1244 711 1277 nominatim
725 1242 849 1274 excitat.
858 1257 895 1264 ——
906 1241 1059 1270 Praeterea
1071 1247 1175 1278 neque
1186 1241 1362 1279 poetarum,
1373 1248 1478 1280 neque
1488 1240 1709 1273 historicorum
1722 1246 1866 1274 veterum

232 1304 331 1335 Eliam
339 1307 469 1341 ἀγευστον
483 1298 592 1333 fuisse,
601 1293 780 1326 testimonio
795 1294 868 1322 sunt
877 1290 939 1322 loci
952 1294 1019 1321 tum
1031 1298 1069 1321 ex
1080 1289 1575 1341 Iiomero,Hesiodo,Theocrito,
1584 1292 1739 1332 Oppiano,
1751 1297 1819 1324 tum
1828 1301 1865 1324 ex

233 1339 394 1385 llerodoto
408 1354 439 1381 et
452 1346 635 1387 Thucydide
649 1345 688 1376 ab
700 1352 738 1375 eo
748 1341 1004 1381 allati.Denique,
1014 1345 1049 1371 ut
1062 1339 1161 1371 Eliam
1173 1339 1294 1371 nullum
1305 1348 1369 1371 non
1384 1341 1583 1381 antiquarum
1596 1342 1754 1374 literarum
1765 1352 1866 1383 genus

232 1404 371 1444 attigisse
385 1400 540 1438 intelligas
550 1422 557 1435 ,
576 1396 713 1427 musicos
725 1396 846 1425 veteres
861 1395 892 1423 et
906 1391 1153 1444 mathematicos,
1164 1391 1197 1421 in
1210 1389 1258 1420 his
1266 1390 1516 1444 Eratosthenem,
1527 1392 1742 1444 Posidonium,
1759 1394 1864 1425 Ptole-

236 1440 348 1487 maeum
362 1456 393 1484 et
402 1453 572 1486 Heronem,
585 1456 623 1478 ex
632 1445 763 1477 medicis
776 1444 929 1476 Galerium
944 1442 1060 1474 laudat.
1069 1442 1272 1478 —Restat,ut
1282 1440 1322 1472 de
1334 1441 1400 1472 Elia
1415 1444 1615 1481 grammatico
1627 1443 1780 1477 dicamus.
1789 1447 1865 1477 Nam

235 1516 275 1540 ne
289 1509 416 1545 ἀκρίϐεια
431 1501 558 1542 quidem
569 1497 768 1539 grammatica
778 1497 810 1527 in
820 1495 884 1526 Elia
894 1495 1101 1531 desideratur,
1116 1493 1237 1533 quippe
1253 1493 1308 1532 qui
1320 1493 1487 1545 verborum
1502 1495 1709 1545 proprietates
1721 1500 1866 1529 accurate

235 1544 420 1598 perpendat,
438 1551 614 1582 Atticismos
630 1549 662 1579 in
676 1548 826 1586 Gregorio
841 1546 1016 1598 diligenter
1029 1547 1185 1598 scrutetur
1199 1547 1231 1574 et
1247 1547 1407 1598 συντάξεως.
1415 1544 1516 1598 nodos
1534 1544 1791 1598 sollertersolvat.
1803 1547 1864 1577 SIC-

237 1593 413 1635 ubi'autem
434 1600 516 1630 Elias
526 1607 543 1629 a
557 1598 676 1628 ratione
688 1595 886 1635 grammatica
901 1596 1035 1632 aberrat,
1054 1594 1121 1634 ejus
1136 1599 1319 1634 παρορὰματα
1329 1593 1443 1634 partim
1455 1594 1687 1626 Atticismorum
1698 1598 1864 1629 sectando-

236 1663 304 1685 rum
319 1652 416 1684 nimio
435 1650 538 1681 studio
548 1673 555 1686 ,
573 1648 685 1688 partim
701 1647 846 1685 mystico,
859 1646 945 1686 quod
959 1654 1022 1677 non
1044 1645 1118 1677 satis
1131 1646 1221 1683 cavit,
1237 1645 1465 1686 interpretandi
1479 1647 1588 1685 generi
1600 1647 1767 1680 tribuenda
1782 1653 1864 1680 sunt.

275 1704 344 1734 Haec
361 1701 512 1732 hactenus
522 1699 561 1730 de
575 1698 640 1728 Elia
652 1697 799 1736 theologo
813 1700 844 1727 et
858 1696 1037 1737 philologo;
1054 1705 1126 1728 nam
1143 1696 1337 1736 philologum
1356 1696 1557 1736 intelligimus
1571 1706 1635 1728 non
1649 1699 1867 1736 grammatices

237 1754 443 1794 magistellum
452 1777 459 1790 ,
474 1751 529 1782 sed
540 1759 624 1787 eum,
636 1750 691 1790 qui
707 1749 827 1780 nullum
842 1757 905 1779 non
920 1749 1120 1788 antiquarum
1132 1749 1292 1780 literarum
1305 1757 1405 1788 genus
1416 1752 1638 1789 perscrutatur.
1653 1751 1720 1787 Quo
1733 1751 1865 1787 accedit,

236 1808 322 1849 quod
338 1807 413 1838 Eliae
428 1803 658 1839 Commentarii,
676 1803 702 1834 si
717 1803 751 1833 in
762 1802 944 1833 universum
959 1805 1151 1841 spectentur,
1168 1801 1300 1832 multum
1316 1801 1482 1833 conferunt
1494 1801 1534 1832 ad
1549 1801 1661 1833 melius
1676 1810 1867 1841 cognoscen-

237 1859 309 1890 dam
324 1857 421 1889 seculi
433 1857 475 1887 XI
491 1859 521 1886 et
537 1863 602 1886 rem
617 1854 785 1884 literariam
800 1856 831 1883 et
845 1853 938 1892 graeci
951 1853 1107 1884 sermonis
1120 1853 1357 1893 proprietatem.

277 1912 319 1940 Ac
340 1907 506 1946 theologiae
524 1905 651 1945 quidem
672 1907 703 1935 et
727 1903 905 1944 philologiae
930 1903 1067 1934 studium
1084 1902 1137 1947 illa
1157 1907 1247 1934 relate
1270 1903 1318 1934 vel
1337 1903 1370 1934 in
1394 1903 1522 1935 remotis
1536 1912 1554 1934 a
1570 1904 1719 1943 Byzantio
1742 1905 1866 1945 imperii

239 1959 407 1998 provinciis
420 1957 523 1989 adhuc
537 1955 691 1991 ﬂoruisse,
704 1957 889 1994 argumento
905 1957 987 1990 sunt,
1000 1962 1071 1994 quas
1083 1953 1123 1985 de
1139 1954 1316 1985 eruditione
1328 1954 1403 1985 Elite
1417 1963 1513 1995 supra
1527 1955 1672 1987 diximus.
1689 1956 1788 1987 Porro
1801 1957 1867 1996 ejus

238 2006 457 2041 Commentarii
474 2005 634 2052 egregium
649 2007 720 2035 sunt
735 2004 957 2035 documentum
972 2002 1056 2033 illius
1075 2003 1250 2034 studiorum
1266 2004 1406 2042 rationis,
1423 2013 1493 2044 qua;
1513 2004 1745 2046 philosophiam
1762 2007 1866 2038 Plato-

240 2061 342 2091 nicam
359 2063 389 2089 et
406 2055 629 2088 Aristotelicam
645 2063 742 2095 quum
750 2054 834 2085 inter
848 2063 893 2091 se,
908 2057 974 2085 tum
988 2062 1061 2085 cum
1072 2054 1231 2093 theologia
1247 2055 1415 2087 Christiana
1425 2056 1534 2087 intime
1550 2057 1744 2097 conjungere
1756 2062 1868 2089 conata

240 2114 287 2142 est
298 2108 350 2149 (ὁ).
365 2106 523 2138 Sermonis
537 2108 640 2136 autem
649 2105 872 2144 proprietatem
883 2104 968 2144 quod
979 2104 1099 2141 attinet,
1112 2105 1170 2136 etsi
1184 2106 1251 2136 eius
1261 2109 1353 2137 tenor
1362 2106 1495 2137 subinde
1506 2107 1706 2146 Byzantinam
1721 2108 1868 2140 volubili-

240 2164 335 2192 tatem
350 2161 380 2189 et
396 2157 608 2194 anhelantem,
619 2159 653 2186 ut
666 2155 708 2185 ita
724 2155 838 2192 dicam,
851 2154 1135 2195 multiloquentiam
1150 2157 1265 2196 prodit,
1281 2157 1425 2188 universe
1439 2161 1544 2188 tamen
1567 2166 1661 2188 sanus
1675 2163 1721 2189 est
1739 2163 1771 2190 et
1787 2169 1848 2199 qua
1858 2178 1867 2183 -

240 2212 303 2242 lem
322 2210 412 2241 decet
426 2216 495 2239 esse
508 2207 576 2237 eius
587 2229 595 2242 ,
615 2205 669 2245 qui
686 2205 870 2245 scriptorem
887 2205 1177 2246 eloquentissimum
1194 2206 1426 2247 interpretatur.
1446 2206 1641 2247 Quiquuod
1658 2208 1740 2240 Elias
1758 2209 1870 2242 dictio-

243 2263 292 2295 nis
306 2263 339 2293 in
353 2259 503 2299 Gregorio
515 2257 701 2297 elegantiam
713 2257 823 2288 sedulo
838 2257 987 2295 imitatur,
1003 2258 1066 2289 imo
1081 2258 1238 2289 interdum
1248 2267 1397 2298 superare
1412 2259 1547 2290 voluisse
1557 2259 1678 2291 videtur
1695 2260 1747 2300 (c).
1760 2262 1872 2297 Quam—

243 2321 336 2353 quam
361 2311 445 2342 idem
467 2310 501 2340 in
523 2313 613 2344 λέξεσι
635 2316 726 2338 suum
742 2316 842 2338 aavum
863 2307 946 2339 haud
971 2317 1041 2339 raro

1068 2308 1182 2348 prodit,
1201 2309 1235 2339 in
1254 2310 1368 2349 quibus
1388 2310 1532 2349 quaedam
1558 2315 1750 2351 ὐποὸἀρόαρα,
1774 2312 1868 2343 multa

243 2365 469 2400 ἆπιξλεγόμενα,
488 2358 583 2389 multa
604 2359 678 2388 item
694 2357 842 2388 audacter
862 2357 1008 2388 innovata
1023 2362 1187 2398 apparent,
1211 2361 1245 2389 ut
1260 2359 1326 2398 ejus
1341 2359 1561 2391 Commentarii
1576 2369 1594 2390 a
1615 2361 1743 2392 nemine
1760 2369 1868 2392 eorum

244 2411 423 2451 negligendi
439 2410 513 2446 sint,
529 2409 583 2449 qui
599 2408 780 2449 posterioris
795 2408 967 2438 Graecitatis
983 2408 1148 2440 thesauros
1170 2417 1284 2448 augere
1298 2409 1435 2440 student.

285 2465 359 2494 Haec
375 2461 480 2492 omnia
502 2467 598 2499 quum
615 2459 655 2489 ita
670 2467 703 2489 se
719 2459 864 2495 habeant,
889 2467 1051 2498 quumque
1073 2459 1155 2490 Elias
1172 2460 1352 2500 primarius,
1369 2463 1402 2490 ut
1415 2459 1497 2490 illius
1514 2461 1582 2497 aevi,
1599 2461 1734 2500 scriptor
1748 2462 1869 2494 haben-

246 2514 304 2545 dus
321 2514 370 2550 sit,
388 2520 446 2550 ego
460 2511 521 2541 iam
538 2513 608 2540 ante
623 2508 682 2540 hos
696 2509 876 2549 quindecim
891 2517 1002 2545 annos,
1014 2510 1159 2542 Codicem
1175 2510 1384 2541 Basileensem
1401 2511 1566 2541 terendum
1580 2516 1702 2548 nactus,
1718 2513 1787 2543 eius
1803 2521 1871 2553 par-

247 2566 304 2596 tim
319 2564 428 2595 saltem
448 2561 562 2592 edendi
582 2560 747 2591 consilium
768 2559 838 2600 cepi
859 2568 996 2600 cumque
1012 2561 1212 2601 excerpendo
1227 2561 1361 2592 excussi.
1377 2562 1442 2598 Qua
1455 2562 1583 2601 quidem
1597 2562 1630 2593 in
1644 2571 1678 2593 re
1693 2562 1725 2593 id
1742 2563 1870 2602 potissi-
1914 2553 1920 2558 ”

246 2625 332 2647 mum
347 2613 495 2655 spectavi,
511 2615 544 2643 ut
557 2610 667 2642 sedulo
681 2614 876 2648 annotarem,
891 2611 1005 2652 quibus
1020 2612 1118 2643 Eliam
1134 2612 1166 2642 in
1197 2620 1312 2650 genere
1331 2612 1511 2651 theologico
1526 2616 1557 2644 et
1576 2613 1739 2653 philologo
1770 2612 1873 2644 excel-

283 2687 325 2723 (a)_
339 2685 401 2712 Vid.
416 2684 552 2723 Ullmaun.
566 2680 667 2723 Gregqu
687 2682 928 2723 v_qu_i¥az_ignz._p.
941 2683 970 2710 51
990 2691 1032 2718 sq.
1087 2683 1408 2723 tonicorurnsnznatatis
1418 2685 1601 2723 adversarius,
1613 2685 1640 2713 in
1652 2686 1780 2723 doctrina
1793 2687 1871 2723 Chri-

247 2716 293 2756 qui
310 2716 431 2756 Socrptis
448 2718 636 2756 testi|1101|’u_rlli_
647 2717 678 2743 H.
698 2716 847 2756 l_‘2.__lV,_26.
863 2716 1034 2756 a_d_l'ert,_tra-
1085 2719 1214 2756 stianaab
1226 2719 1604 2756 illis__\:ind_icanda_Platonica
1614 2728 1676 2747 cum
1691 2722 1872 2749 Aristotelicis

249 2751 340 2784 dentis
350 2776 357 2786 ,
371 2755 536 2792 Gregorium
549 2753 685 2779 audivisse
702 2751 857 2779 Libanium.
875 2751 994 2781 Himerio
1008 2757 1035 2781 et
1086 2754 1268 2792 commiscuit.
1279 2753 1341 2792 Vi_d_.
1349 2754 1426 2782 Gass.
1439 2754 1589 2792 Gennadius
1599 2756 1757 2792 “(Matho
1769 2756 1871 2792 (γι-διί-

249 2790 400 2827 Ριιοξιειιςεὶο
415 2788 554 2827 magistris
569 2795 648 2827 usurn
662 2794 733 2827 esse.
757 2821 774 2827 __
904 2822 911 2827 _
933 2822 951 2827 _
1086 2789 1153 2827 slav.
1171 2789 1250 2827 £8434)
1267 2797 1293 2824 p.
1306 2789 1341 2816 77
1353 2797 1396 2827 sq.
1411 2791 1539 2827 quiibid.
1557 2799 1583 2825 p.
1601 2790 1679 2818 50de
1698 2788 1870 2823 Bassaniam,

287 2798 400 2818 meresro
415 2797 554 2822 magisms
569 2797 648 2815 usum
662 2797 733 2815 esse.
1086 2797 1153 2816 slav.
1171 2797 1250 2822 ιδεμ)
1267 2797 1293 2824 p.
1310 2797 1339 2816 ιι
1353 2798 1366 2816 s
1388 2811 1394 2816 .
1411 2798 1457 2824 qm
1473 2797 1539 2818 mm.
1557 2799 1583 2825 p.
1601 2797 1679 2818 eoae
1698 2797 1870 2823 uessanone,

286 2826 323 2861 (ὁ)
340 2825 426 2861 Quam
444 2824 513 2850 altas
529 2823 586 2849 haec
605 2822 700 2861 studia
718 2821 824 2861 radices
841 2822 912 2861 apud
932 2822 1036 2861 [Byzan-
1087 2825 1275 2861 Aristotelicos
1290 2832 1352 2852 cum
1368 2797 1517 2861 gflatonicis
1531 2827 1678 2853 conciliare
1689 2831 1801 2859 conato,
1817 2834 1870 2854 Ino-

227 2868 230 2875 »
249 2848 322 2901 una;
336 2848 640 2901 a;;ga,s._r,...i;en.9_
655 2860 697 2896 c,.
718 2848 1036 2901 inﬁmuaq'vergg‘a-
1087 2848 1871 2901 ;;.'.;;,",,;a.'g_;..;.;.a.‘tae'aganaaagm;autem;

249 2891 536 2925 nadius'Scholariu’s,
552 2891 746 2920 acerbissimas
767 2891 907 2920 Plethonis
932 2896 959 2921 ct
975 2892 1037 2920 Pla-
1123 2894 1158 2929 (c)
1171 2891 1433 2930 Conl'erantur,qua:
1446 2891 1526 2930 su'pra
1535 2895 1655 2931 pagfu'l
1668 2891 1870 2924 annota'vimus.
