2022 3134
240 167 291 195 εω

759 159 899 188 NOTI’I‘IA
917 158 1017 187 COBD.
1038 155 1296 189 MOSQUI'INSI'UM.

1803 151 1856 179 ΜΟ

239 231 255 251 ο
274 230 356 251 manu
382 223 466 250 altera
485 222 602 257 legitur:
627 219 749 255 Ἐγρᾱιφη
767 220 814 246 καὶ
835 217 980 252 ἐτελειώθη
1001 219 1017 252 ὴ
1035 238 1037 242 Α

1106 214 1139 242 Κ.
1157 214 1246 242 Codex
1263 215 1320 250 (l5)
1342 214 1464 249 ejusdem
1487 213 1656 240 bibliotheca
1671 220 1746 239 num.
1766 208 1833 238 LXII
1847 231 1856 242 ,

239 269 300 296 θεία
319 269 365 296 καὶ
390 267 532 302 θεολογικὴ
558 267 605 293 καὶ
632 266 692 301 ιερὰ
707 265 776 300 αὕτη
800 264 889 299 βίὸλος
913 264 942 290 ὲν
968 263 1022 289 ἔτει

240 314 348 351 ,ςωμζη
366 314 403 349 (i.
418 322 443 342 e.
460 317 522 350 post
537 313 675 340 Christum
692 317 785 339 natum
804 311 899 345 1549).
917 311 964 338 καὶ
983 310 1024 337 εὗ-

240 360 336 395 χεσθαι
349 360 408 395 (sic)
423 360 468 386 τὸν
481 359 623 395 γράψαντα
638 359 663 385 οἱ
677 360 767 392 ἁναγι.
784 357 861 392 (Sic).
876 357 974 384 Ibidem
990 357 1024 383 ab

241 404 294 433 alia
315 406 396 433 etiam
414 414 495 433 manu
511 407 629 440 legitur:
652 404 804 440 Ἀφιερώθη
821 404 868 430 καὶ
882 403 971 433 τοῦτο,
986 403 1024 434 ὡς

242 453 289 478 καὶ
302 452 337 478 τὰ
351 452 432 478 λοιπὰ
445 452 491 478 ὐπ’
508 451 574 486 ἐμοῦ
587 451 712 485 Μαξίμου
726 449 889 485 ἁμαρτωλοῦ
908 448 1024 484 μοναχοῦ

243 499 271 523 ιν
285 497 323 532 τῷ
340 499 409 532 ἁγιῳ
432 498 488 533 ὄρει
506 498 535 524 ὲν
558 498 590 532 τῇ
615 497 681 531 ἁγίᾳ
703 497 769 531 μονῇ
792 496 838 522 τοῦ
862 494 946 530 κυροῦ
967 497 1026 521 Διο-

241 544 345 574 νυσίου.
360 543 404 570 διὰ
427 543 597 578 μνημόσυνον
617 542 665 569 τοῦ
682 542 749 576 ἐμοῦ
770 541 954 576 πεφιλημένον
973 549 1026 567 πα-

242 587 318 623 τρός.
340 587 369 614 ’0
385 587 412 614 δὲ
428 587 557 622 συλλῆσαι
573 587 632 620 (sic)
651 586 778 621 θελήσας.
795 586 880 620 ἐχέτω
896 584 945 616 τὰς
958 583 1027 619 ἀρὰς

241 633 296 658 τῶν
310 632 394 665 ἁγίων
405 632 546 667 Πατέρων.
561 631 700 667 Τμήματσ.
713 631 744 663 ιζ’
758 632 804 658 καὶ
819 630 983 666 λειτουργίαι
995 630 1025 655 δ’.

280 677 300 704 Ι.
319 677 409 704 Codex
429 677 486 712 (14)
501 677 622 711 ejusdem
641 677 810 703 bibliotheca!
824 683 899 702 num.
916 674 984 706 LXI.
1001 674 1027 700 in

245 723 293 750 fol.
307 723 436 751 Continet
463 723 490 750 in
519 723 593 750 foliis
608 730 763 750 ccuxxvm
787 723 927 748 orationes
951 729 1026 749 xxxi.

245 769 372 804 Scriptus
390 773 432 796 est
457 769 483 796 in
512 769 678 796 membranis
704 776 766 796 saec.
785 776 811 795 Χ.
835 767 895 794 Fuit
913 768 976 794 olim
1003 767 1028 793 in

245 815 323 841 laura
339 814 478 841 Athanasii
493 814 520 840 in
538 818 629 840 monte
644 813 724 840 Atho.
741 813 808 840 Nam
824 813 894 840 [οιΑ
913 813 1028 847 legitur:

246 859 352 886 Βιδλίον
376 859 423 894 τῆς
441 860 534 894 τρίτης
556 859 656 890 θέσεως
678 862 712 885 α’.
742 858 770 886 In
790 859 842 886 fine
860 859 1029 894 singularum

247 905 401 932 oratiollum
424 908 535 931 notatus
558 909 600 931 εει
629 911 758 930 numerus
786 911 926 930 versuum.
956 903 1028 930 Inest

246 957 356 986 quoque
369 950 515 984 explicatio
528 950 667 984 signorum
683 950 791 980 scribm,
807 957 888 984 quam
900 949 956 983 jam
974 948 1031 975 edi-

247 995 288 1022 dit
301 994 395 1022 Montf.
415 993 483 1021 Bibl.
501 993 611 1021 Cuislin.
629 995 689 1022 cod.
708 993 844 1026 CCXLIII,
860 1002 886 1029 p.
903 995 964 1022 300.
984 994 1031 1021 Est

250 1041 296 1068 hic
309 1041 395 1068 codex
410 1049 481 1068 unus
494 1049 526 1068 ex
543 1041 725 1075 pulcherrime
739 1041 860 1075 scriptis.
878 1041 1032 1067 Exornatus

247 1090 290 1114 est
304 1087 393 1114 multo
407 1095 475 1114 auro
491 1087 630 1122 variisque
647 1087 795 1114 coloribus.
811 1086 878 1113 Nota
893 1087 989 1113 scribae
1005 1087 1031 1113 in

248 1131 301 1160 line
320 1133 378 1159 haec
398 1133 551 1167 reperitur:
574 1132 732 1164 Ἑτελειώθη
750 1133 778 1158 ὲν
796 1133 890 1168 Κυρίῳ
911 1134 926 1167 ὴ
947 1134 1033 1159 πανά-

246 1187 346 1213 γαστος
359 1178 428 1213 αὕτη
444 1178 533 1210 δέλτος
542 1178 592 1215 ,τοῦ
607 1179 635 1205 ὲν
646 1178 732 1212 ἁγίοις
746 1178 852 1213 Πατρὺς
867 1178 944 1213 ἡμῶν
961 1179 1032 1213 Γρη-

243 1224 340 1261 γορίου
357 1224 404 1251 τοῦ
427 1224 558 1258 Θεολόγου
575 1225 640 1259 μην)⁸
663 1225 774 1259 Ἰουνίῳ,
790 1223 809 1250 ε’
834 1225 926 1260 ἡμέρᾳ
948 1233 1034 1251 κατα-

247 1271 391 1307 παυσίμῳ,
409 1270 469 1306 ὥρᾳ
493 1271 531 1302 θ’,
561 1271 654 1297 ἰνδικτ.
684 1274 726 1304 γ’,
751 1270 827 1302 ἔτους
846 1271 900 1297 ἀπὸ
920 1271 1034 1302 κτίσεως

248 1316 351 1351 κόσμου
378 1319 469 1350 ,ςυπγ
509 1316 618 1349 (6185,
646 1316 664 1343 i.
684 1324 709 1344 e.
742 1320 804 1351 post
823 1316 961 1343 Christum
985 1324 1035 1342 na-

251 1367 308 1390 tum
334 1361 417 1396 975),
436 1363 572 1397 γραφεῖσα
586 1361 630 1387 διὰ
650 1361 739 1396 χειρὸς
758 1360 891 1386 Νικολάου
920 1358 1036 1394 μοναχοΰ

250 1409 298 1435 καὶ
320 1407 508 1444 πρεσϐυτέρου
525 1408 608 1441 μονῆς
623 1406 673 1440 τῆς
693 1405 845 1441 ὑπεραγίας
861 1404 1002 1434 Θεοτόκου,

250 1454 396 1489 ἐπώνυμον
408 1455 422 1481 ὁ
444 1453 574 1479 Πελεκᾶν.
593 1451 682 1485 ’Υπὲρ
697 1448 738 1482 οὗ,
761 1452 814 1482 πᾶς
835 1451 850 1477 ὁ
865 1451 1036 1484 ἐντυγχάνων

251 1502 339 1538 ταύτῃ
363 1502 396 1536 τῇ
422 1500 520 1535 βίϐλῳ,
544 1499 589 1526 ἔσο
605 1498 820 1534 ὑπερευχόμενος
842 1497 885 1524 διὰ
908 1498 953 1524 τὸν
982 1497 1037 1523 Κύ-

253 1556 321 1583 ριον.
542 1542 546 1548 ’

289 1593 317 1620 In
333 1593 386 1620 hoc
400 1591 495 1620 codice
507 1591 554 1618 fol.
570 1590 620 1618 1⁵22
635 1598 716 1617 verso
731 1590 827 1624 legitur
846 1593 910 1616 nota
924 1597 939 1615 a
952 1588 1040 1624 prima

255 1647 336 1667 manu
362 1639 463 1673 scripta
483 1637 639 1668 cinnabari,
657 1644 717 1671 qua:
742 1635 860 1663 refertur
876 1635 910 1662 ad
937 1635 1019 1662 verba
1033 1655 1040 1667 ,

254 1686 368 1713 θάνατον
376 1684 601 1719 πλησιάσαντες.⁸
609 1683 685 1709 Ἐπεὶ
694 1683 749 1718 γὰρ
760 1683 858 1718 φθόνῳ,
871 1691 888 1708 κ
905 1691 930 1709 τ.
941 1682 965 1708 λ.
974 1681 1040 1716 (vid.

255 1732 439 1766 edit.operum
448 1730 560 1765 Gregor.
573 1729 617 1756 ed.
626 1728 725 1755 Bened.
737 1737 762 1763 p.
773 1728 825 1755 836
839 1728 859 1754 tl
869 1731 896 1755 et
912 1736 938 1763 p.
948 1728 998 1755 837
1011 1727 1042 1761 Ε)

256 1785 370 1814 (ιιιιειιυε
387 1777 423 1804 ita
439 1785 469 1804 se
485 1777 584 1802 habet:
602 1776 645 1801 Ἐν
663 1775 769 1806 πολλοῖς
792 1774 846 1801 τῶν
867 1775 1041 1810 ἀντιγράφων

255 1825 304 1852 καὶ
319 1824 400 1862 ἕτερά
417 1833 478 1850 τινα
493 1823 536 1850 Eii:
553 1823 635 1858 μέσου
656 1823 769 1857 κείμενα
787 1821 914 1857 εὕρομεν,
932 1821 997 1848 ἔνθα
1011 1822 1042 1848 τὸ

258 1873 371 1907 σημεῖον
387 1871 454 1906 ὁρᾷς
469 1869 515 1897 διὰ
536 1871 585 1904 τῆς
610 1868 780 1904 κιναϐάρεως
810 1869 867 1903 (est
889 1876 954 1895 vero
970 1867 1043 1895 istud

257 1918 366 1952 signum
381 1923 414 1944 eo
439 1916 466 1943 in
493 1916 563 1946 lm-o,
586 1915 631 1941 ubi
658 1922 707 1949 ego
729 1914 832 1942 stellam
846 1914 956 1949 posui)'
974 1914 1046 1950 ἅπερ

251 1960 346 1992 ἐδοξεν
360 1959 455 1995 ἡμῖνῆ
475 1959 511 1994 μὴ
525 1957 593 1985 εἶναι
607 1958 653 1985 τοῦ
670 1959 787 1994 ιιατρὸς,
802 1959 818 1994 ἢ
835 1959 872 1994 μὴ
896 1957 965 1985 εἶναι
984 1959 1046 1985 ἀνό-

259 2008 342 2033 (lauta
353 2027 360 2038 ,
385 2007 458 2041 ὅμως
476 2005 523 2032 καὶ
539 2005 626 2032 ταῦτα
644 2005 712 2040 πρὸς
726 2004 826 2040 ἀκριΰῆ
841 2004 894 2030 τῶν
915 2007 1045 2040 ἐντυγχα-

259 2048 359 2079 νὸντων
376 2051 476 2086 γνῶσιν
502 2050 572 2086 μετὰ
587 2051 635 2086 τὴν
651 2050 846 2086 συμπλήρωσιν
866 2055 872 2082 (
886 2056 947 2084 post
968 2052 1046 2078 linem

259 2099 393 2126 orationis
419 2098 466 2124 fol.
488 2096 558 2132 126)
580 2096 627 2124 τοῦ
650 2096 782 2132 παρόντος
805 2097 885 2131 λόγου
909 2098 1046 2132 γραφῆναι

261 2145 428 2180 συνείδομεν.
444 2143 551 2171 Rursus
567 2143 614 2170 fol.
631 2143 682 2170 126
703 2147 765 2170 ante
788 2143 870 2170 istum
891 2149 1047 2177 suspectum

262 2192 352 2218 locum
371 2190 427 2217 haec
441 2194 504 2216 nota
516 2189 614 2224 legitur
629 2198 636 2215 :
652 2189 728 2223 Ἔχει
742 2189 770 2214 δὲ
782 2189 829 2214 καὶ
843 2189 876 2214 τὰ
889 2189 917 2214 ἐν
932 2187 971 2223 τῷ
986 2197 1049 2224 προ

262 2236 446 2273 γεγραμμένῳ
458 2235 540 2270 λόγῳ,
551 2234 588 2266 ὡς
597 2236 625 2261 ὲν
640 2234 788 2270 παραθὴχῃ
803 2235 950 2270 φερόμενα,
964 2235 1050 2262 καθά-

261 2292 316 2319 περ
327 2282 456 2317 ἀνωτέρω
468 2282 496 2308 ὲν
508 2280 548 2316 τῷ
558 2282 590 2307 ὲκ
601 2281 651 2315 τῆς
662 2281 749 2316 ἀρχῆς
761 2281 886 2316 τετάρτῳ
910 2281 1049 2316 σελλιδίῳ,

263 2329 301 2361 ὡς
321 2326 551 2364 ἐσημειωσάμεθα
568 2326 664 2358 οὕτως.
684 2326 774 2354 Locus
795 2327 888 2362 incipit
912 2327 970 2354 sic:
997 2327 1051 2354 Καὶ

263 2374 290 2400 τι
304 2374 345 2400 δεῖ
366 2381 410 2408 μοι
435 2372 565 2399 πλειόνων
582 2372 737 2406 ὲγκαινὶων,
761 2371 862 2399 Desinit
885 2372 930 2399 fol.
953 2372 1003 2399 127
1024 2374 1050 2400 in

265 2420 374 2452 verbis,
395 2417 659 2450 ἀπαθανατισθέντες
684 2419 732 2444 καὶ
755 2418 814 2453 Θεῷ
841 2418 1050 2454 πλησιάσαντες.

266 2464 332 2492 I'ost
355 2464 407 2490 ista
424 2463 507 2490 verba
523 2463 602 2490 tertia
622 2466 685 2490 nota
701 2463 850 2497 repetitur:
869 2464 963 2490 Ἔστιν
984 2464 1051 2491 ὐπο-

268 2510 361 2537 θέσθαι
372 2510 419 2536 τοῦ
436 2509 528 2543 Ἀγίου
542 2507 610 2535 εἷναι
624 2509 777 2535 utra-314'
791 2509 883 2544 ἐπειδὴ
899 2509 952 2544 γὰρ
975 2511 990 2536 6
1000 2510 1052 2537 Πα-

266 2557 319 2592 τὴρ
335 2556 381 2583 τὸν
397 2556 517 2592 παρόντα
532 2555 610 2589 λόγον
625 2555 747 2590 σχεδίως,
761 2556 808 2582 ἆτε
828 2555 870 2581 ἐπ’
885 2556 1032 2591 ἐκκλησίας
1043 2577 1051 2589 ι

269 2600 489 2638 προσεφώνησεν,
505 2601 578 2632 εἰκὸς
591 2600 659 2636 μετὰ
673 2600 752 2626 τοῦτο
767 2600 848 2626 αὑτὸν
864 2601 1052 2637 σχολαιότερον

267 2647 378 2674 διελθὼν
399 2646 554 2674 ἀθετεῖσθαι
582 2646 667 2673 ταῦτα
689 2640 832 2681 ὴθέλησενί
850 2646 928 2673 Οὕτω
949 2647 1052 2682 μᾶλλον

267 2693 323 2728 ἐγὼ
341 2693 520 2729 περὶτούτων
537 2692 649 2724 εἰκάζω.

301 2764 355 2799 (II)
375 2763 426 2791 llic
441 2765 526 2791 codex
538 2764 564 2791 in
579 2764 674 2798 primis
687 2763 786 2798 dignus
806 2767 847 2790 est
865 2763 911 2798 qui
928 2771 943 2790 a
957 2763 1050 2792 futuro

267 2800 371 2828 editore
385 2800 527 2834 diligenter
541 2803 714 2834 comparetur
728 2806 788 2826 cum
806 2799 898 2826 editis.

306 2835 362 2875 (I5)
382 2834 467 2861 Etiam
483 2835 526 2861 hic
541 2834 626 2861 codex
641 2834 766 2861 estbnus
785 2841 818 2860 ex
837 2834 1049 2869 diligentissime

268 2875 430 2939 8("‘(Ilpﬁlisilic
449 2910 491 2932 est
506 2912 578 2933 unus
594 2912 626 2932 ex
649 2903 858 2939 diligentissime
874 2908 900 2932 et
924 2904 1051 2940 pulcher-

1075 260 1101 287 in
1117 260 1163 287 fol.
1179 261 1303 295 Scriptura
1323 264 1365 288 est
1381 267 1444 287 stre.
1460 268 1487 286 x.
1505 259 1634 286 Continet
1660 259 1688 285 in
1705 258 1779 285 foliis
1791 263 1858 284 ceu

1074 307 1213 334 orationes
1229 314 1286 333 xvt.
1303 305 1331 333 In
1352 306 1403 333 hoc
1420 305 1485 332 l‘olio
1503 306 1514 331 I
1534 309 1574 332 est
1596 305 1687 331 tabula
1712 304 1800 338 picta,
1817 302 1860 328 (Ii-

1074 353 1132 380 visa
1150 353 1175 378 in
1191 352 1261 379 duas
1277 356 1378 387 partes.
1400 351 1541 379 Vetustate
1559 355 1648 378 autem
1673 351 1709 377 ita
1732 350 1862 384 pleraque

1075 398 1163 425 deleta
1192 403 1273 426 sunt.
1295 402 1325 424 ut
1349 398 1475 425 neutrius
1497 397 1583 431 partis
1604 400 1796 432 argumentum
1815 402 1848 422 co

1075 444 1169 479 gnosei
1186 444 1282 478 possit.
1298 443 1355 470 Fol.
1373 443 1390 470 2
1406 444 1505 479 legitur
1523 443 1602 470 index
1618 443 1773 469 orationum
1789 442 1864 468 litte-

1077 490 1114 516 ris
1133 490 1236 521 aureis.
1254 490 1365 524 scriptis
1379 490 1406 516 in
1425 489 1579 516 cinnabari.
1595 489 1651 516 Has
1675 488 1780 514 litteras
1798 487 1864 513 snb-

1078 537 1140 564 inde
1156 537 1297 563 renoxavit
1315 537 1452 564 recentior
1469 544 1565 563 manus
1583 537 1677 562 minio.
1695 535 1723 561 In
1742 534 1796 560 line
1812 532 1862 559 ad-

1076 583 1153 610 ditur
1165 583 1248 610 etiam
1261 583 1408 618 explicatio
1421 584 1535 611 istorum
1548 583 1701 615 signorum,
1717 581 1751 608 de
1762 579 1864 615 quibus

1078 631 1159 657 modo
1183 631 1238 657 dixi
1262 630 1288 657 iu
1307 630 1466 657 recensione
1491 629 1595 657 codicis
1611 630 1629 655 l.
1656 628 1684 655 In
1701 628 1761 662 ipso
1783 634 1865 661 opere

1079 677 1155 703 initia
1168 680 1194 703 et
1210 677 1315 703 indices
1328 677 1482 703 orationum
1504 683 1609 702 necnon
1633 675 1729 701 litterae
1742 673 1866 700 initiales

1079 730 1147 749 auro
1162 726 1189 749 et
1203 722 1344 749 cinnabari
1360 729 1463 749 necnon
1481 721 1542 748 aliis
1564 720 1704 747 coloribus
1721 724 1787 746 sunt
1803 726 1867 746 cou-

1080 768 1182 803 spicua.
1203 767 1279 802 Scpe
1303 768 1385 794 etiam
1405 767 1537 801 imagines
1560 770 1626 793 sunt
1645 766 1778 800 adjectae,
1806 773 1868 800 quae

1081 817 1271 847 argumentum
1289 803 1444 840 orationum
1463 814 1603 841 exhibent.
1626 811 1683 839 Fol.
1701 812 1718 839 4
1737 813 1763 838 in
1784 811 1835 838 fine
1852 819 1868 837 θ

1082 865 1163 885 manu
1189 858 1334 885 recentiori
1358 858 1476 892 legitur:
1497 858 1694 894 Ξηροποτάμου
1713 857 1796 891 (quod
1812 864 1869 883 mo-

1082 903 1194 931 nasterii
1216 911 1316 931 nomen
1341 908 1383 931 est
1399 905 1502 932 montis
1524 904 1614 939 Atlio)
1640 902 1780 934 remst»;
1798 904 1869 939 ἱερο-

1084 950 1210 985 μόναχος.

1119 996 1149 1022 L.
1172 996 1262 1024 Codex
1276 997 1330 1030 (I6)
1350 996 1473 1031 ejusdem
1491 997 1662 1024 bibliothecae
1686 1004 1763 1023 num.
1777 995 1870 1028 LXIII,

1085 1042 1111 1068 in
1131 1042 1178 1069 fol.
1193 1041 1317 1077 Scriptus
1333 1047 1375 1069 est
1392 1044 1419 1068 in
1438 1043 1604 1071 membranis
1627 1050 1689 1070 szec.
1707 1051 1733 1068 x.
1748 1042 1871 1075 Complo-

1083 1087 1166 1114 ctitur
1193 1088 1219 1114 in
1248 1087 1320 1114 foliis
1346 1095 1500 1114 cccumu
1529 1088 1667 1115 orationes
1691 1087 1785 1114 XXIII.
1809 1085 1872 1113 Fuit

1083 1133 1221 1168 quondam
1247 1134 1274 1160 in
1295 1134 1464 1160 monasterio
1493 1134 1631 1160 Iberorum
1653 1134 1754 1160 montis
1774 1134 1870 1160 Allius.

1085 1181 1151 1207 Nam
1178 1181 1225 1207 fol.
1245 1180 1262 1208 3
1279 1180 1399 1215 legitur:
1417 1179 1472 1206 τῶν
1494 1180 1617 1215 Ἰϐήρων.
1644 1180 1714 1206 Ante
1734 1180 1874 1206 orationes

1085 1227 1210 1262 Gregorii
1227 1226 1391 1253 Natianzeni
1413 1227 1516 1254 inserta
1535 1231 1600 1253 sunt
1622 1226 1678 1254 duo
1698 1226 1764 1253 folia
1790 1234 1875 1253 mem-

1087 1275 1219 1301 branacca
1237 1280 1299 1299 szee.
1315 1281 1341 1299 ix
1357 1273 1385 1299 in
1401 1273 1503 1307 quibus
1523 1280 1586 1307 pars
1609 1273 1744 1300 orationis
1760 1271 1874 1298 Joannis

1088 1320 1247 1347 Damasceni
1270 1319 1379 1354 legitur.
1401 1318 1519 1346 Iudicem
1536 1319 1638 1346 habet:
1662 1319 1785 1346 Ἰωάννου
1809 1324 1875 1353 πρε-

1089 1366 1218 1401 σϐυτέρου
1247 1366 1295 1392 καὶ
1323 1364 1440 1400 μοναχοῦ
1466 1365 1647 1400 Δαμασκηνοῦ
1670 1365 1747 1400 λόγος
1769 1366 1809 1396 εἰς
1827 1365 1876 1399 τὴν

1088 1412 1216 1447 κοίμησιν
1228 1412 1278 1446 τῆς
1291 1411 1428 1444 παναγὶας
1437 1410 1581 1437 Θεοτόκου.
1600 1410 1698 1446 Incipit
1711 1421 1717 1438 ι
1733 1411 1810 1437 Ἐστι
1828 1410 1877 1445 μὲν

1089 1456 1240 1492 ἀνθρώπων
1256 1456 1354 1488 οὐδείς.

1126 1503 1153 1530 In
1175 1504 1227 1530 hoc
1243 1503 1339 1530 codice
1356 1503 1435 1530 locus
1456 1503 1500 1530 ille
1517 1502 1652 1529 orationis
1666 1501 1758 1533 XLIII,
1776 1501 1810 1528 de
1825 1509 1879 1538 quo

1053 1559 1075 1588 ο
1092 1556 1176 1585 supra
1194 1549 1251 1575 dixi
1267 1549 1295 1574 in
1313 1555 1420 1575 recens.
1435 1547 1497 1574 cod.
1515 1547 1543 1577 l,
1562 1547 1708 1581 separatim
1726 1547 1834 1581 legitur.
1850 1545 1879 1572 In

1093 1595 1147 1622 line
1158 1593 1293 1621 orationis
1303 1592 1375 1620 XXV
1389 1593 1473 1627 (nunc
1486 1591 1593 1624 XXIII).
1605 1599 1666 1626 quae
1677 1591 1720 1618 hic
1731 1595 1773 1618 est
1785 1590 1879 1622 XXIII,

1093 1641 1215 1677 quadam
1227 1640 1402 1668 exciderunt.

1132 1687 1166 1714 Μ.
1183 1687 1273 1714 Codex
1285 1686 1512 1713 membranaceus
1523 1693 1586 1712 saec.
1599 1693 1627 1714 x.
1641 1684 1766 1712 foliorum
1775 1691 1880 1713 cccut.

1099 1734 1223 1770 ejusdem
1245 1732 1430 1764 bibliothecae,
1447 1731 1474 1757 in
1498 1731 1575 1764 folio,
1595 1738 1669 1757 num.
1691 1729 1784 1757 LXIV.
1808 1730 1882 1756 Con--

1096 1781 1163 1807 tinet
1180 1788 1186 1806 :

1132 1826 1157 1859 a)
1177 1823 1275 1851 XXVII
1297 1823 1436 1850 orationes
1459 1821 1581 1857 Gregorii
1603 1820 1778 1848 Nazianzeni.
1795 1819 1883 1846 Etiam

1097 1873 1141 1899 hic
1156 1873 1201 1899 ille
1220 1872 1296 1898 locus
1311 1878 1375 1897 cum
1392 1870 1454 1900 ista,
1477 1868 1511 1895 de
1530 1877 1583 1903 qua
1601 1875 1683 1902 supra
1706 1867 1760 1894 dixi
1778 1872 1842 1894 nota
1854 1867 1883 1894 in

1097 1919 1158 1946 cod.
1179 1917 1199 1948 Ι,
1215 1917 1362 1952 separatim
1379 1915 1486 1950 legitur.
1512 1915 1646 1942 Pratlerea
1664 1915 1690 1941 in
1710 1916 1834 1940 oratione
1850 1912 1883 1939 IV

1098 1965 1183 1998 (nunc.
1198 1962 1244 1996 V),
1262 1970 1322 1996 quae
1346 1961 1391 1988 hic
1412 1965 1454 1988 est
1478 1959 1549 1991 XXI,
1570 1960 1616 1986 fol.
1635 1960 1699 1990 271,
1715 1960 1741 1986 in
1763 1960 1886 1994 margine

1099 2010 1302 2046 legitur'locus,
1315 2008 1360 2042 qui
1375 2008 1402 2034 in
1415 2007 1497 2034 editis
1510 2007 1647 2042 reperitur
1659 2014 1719 2041 pag.
1734 2006 1795 2037 119,
1810 2007 1841 2035 Α.
1854 2005 1883 2035 Β.

1100 2062 1114 2080 a
1132 2053 1232 2084 verbis,
1249 2053 1297 2080 καὶ
1315 2052 1370 2088 γὰρ
1385 2052 1408 2078 εἰ
1425 2052 1474 2086 τὴν
1492 2051 1586 2086 ὀρθήν,
1604 2052 1636 2078 ad
1655 2052 1747 2081 verba,
1763 2051 1886 2078 καταλεί-

1099 2100 1209 2134 ψαντος.
1234 2098 1352 2125 Indicant
1372 2097 1453 2124 habet
1478 2098 1529 2124 iste
1555 2098 1650 2129 locus,
1673 2098 1702 2123 ὲν
1719 2097 1792 2132 ἄλλῳ
1807 2097 1885 2131 (scil.

1100 2145 1282 2180 ἀντιγράφῳ).
1302 2144 1373 2178 Ergo
1396 2145 1461 2171 olim
1475 2143 1582 2170 videtur
1597 2143 1718 2171 abfuisse
1739 2151 1753 2170 a
1773 2144 1888 2178 quibus~

1101 2192 1163 2219 dam
1181 2191 1259 2218 codd.

1067 2231 1088 2257 Ῑ)
1137 2238 1164 2271 b)
1177 2237 1340 2272 Συναγωγὴν
1350 2236 1397 2263 καὶ
1408 2236 1546 2271 ἐξήγησιν,
1555 2233 1592 2262 ὦν
1603 2236 1725 2271 ἐμνήσθη
1738 2236 1862 2272 ἱστοριῶν
1875 2238 1889 2263 6

1101 2285 1131 2310 ὲν
1144 2284 1231 2317 ἁγίοις
1246 2282 1343 2318 Πατὴρ
1356 2282 1435 2318 ἡμῶν
1448 2282 1596 2318 Γρηγόριος
1609 2283 1638 2309 ἐν
1650 2281 1688 2317 τῷ
1701 2283 1794 2315 ΕἸςτὰ
1807 2281 1890 2308 didita

1102 2329 1184 2364 λόγῳ,
1197 2326 1227 2356 οὗ
1245 2329 1262 2364 ἡ
1281 2329 1369 2364 ἀρχήη
1394 2327 1490 2354 Πάλιν
1504 2327 1628 2361 Ἰησοῦς.
1652 2327 1747 2363 Incipit
1764 2338 1770 2354 :
1787 2329 1819 2355 Οἱ
1833 2329 1892 2356 (lto-

1104 2376 1177 2410 λόγοι
1192 2375 1246 2401 τῶν
1265 2375 1407 2409 Ἑλλήνων.

1140 2421 1166 2455 c)
1187 2421 1330 2455 Ίὶξήγησιν
1349 2419 1473 2454 ἱστοριῶν
1487 2419 1540 2445 τῶν
1553 2421 1582 2445 ἐν
1644 2419 1744 2455 πρώτῳ
1753 2420 1894 2456 Στηλιτευ-

1105 2468 1182 2502 τικῷ.
1196 2467 1292 2501 Incipit
1305 2476 1311 2493 :
1328 2466 1413 2500 Λόγος
1431 2465 1639 2500 στηλιτευτικός.

1142 2514 1170 2547 d)
1193 2513 1324 2549 ’ἱστορίας
1336 2512 1383 2538 τοῦ
1399 2511 1526 2546 δευτέρου
1543 2511 1757 2546 Στηλιτευτικοῦ.
1775 2513 1870 2549 Incipit
1885 2523 1891 2539 :

1113 2555 1236 2591 ’Δριάδνη
1253 2555 1385 2590 θυγάτηρ.

1141 2600 1173 2628 Ν.
1202 2601 1294 2628 Codex
1321 2601 1377 2636 (17)
1404 2602 1647 2632 membranaceus,
1672 2608 1733 2628 saec.
1760 2609 1775 2628 x
1796 2606 1843 2628 aut
1868 2609 1892 2627 lx

1107 2647 1236 2682 scriptus,
1248 2646 1373 2673 foliorum
1390 2654 1494 2674 cccmv.
1515 2647 1561 2674 Est
1581 2647 1702 2681 ejusdem
1715 2647 1893 2676 bibliothecas.

1109 2694 1136 2720 in
1150 2693 1209 2725 fol.,
1225 2700 1300 2719 num.
1317 2691 1397 2719 LXV.
1414 2693 1542 2720 Continet
1553 2701 1578 2720 ιι
1590 2693 1729 2720 orationes
1740 2700 1801 2719 cum
1816 2692 1896 2719 echo.

1108 2765 1177 2790 rime
1189 2764 1311 2799 scriptis.
1351 2798 1358 2799 ί
1452 2779 1456 2782 -

1141 2798 1196 2833 (l7)
1214 2800 1234 2825 Α
1249 2798 1324 2825 folio
1346 2798 1399 2826 9.09
1426 2799 1458 2825 ad
1471 2798 1523 2825 ‘.'l6
1545 2798 1663 2826 secunda
1679 2806 1776 2825 manus
1786 2806 1850 2826 saec.
1863 2805 1897 2825 xv

1105 2842 1165 2869 qua:
1179 2834 1336 2861 exciderant
1354 2834 1463 2867 adjecit.

1142 2869 1199 2903 (l8)
1215 2869 1323 2895 Scholia
1343 2875 1357 2894 a
1373 2877 1453 2895 manu
1474 2868 1618 2895 recentiori
1637 2869 1737 2903 scripta
1760 2869 1896 2896 videntur.

1107 2904 1183 2939 διῆρε
1208 2905 1288 2932 etiam
1315 2904 1405 2932 alieno
1430 2905 1488 2931 loco
1503 2905 1638 2938 leguntur.
1665 2904 1785 2938 Exempli
1804 2911 1896 2936 causa,
