2022 3134
153 221 203 249 SH

694 228 835 257 NO'I'I'I‘IA
854 231 955 260 COIID.
976 233 1237 268 )IOSQIJEIVSIUM.

1727 241 1780 269 9&2

153 278 205 307 liis.
223 279 295 312 Olim
313 280 363 308 fuit
379 281 406 309 in
424 287 514 311 monte
528 284 610 316 Atho,
630 285 657 312 in
679 288 845 316 monasterio
857 289 925 316 Atha

994 296 1058 319 nota
1078 293 1174 328 legitur
1194 303 1200 319 :
1220 293 1287 320 Θεοῦ
1308 295 1337 321 τὸ
1358 296 1442 331 δῶρον
1463 298 1507 322 καὶ
1534 297 1612 329 πόνος
1637 299 1780 326 Κωνστινσ-

156 326 234 356 nasii.
249 327 322 361 qltod
341 326 430 355 Laura
443 330 605 365 appellatur.

187 372 218 400 0.
230 372 320 399 Codex
338 375 560 403 membranaceus
582 385 645 404 δεῖξε.
663 386 689 404 xi
707 383 753 405 aut
768 387 794 412 x,
814 379 939 407 foliorum

151 425 251 446 cccxcr.
275 418 404 445 Servatur
426 420 453 447 in
479 421 572 448 eadem
599 422 771 456 bibliotheca.
793 431 889 460 estque
912 426 939 452 in

152 464 209 495 fol,
225 473 300 491 ιιιιιιι.
316 465 406 492 LXVI.
421 466 546 494 Continet
562 476 624 495 xLIx
638 470 785 497 orationes.
802 470 939 499 Orationis

151 515 238 536 autem
253 513 355 545 primae.
371 520 431 546 quae
446 517 487 539 Cal
500 513 526 540 in
536 514 617 542 editis
630 523 738 551 quoque
755 516 840 551 prima
855 523 939 551 (nunc

149 557 291 591 secunda),
309 557 416 584 initium
434 557 520 586 deest.

134 619 145 629 κ
182 601 212 629 Ρ.
233 601 324 629 Codex
348 603 375 629 in
397 603 491 630 charta
515 604 675 640 bombycina
700 613 762 633 sazc.
788 614 842 638 xlv,
859 607 937 634 folio-

148 655 205 674 rum
231 655 304 675 DxVI.
322 647 385 675 Fuit
409 650 545 684 quondam
564 651 590 677 in
607 653 772 679 monasterio
785 653 935 681 Iberorutn.

147 692 223 720 Nunc
238 694 264 720 iu
280 694 373 721 cadent
394 694 550 730 Mosquensi
572 696 733 724 bibliotheca
754 703 888 730 servatur,
903 700 936 727 de

146 747 197 774 qua
212 739 292 767 modo
309 740 375 772 dixi,
390 745 486 775 estque
506 741 532 768 in
550 741 608 774 fol.,
625 751 700 770 num.
713 743 826 770 LXVIII.
841 745 935 772 Conti-

146 790 191 813 net
212 794 257 812 xw
284 787 424 814 orationes
455 794 516 814 cum
542 789 738 816 commentario
761 789 869 817 Nic-ene.
888 790 935 818 Ni-

146 835 211 857 cetze
233 831 422 866 interpretatio
447 833 519 859 hunc
550 833 630 860 habet
659 834 775 862 indicem
797 844 803 862 :
830 835 882 862 Τοῦ
906 837 935 862 ἐν

146 876 232 910 ἁγίοις
252 877 358 912 lla-cpe;
382 878 577 914 ἡμῶνΝικήτα
602 881 800 915 μητροπολίτου
822 882 932 918 Σερρῶν

145 922 272 958 ἐξήγησις
297 925 337 955 εις
364 924 411 950 τὸν
435 924 575 959 Θεολὸγον.
601 927 623 952 Α
646 927 780 962 principio
804 929 933 955 nonnulla

144 970 244 1004 scripta
263 974 327 996 sunt
343 970 433 997 minus
446 971 590 1005 diligenter
606 980 620 998 a
642 980 722 999 manu
745 974 889 1001 recentiori
907 975 934 1002 in
950 966 971 995 Β
986 966 1047 1006 eum
1066 980 1187 1008 scholiis.
1207 983 1302 1017 Incipit
1316 993 1322 1010 ε

143 1015 235 1042 charta
248 1016 363 1050 vulgari,
385 1017 411 1043 in
440 1017 482 1044 his
505 1018 603 1049 oratio,
624 1019 811 1051 Ἀναστάσεως
830 1020 931 1056 ἡμέρα.

176 1061 207 1094 ρ.
224 1061 314 1088 Codex
339 1063 563 1091 membranaeeus
584 1071 645 1093 sate.
663 1073 688 1091 xI
706 1072 752 1092 aut
768 1074 783 1092 x
806 1066 932 1093 foliorum

142 1114 212 1135 calx.
230 1107 279 1135 Est
298 1108 420 1143 ejusdem
432 1109 610 1142 bibliotheca,
631 1111 658 1138 in
673 1111 731 1144 fol.,
755 1120 818 1139 ιιιιιιι
838 1111 930 1139 LXIX.

142 1153 267 1180 Continet
280 1162 287 1181 :

176 1202 203 1233 ει)
223 1200 285 1226 XIII
302 1201 440 1227 orationes
453 1199 576 1235 Gregorii
598 1200 771 1230 Nazianzeni.

174 1244 200 1273 b)
213 1245 370 1281 Μαρτύριον
384 1246 437 1272 τῶν
446 1245 502 1279 (I9)
514 1247 597 1280 ἁγίων
611 1247 656 1273 καὶ
666 1247 777 1280 ἐνδόξων
802 1247 848 1274 τοῦ
863 1249 929 1283 Χρι-

141 1290 201 1316 στοῦ
224 1290 368 1327 μαρτύρων
398 1292 581 1328 Εὑστρατξου,
605 1292 766 1325 Αὺξεντίου,
790 1293 927 1328 Εὑγενίου,

140 1337 294 1372 Μαρδαρίου
303 1338 350 1364 καὶ
364 1338 499 1373 Ὀρέστου.
511 1339 584 1373 Μηνὶ
596 1338 749 1375 δεκεμϐρῖῳ
762 1339 804 1373 ιγ’,
817 1340 926 1376 Incipit:

140 1382 331 1415 Βασιλεὺοντος
343 1383 533 1419 Διοκλητιανοῦ
549 1385 594 1410 καὶ
613 1385 794 1419 Μαξιμιανοῦ.

172 1427 227 1454 IIoc
243 1429 271 1454 in
292 1428 345 1455 [Ine
357 1433 397 1456 est
414 1429 550 1456 mutilum.
571 1429 673 1456 Desinit
695 1430 767 1457 enim
783 1430 809 1457 in
826 1431 926 1465 verbis,

138 1473 329 1500 Καθεσοέντων
343 1472 389 1500 οὖν
402 1474 500 1506 αὐτῶν,
515 1475 529 1501 ό
543 1475 618 1509 ἅγιος
628 1476 790 1510 Εὑστράτιος
801 1474 874 1510 εἶπε,

172 1518 203 1545 Β.
226 1519 318 1547 Codex
341 1519 464 1554 ejusdem
489 1520 660 1548 bibliothecae
677 1521 704 1548 in
721 1526 828 1555 quarto,
848 1530 922 1548 num.

136 1564 297 1596 CCLXXXI,
311 1565 437 1592 foliorum
451 1573 583 1593 cccxxxv.
597 1566 720 1601 Scriptus
736 1571 775 1593 est
792 1568 818 1594 in
829 1568 923 1594 charta

136 1617 197 1638 5:20.
223 1619 267 1637 xv.
290 1610 352 1638 Fuit
368 1611 505 1646 quondam
528 1612 555 1638 in
582 1613 748 1639 monasterio
772 1612 921 1647 Batopedii.

135 1655 261 1684 Continet
280 1664 307 1684 xl
331 1657 469 1685 orationes
492 1665 554 1684 cum
576 1657 777 1685 Commentario
797 1658 852 1693 (20)
876 1658 922 1685 Ni-

135 1707 207 1729 (etne.

168 1747 196 1775 S.
217 1747 306 1774 Codex
322 1749 442 1781 ejusdem
466 1748 636 1775 bibliotheca!
665 1748 691 1775 in
714 1752 823 1782 quarto,
844 1757 920 1775 num.

134 1792 307 1825 CCLXXXII,
324 1801 385 1820 sate.
411 1802 449 1820 xtl
471 1799 518 1821 aut
537 1802 575 1826 ιιι,
591 1794 717 1821 foliorum
734 1802 832 1822 nxxxv.
848 1794 923 1821 Scri-

134 1841 195 1872 plus
208 1843 251 1865 est
267 1838 294 1864 in
311 1838 487 1866 membranis.
503 1838 564 1865 Fuit
583 1839 720 1874 quondam
741 1838 768 1866 in
785 1843 923 1866 monaste-

134 1885 174 1910 rio
188 1884 339 1912 Iberorum.
351 1884 481 1912 Continet
493 1893 538 1912 xlv
554 1885 692 1912 orationes
703 1892 765 1912 cum
781 1892 919 1912 commen-

133 1930 202 1956 tario
225 1930 364 1965 anonymi.
393 1930 440 1957 Est
467 1929 510 1956 hic
532 1930 616 1957 codex
641 1930 725 1958 variis
750 1930 778 1956 in
804 1930 871 1957 locis
892 1931 918 1956 in

132 1975 265 2008 superiori
289 1980 367 2010 parte
386 1976 529 2010 putredine
553 1976 661 2004 adesus.
686 1977 818 2004 Caeterum
839 1984 919 2003 aecu-

132 2025 189 2047 rate
211 2025 239 2048 et
261 2021 441 2056 pulcherrime
461 2022 590 2056 scriptus.
621 2022 649 2049 In
672 2023 724 2050 line
744 2023 798 2050 haec
823 2023 919 2050 scriba:

336 2132 344 2149 Ρ

991 347 1074 365 τινου.

1026 384 1057 411 Τ.
1073 384 1162 413 Codex
1180 386 1300 420 ejusdem
1321 387 1490 416 bibliotheca:
1511 390 1538 416 in
1558 389 1631 422 folio,
1656 401 1730 421 num.
1746 395 1776 423 V.

991 430 1070 458 IIunc
1093 432 1216 459 recensui
1239 433 1265 459 in
1294 432 1398 460 Nolilia
1424 434 1500 461 codd.
1525 445 1589 463 mss.
1616 437 1778 471 ercorum.

990 485 1050 510 qua:
1069 477 1168 512 prodiit
1189 477 1307 514 Mosqna:
1329 479 1406 512 I776,
1432 481 1459 508 in
1485 481 1543 513 rol.,
1557 483 1612 509 vid.
1635 492 1660 519 p.
1682 485 1734 512 8el
1750 486 1776 513 9.

989 522 1114 550 Continet
1140 529 1238 559 praeter
1264 528 1316 554 alia
1344 533 1388 552 xvt
1410 527 1547 555 orationes
1571 528 1625 563 (2i)
1655 529 1777 565 Gregorii

988 567 1151 600 Nazianzeni
1177 577 1204 600 et
1228 573 1317 600 Vitam
1343 573 1475 608 ejusdem,
1506 583 1565 609 qua:
1588 575 1624 602 ibi
1649 577 1778 604 tribuitur

988 614 1119 651 Gregorio
1135 619 1305 654 presbytero.

1025 659 1056 688 V.
1081 661 1172 690 Codex
1204 664 1325 698 ejusdem
1354 665 1533 698 bibliothecae,
1561 675 1637 694 num.
1660 667 1725 697 XLI.
1748 669 1775 696 in

989 704 1047 737 Iol.,
1071 708 1304 741 membranaccus,
1327 717 1389 737 szec.
1413 718 1429 737 x
1449 716 1495 737 aut
1510 719 1549 737 xl.
1563 711 1690 740 Contiuet
1707 721 1775 748 pyre-

988 756 1028 779 ter
1042 751 1093 779 alia
1107 754 1236 788 epistolas
1251 755 1353 790 aliquot
1369 754 1492 790 Gregorii
1508 755 1681 785 Nazianzeni.
1698 758 1775 787 IIunc

987 797 1005 823 I.
1024 797 1041 824 I.
1058 800 1181 826 recensui
1197 808 1223 835 p.
1240 801 1284 827 6|.

1022 843 1054 871 X.
1070 844 1162 872 Codex
1179 846 1337 874 chartaceus
1357 855 1419 875 saec.
1445 855 1512 879 xvn,
1534 848 1705 876 bibliothecae
1720 851 1774 886 'l‘y-

985 890 1131 924 pographei
1147 892 1295 926 synodalis.
1312 901 1386 920 num.
1405 893 1449 926 IV,
1469 894 1496 921 in
1517 900 1625 929 quarto.
1645 895 1773 924 Coutinet

986 939 1084 968 praater
1110 936 1161 962 alia
1187 944 1267 963 unam
1291 938 1413 971 Gregorii
1440 938 1602 966 Nazianzeni
1621 941 1770 968 orationem

1346 984 1485 1018 Ἐγκαίνια
1500 985 1641 1020 τιμᾶσθαι.
1663 985 1770 1014 Scholia

986 1024 1119 1059 incipiunt
1132 1035 1137 1052 :
1161 1026 1204 1058 Ὧς
1219 1027 1248 1052 ἓν
1264 1027 1408 1063 ἀπρόσιτον
1419 1029 1464 1055 καὶ
1478 1029 1625 1064 ἀδιάδοχον.

1019 1068 1097 1097 Hunc
1111 1071 1268 1106 diligentius
1282 1073 1405 1100 recensui
1418 1074 1445 1100 in
1459 1073 1564 1102 Nomia
1577 1075 1653 1103 codd.
1673 1085 1736 1104 mss.

1210 1138 1242 1166 II.
1256 1139 1365 1168 Codices
1383 1142 1540 1169 carminum.

1016 1196 1048 1222 Δ.
1064 1196 1154 1223 Codex
1170 1197 1340 1226 bibliotheca:
1359 1200 1538 1227 sanctissimae
1561 1199 1674 1236 Synodi,
1689 1210 1764 1229 nttm.

981 1241 1046 1273 LIII.
1070 1243 1096 1269 in
1122 1243 1167 1270 fol.
1190 1242 1315 1280 Scriptus
1334 1250 1375 1272 est
1400 1253 1461 1273 srec.
1483 1253 1519 1273 xtl
1542 1246 1567 1273 in
1591 1247 1763 1275 membranis.

980 1287 1041 1316 Fuit
1062 1290 1197 1324 quondam
1223 1291 1251 1317 in
1277 1291 1442 1318 monasterio
1468 1291 1618 1319 Iberorum.
1639 1292 1766 1321 Continet

979 1334 1006 1361 in
1027 1335 1098 1362 foliis
1112 1343 1178 1362 ccxc
1193 1334 1314 1371 Gregorii
1334 1336 1494 1364 Nazianzeni
1514 1345 1547 1364 LV
1569 1337 1692 1364 carmina
1708 1339 1764 1372 (22)

979 1389 1040 1408 cum
1059 1382 1227 1416 paraphrasi.

1013 1426 1043 1453 Β.
1065 1427 1154 1454 Codex
1174 1427 1295 1462 ejusdem
1315 1427 1485 1455 bibliotheca:
1506 1437 1580 1455 num.
1602 1428 1762 1460 CCXLVIII,

978 1471 1004 1498 in
1021 1476 1126 1506 quarto.
1151 1471 1275 1507 Scriptus
1289 1479 1331 1500 est
1351 1473 1377 1500 in
1398 1475 1502 1505 charta,
1529 1481 1591 1502 sate.
1615 1481 1681 1501 xvu.
1703 1473 1764 1500 Fuit

977 1518 1113 1552 quondam
1126 1519 1153 1545 in
1168 1520 1334 1546 monasterio
1352 1519 1500 1547 Iherorum.
1522 1520 1647 1547 Continet
1667 1525 1764 1555 prater

976 1564 1028 1590 alia
1045 1571 1088 1590 xlv
1105 1565 1226 1591 carmina
1242 1573 1304 1592 cum
1319 1566 1440 1593 scholiis.

1011 1609 1040 1635 C.
1059 1609 1149 1636 Codex
1163 1610 1283 1644 ejusdem
1295 1611 1465 1639 bibliotheca:
1481 1619 1555 1639 num.
1569 1611 1718 1643 CCXLVII,
1735 1612 1761 1638 in

974 1659 1081 1689 quarto.
1095 1654 1144 1682 Hic
1156 1656 1190 1683 ab
1201 1657 1346 1684 Alisalomo
1366 1657 1500 1684 monacho
1514 1658 1631 1692 scriptus
1647 1658 1763 1685 traditur

975 1707 1047 1726 anno
1059 1701 1150 1728 mundi
1165 1701 1243 1734 7H8.
1255 1702 1355 1729 Christi
1370 1703 1448 1735 I610,
1466 1704 1568 1730 mensis
1582 1704 1646 1730 Maii
1661 1704 1704 1730 die
1715 1703 1759 1730 I2.

974 1744 1022 1771 Est
1043 1746 1214 1774 chartaceus.
1228 1747 1356 1775 Continet
1371 1749 1440 1776 inter
1462 1749 1514 1775 alia
1536 1756 1621 1775 χχχιιι
1640 1749 1759 1776 carmina

973 1798 1035 1817 cum
1055 1792 1167 1820 scltoliis
1184 1793 1265 1820 modo
1282 1794 1352 1820 inter
1367 1802 1472 1824 versus.
1489 1793 1569 1821 modo
1584 1794 1610 1821 in
1627 1794 1756 1828 margine.

1011 1839 1040 1865 ι).
1070 1839 1159 1866 Codex
1194 1839 1363 1866 bibliothecze
1391 1839 1580 1875 Typographei
1608 1839 1757 1875 synodalis,

972 1892 1048 1912 num.
1073 1884 1106 1916 ι’,
1130 1886 1156 1912 in
1171 1889 1279 1919 quarto,
1299 1885 1332 1912 de
1355 1892 1409 1920 quo
1429 1885 1583 1920 diligentius
1602 1885 1714 1919 exposui
1731 1884 1758 1910 iu

971 1931 1074 1958 Νοιίιίτι
1088 1931 1207 1958 codicum
1224 1940 1286 1958 mss.
1304 1930 1509 1965 Musquensium.

1007 1977 1038 2004 E.
1063 1978 1153 2005 Codex
1181 1977 1302 2012 ejusdem
1329 1977 1498 2005 bibliotheca:
1526 1985 1600 2004 num.
1627 1976 1703 2008 XLI,
1729 1977 1755 2004 in

971 2027 1077 2058 quarto.
1095 2022 1162 2050 Vide
1174 2022 1297 2050 eamdem
1315 2021 1455 2049 Notitiam.

130 2246 231 2273 scholia
243 2246 376 2282 orationis
389 2246 466 2282 φίλου
485 2246 590 2278 κισ-τσῦ,
607 2247 733 2282 leguntur
749 2248 774 2274 in
793 2246 912 2282 margine
930 2236 953 2265 Ῑ)
1002 2244 1057 2282 (2t)
1071 2244 1149 2271 Ilnnc
1169 2243 1290 2271 todicem
1307 2243 1545 2282 in»_hac_ed_itione
1564 2250 1624 2282 non.
1636 2242 1751 2282 contuli,

129 2282 258 2308 orationis
271 2291 277 2308 :
290 2281 355 2308 Λύει
371 2290 415 2316 μοι
432 2282 481 2315 τὴν
495 2282 630 2315 γλῶσσαν.
648 2281 754 2308 Scholia
770 2281 802 2308 ad
815 2281 914 2307 oratiu-

130 2324 199 2347 nem,
222 2317 408 2348 Ἀναστὰσεως
429 2317 528 2351 ἡμέρα,
546 2324 606 2349 qua:
630 2317 716 2350 prima
744 2321 785 2344 est
806 2316 832 2342 in
862 2316 912 2342 hoc

128 2352 232 2386 codice.
248 2352 363 2378 maxima
379 2359 410 2378 ex
427 2357 502 2386 parte
518 2352 604 2378 deleta
619 2356 691 2378 sunt.
708 2351 744 2378 Ex
758 2352 808 2378 hoc
821 2351 914 2377 codice

128 2385 196 2412 intra
215 2386 339 2420 quaedam
354 2387 560 2420 excerpsi.qua:
586 2394 600 2412 a
620 2387 718 2414 scribis
739 2387 799 2414 aliis
823 2393 914 2413 recen-

128 2420 187 2446 tiori
200 2425 322 2455 tempore
338 2422 442 2453 adiecta
454 2425 526 2447 sunt.

161 2456 216 2489 (I9)
237 2455 296 2483 Vid.
313 2455 419 2482 Fabric.
435 2455 504 2482 Bibl.
520 2455 577 2484 (in.
595 2457 647 2482 vol.
667 2457 712 2485 IX,
726 2455 810 2490 p.78.

160 2490 216 2523 (20)
234 2490 354 2526 Indirent
378 2491 392 2526 h
405 2492 457 2526 :by-t
473 2500 478 2517 :
495 2491 599 2526 Νικήτα
627 2491 749 2517 διακόνου
770 2490 815 2517 καὶ
838 2490 909 2516 διδα-

128 2525 224 2551 σκάλου
245 2526 294 2559 τῆς
310 2525 355 2551 τοῦ
375 2525 443 2552 Θεοῦ
460 2525 579 2560 μεγάλής
599 2526 761 2560 Ἐκκλησίας
777 2525 910 2559 ἑρμηνεία

128 2561 164 2619 fit;
178 2561 243 2601 τοὺς
253 2560 382 2595 ῥηθέντας
397 2561 486 2592 ὁσίους
507 2561 601 2595 λόγους
620 2562 696 2597 παρὰ
711 2561 758 2587 τοῦ
777 2560 908 2594 Θεολόγου

149 2602 287 2619 οτιγοοιηυ.

147 2602 287 2631 ρηγοριου.

964 2281 1028 2314 quia
1056 2287 1126 2306 unus
1149 2285 1191 2306 est
1216 2287 1248 2306 ex
1281 2279 1509 2314 negligentissime
1532 2278 1653 2312 scriptis,
1678 2278 1751 2312 quod

964 2313 1155 2348 Cttlllp.zt‘ﬂlldis
1180 2314 1316 2340 nonnullis
1336 2313 1402 2340 Novi
1427 2313 1548 2341 Foederis
1578 2313 1663 2346 libris,
1681 2319 1751 2347 quos

963 2347 1046 2376 etiam
1060 2350 1192 2382 continet,
1208 2347 1402 2376 intellexeram.

999 2419 1055 2454 (22)
1072 2418 1110 2445 Ex
1126 2419 1176 2456 hoc
1188 2418 1281 2456 codice
1298 2418 1551 2456 sptlciminiscaiisa
1568 2416 1646 2456 edidi.
1659 2415 1749 2456 dn‘pli-

964 2450 1217 2490 cemiparaphrasiu
1238 2450 1367 2490 carminis
1384 2453 1421 2480 De
1437 2453 1511 2490 libris
1527 2452 1658 2490 canonicis
1723 2456 1747 2477 el

963 2488 1000 2515 Ν.
1026 2487 1195 2516 Testaiuenti.
1210 2503 1244 2508 —-
1257 2489 1332 2514 Ilaue
1348 2487 1526 2522 Paraphrasin
1551 2487 1656 2513 edimus
1667 2487 1749 2522 _imer

962 2524 1065 2559 scholia
1086 2531 1146 2559 qua:
1153 2523 1274 2558 Gregorii
1286 2520 1450 2550 caruniuihits
1462 2522 1653 2557 subjiciuntur.
1665 2520 1747 2549 Earl.

963 2557 1048 2585 Pun.
