  <div class='ocr_page' id='page_1' title='image "/cluster/home/n/w/nwhite01/storage/ocr_20150623/36/njp.32101013202633/484.png"; bbox 0 0 2022 3134; ppageno 0'>
   <div class='ocr_carea' id='block_1_1' title="bbox 158 162 216 191">
    <p class='ocr_par' dir='ltr' id='par_1_1' title="bbox 158 162 216 191">
     <span class='ocr_line' id='line_1_1' title="bbox 158 162 216 191; baseline 0 0"><span class='ocrx_word' id='word_1_1' title='bbox 158 162 216 191; x_wconf 56' lang='grc' dir='ltr'>τις)</span> 
     </span>
    </p>
   </div>
   <div class='ocr_carea' id='block_1_2' title="bbox 767 166 1196 197">
    <p class='ocr_par' dir='ltr' id='par_1_2' title="bbox 767 166 1196 197">
     <span class='ocr_line' id='line_1_2' title="bbox 767 166 1196 197; baseline 0 -3"><span class='ocrx_word' id='word_1_2' title='bbox 767 167 813 194; x_wconf 79' lang='grc' dir='ltr'><strong>ΑΒ</strong></span> <span class='ocrx_word' id='word_1_3' title='bbox 831 167 860 195; x_wconf 78' lang='grc'><strong>8.</strong></span> <span class='ocrx_word' id='word_1_4' title='bbox 880 166 1043 196; x_wconf 82' lang='lat' dir='ltr'><strong>GREGORII</strong></span> <span class='ocrx_word' id='word_1_5' title='bbox 1061 167 1166 197; x_wconf 82' lang='lat' dir='ltr'><strong>ORAT.</strong></span> <span class='ocrx_word' id='word_1_6' title='bbox 1186 167 1196 194; x_wconf 83' lang='grc' dir='ltr'><strong>Ι</strong></span> 
     </span>
    </p>
   </div>
   <div class='ocr_carea' id='block_1_3' title="bbox 1741 169 1806 203">
    <p class='ocr_par' dir='ltr' id='par_1_3' title="bbox 1741 169 1806 203">
     <span class='ocr_line' id='line_1_3' title="bbox 1741 169 1806 203; baseline 0 -7"><span class='ocrx_word' id='word_1_7' title='bbox 1741 169 1806 203; x_wconf 66' lang='grc'><strong>966,</strong></span> 
     </span>
    </p>
   </div>
   <div class='ocr_carea' id='block_1_4' title="bbox 164 221 961 262">
    <p class='ocr_par' dir='ltr' id='par_1_4' title="bbox 164 221 959 260">
     <span class='ocr_line' id='line_1_4' title="bbox 164 221 959 260; baseline 0.006 -13"><span class='ocrx_word' id='word_1_8' title='bbox 164 221 264 258; x_wconf 76' lang='grc' dir='ltr'>ηγορίᾳ</span> <span class='ocrx_word' id='word_1_9' title='bbox 284 222 339 248; x_wconf 81' lang='grc' dir='ltr'>τῶν</span> <span class='ocrx_word' id='word_1_10' title='bbox 359 223 490 258; x_wconf 70' lang='grc' dir='ltr'>ἀδιλιρῶν.</span> <span class='ocrx_word' id='word_1_11' title='bbox 515 224 600 251; x_wconf 82' lang='grc' dir='ltr'>Τοῦτο</span> <span class='ocrx_word' id='word_1_12' title='bbox 617 225 671 260; x_wconf 81' lang='grc' dir='ltr'><strong>γὰρ</strong></span> <span class='ocrx_word' id='word_1_13' title='bbox 694 225 831 258; x_wconf 72' lang='grc' dir='ltr'>ἀπόδειξις</span> <span class='ocrx_word' id='word_1_14' title='bbox 853 225 959 260; x_wconf 79' lang='grc' dir='ltr'>ἀγαθῆς</span> 
     </span>
    </p>
   </div>
   <div class='ocr_carea' id='block_1_5' title="bbox 1011 221 1792 262">
    <p class='ocr_par' dir='ltr' id='par_1_5' title="bbox 1011 225 1792 262">
     <span class='ocr_line' id='line_1_5' title="bbox 1011 225 1792 262; baseline -0.001 -9"><span class='ocrx_word' id='word_1_15' title='bbox 1011 226 1081 253; x_wconf 89' lang='lat' dir='ltr'><strong>enim</strong></span> <span class='ocrx_word' id='word_1_16' title='bbox 1105 229 1293 262; x_wconf 73' lang='lat' dir='ltr'><strong>argumentum</strong></span> <span class='ocrx_word' id='word_1_17' title='bbox 1315 228 1356 253; x_wconf 82' lang='lat' dir='ltr'><strong>est</strong></span> <span class='ocrx_word' id='word_1_18' title='bbox 1375 225 1457 252; x_wconf 89' lang='lat' dir='ltr'><strong>animi</strong></span> <span class='ocrx_word' id='word_1_19' title='bbox 1471 232 1533 261; x_wconf 71' lang='lat' dir='ltr'><strong>erga</strong></span> <span class='ocrx_word' id='word_1_20' title='bbox 1548 233 1595 253; x_wconf 78' lang='lat' dir='ltr'><strong>eos</strong></span> <span class='ocrx_word' id='word_1_21' title='bbox 1610 227 1677 254; x_wconf 83' lang='lat' dir='ltr'><strong>bene</strong></span> <span class='ocrx_word' id='word_1_22' title='bbox 1692 225 1792 253; x_wconf 75' lang='lat' dir='ltr'><strong>all‘ecti.</strong></span> 
     </span>
    </p>
   </div>
   <div class='ocr_carea' id='block_1_6' title="bbox 165 268 955 306">
    <p class='ocr_par' dir='ltr' id='par_1_6' title="bbox 165 268 955 306">
     <span class='ocr_line' id='line_1_6' title="bbox 165 268 955 306; baseline 0.006 -13"><span class='ocrx_word' id='word_1_23' title='bbox 165 268 228 302; x_wconf 83' lang='grc' dir='ltr'>πιρὶ</span> <span class='ocrx_word' id='word_1_24' title='bbox 240 268 339 300; x_wconf 82' lang='grc' dir='ltr'>αὐτοὺς</span> <span class='ocrx_word' id='word_1_25' title='bbox 354 268 510 301; x_wconf 71' lang='grc' dir='ltr'><strong>διαθέσεως.</strong></span> <span class='ocrx_word' id='word_1_26' title='bbox 528 271 574 296; x_wconf 88' lang='grc' dir='ltr'>Δεῖ</span> <span class='ocrx_word' id='word_1_27' title='bbox 584 271 640 306; x_wconf 84' lang='grc' dir='ltr'><strong>γὰρ</strong></span> <span class='ocrx_word' id='word_1_28' title='bbox 656 271 702 297; x_wconf 75' lang='grc' dir='ltr'>καὶ</span> <span class='ocrx_word' id='word_1_29' title='bbox 718 273 774 302; x_wconf 84' lang='grc' dir='ltr'>τοῖς</span> <span class='ocrx_word' id='word_1_30' title='bbox 791 271 897 306; x_wconf 79' lang='grc' dir='ltr'><strong>ἐχθροῖς</strong></span> <span class='ocrx_word' id='word_1_31' title='bbox 910 271 955 297; x_wconf 81' lang='grc' dir='ltr'><strong>λέ-</strong></span> 
     </span>
    </p>
   </div>
   <div class='ocr_carea' id='block_1_7' title="bbox 164 312 956 352">
    <p class='ocr_par' dir='ltr' id='par_1_7' title="bbox 164 312 956 352">
     <span class='ocr_line' id='line_1_7' title="bbox 164 312 956 352; baseline 0.003 -12"><span class='ocrx_word' id='word_1_32' title='bbox 164 322 222 348; x_wconf 70' lang='grc' dir='ltr'>γειν</span> <span class='ocrx_word' id='word_1_33' title='bbox 246 315 285 344; x_wconf 86' lang='grc' dir='ltr'>τὸ,</span> <span class='ocrx_word' id='word_1_34' title='bbox 297 312 333 340; x_wconf 83' lang='grc' dir='ltr'><strong><em>Ὦ</em></strong></span> <span class='ocrx_word' id='word_1_35' title='bbox 351 314 469 350; x_wconf 76' lang='grc' dir='ltr'>ἀδελφοὶ,</span> <span class='ocrx_word' id='word_1_36' title='bbox 492 317 538 342; x_wconf 80' lang='grc' dir='ltr'>καὶ</span> <span class='ocrx_word' id='word_1_37' title='bbox 558 316 594 352; x_wconf 83' lang='grc' dir='ltr'>μὴ</span> <span class='ocrx_word' id='word_1_38' title='bbox 611 316 691 352; x_wconf 71' lang='grc' dir='ltr'>μόνον</span> <span class='ocrx_word' id='word_1_39' title='bbox 711 318 766 348; x_wconf 85' lang='grc' dir='ltr'>τοῖς</span> <span class='ocrx_word' id='word_1_40' title='bbox 785 317 819 344; x_wconf 74' lang='grc' dir='ltr'>δι’</span> <span class='ocrx_word' id='word_1_41' title='bbox 845 318 956 352; x_wconf 84' lang='grc' dir='ltr'><strong>ἀγάπην</strong></span> 
     </span>
    </p>
   </div>
   <div class='ocr_carea' id='block_1_8' title="bbox 119 362 956 400">
    <p class='ocr_par' dir='ltr' id='par_1_8' title="bbox 119 362 956 400">
     <span class='ocr_line' id='line_1_8' title="bbox 119 362 956 400; baseline 0.004 -13"><span class='ocrx_word' id='word_1_42' title='bbox 119 371 128 382; x_wconf 80' lang='grc' dir='ltr'><strong>ι</strong></span> <span class='ocrx_word' id='word_1_43' title='bbox 163 370 189 388; x_wconf 87' lang='grc' dir='ltr'><strong>τι</strong></span> <span class='ocrx_word' id='word_1_44' title='bbox 209 362 388 397; x_wconf 73' lang='grc' dir='ltr'><strong>πεποιηκόσιν</strong></span> <span class='ocrx_word' id='word_1_45' title='bbox 404 363 420 398; x_wconf 81' lang='grc' dir='ltr'>ἢ</span> <span class='ocrx_word' id='word_1_46' title='bbox 444 362 599 396; x_wconf 76' lang='grc' dir='ltr'><strong>πεπονθόσι,</strong></span> <span class='ocrx_word' id='word_1_47' title='bbox 619 363 713 400; x_wconf 86' lang='grc' dir='ltr'>ὥσπερ</span> <span class='ocrx_word' id='word_1_48' title='bbox 725 365 749 390; x_wconf 76' lang='grc' dir='ltr'>οἱ</span> <span class='ocrx_word' id='word_1_49' title='bbox 766 365 795 391; x_wconf 81' lang='grc' dir='ltr'>ἑν</span> <span class='ocrx_word' id='word_1_50' title='bbox 811 364 956 400; x_wconf 80' lang='grc' dir='ltr'>Ναςιανζῷ</span> 
     </span>
    </p>
   </div>
   <div class='ocr_carea' id='block_1_9' title="bbox 163 407 956 446">
    <p class='ocr_par' dir='ltr' id='par_1_9' title="bbox 163 407 956 446">
     <span class='ocr_line' id='line_1_9' title="bbox 163 407 956 446; baseline 0.005 -13"><span class='ocrx_word' id='word_1_51' title='bbox 163 408 210 434; x_wconf 79' lang='grc' dir='ltr'>καὶ</span> <span class='ocrx_word' id='word_1_52' title='bbox 229 407 362 443; x_wconf 74' lang='grc' dir='ltr'>ἐποίησάν</span> <span class='ocrx_word' id='word_1_53' title='bbox 384 417 410 435; x_wconf 92' lang='grc' dir='ltr'><strong>τι</strong></span> <span class='ocrx_word' id='word_1_54' title='bbox 432 409 465 435; x_wconf 80' lang='grc' dir='ltr'><strong>δι’</strong></span> <span class='ocrx_word' id='word_1_55' title='bbox 483 410 594 444; x_wconf 83' lang='grc' dir='ltr'><strong>ἀγάπην</strong></span> <span class='ocrx_word' id='word_1_56' title='bbox 614 410 662 437; x_wconf 76' lang='grc' dir='ltr'>καὶ</span> <span class='ocrx_word' id='word_1_57' title='bbox 678 410 789 437; x_wconf 74' lang='grc' dir='ltr'>ἔπαθον.</span> <span class='ocrx_word' id='word_1_58' title='bbox 809 411 956 446; x_wconf 83' lang='grc' dir='ltr'>Ἐποίησαν</span> 
     </span>
    </p>
   </div>
   <div class='ocr_carea' id='block_1_10' title="bbox 165 453 956 492">
    <p class='ocr_par' dir='ltr' id='par_1_10' title="bbox 165 453 956 492">
     <span class='ocr_line' id='line_1_10' title="bbox 165 453 956 492; baseline 0.005 -13"><span class='ocrx_word' id='word_1_59' title='bbox 165 454 214 488; x_wconf 76' lang='grc' dir='ltr'>μὶν</span> <span class='ocrx_word' id='word_1_60' title='bbox 226 453 282 490; x_wconf 84' lang='grc' dir='ltr'><strong>γὰρ</strong></span> <span class='ocrx_word' id='word_1_61' title='bbox 293 453 342 489; x_wconf 82' lang='grc' dir='ltr'>τὴν</span> <span class='ocrx_word' id='word_1_62' title='bbox 357 454 425 489; x_wconf 79' lang='grc' dir='ltr'>πρὸς</span> <span class='ocrx_word' id='word_1_63' title='bbox 438 454 483 481; x_wconf 74' lang='grc' dir='ltr'><strong>τὸν</strong></span> <span class='ocrx_word' id='word_1_64' title='bbox 496 454 626 489; x_wconf 75' lang='grc' dir='ltr'>Θεολόγον</span> <span class='ocrx_word' id='word_1_65' title='bbox 638 455 732 482; x_wconf 81' lang='grc' dir='ltr'>τοῦτον</span> <span class='ocrx_word' id='word_1_66' title='bbox 744 456 853 492; x_wconf 80' lang='grc' dir='ltr'><strong>Πατέρα</strong></span> <span class='ocrx_word' id='word_1_67' title='bbox 868 457 956 492; x_wconf 83' lang='grc' dir='ltr'>παρά-</span> 
     </span>
    </p>
   </div>
   <div class='ocr_carea' id='block_1_11' title="bbox 164 498 956 536">
    <p class='ocr_par' dir='ltr' id='par_1_11' title="bbox 164 498 956 536">
     <span class='ocr_line' id='line_1_11' title="bbox 164 498 956 536; baseline 0.005 -12"><span class='ocrx_word' id='word_1_68' title='bbox 164 498 259 533; x_wconf 84' lang='grc' dir='ltr'>κλησιν</span> <span class='ocrx_word' id='word_1_69' title='bbox 285 500 344 534; x_wconf 85' lang='grc'><strong>(1),</strong></span> <span class='ocrx_word' id='word_1_70' title='bbox 372 499 416 526; x_wconf 80' lang='grc' dir='ltr'>ἵνα</span> <span class='ocrx_word' id='word_1_71' title='bbox 443 499 493 535; x_wconf 83' lang='grc' dir='ltr'><strong>τὴν</strong></span> <span class='ocrx_word' id='word_1_72' title='bbox 520 499 669 536; x_wconf 84' lang='grc' dir='ltr'><strong>ἱερωσύνην</strong></span> <span class='ocrx_word' id='word_1_73' title='bbox 699 500 878 536; x_wconf 79' lang='grc' dir='ltr'><strong>καταδέξηται</strong></span> <span class='ocrx_word' id='word_1_74' title='bbox 910 502 956 528; x_wconf 75' lang='grc' dir='ltr'>καὶ</span> 
     </span>
    </p>
   </div>
   <div class='ocr_carea' id='block_1_12' title="bbox 164 546 956 582">
    <p class='ocr_par' dir='ltr' id='par_1_12' title="bbox 164 546 956 582">
     <span class='ocr_line' id='line_1_12' title="bbox 164 546 956 582; baseline 0.004 -11"><span class='ocrx_word' id='word_1_75' title='bbox 164 546 285 582; x_wconf 75' lang='grc' dir='ltr'>ποιμάνῃ</span> <span class='ocrx_word' id='word_1_76' title='bbox 300 546 339 580; x_wconf 67' lang='grc' dir='ltr'><strong>(Ξ)</strong></span> <span class='ocrx_word' id='word_1_77' title='bbox 355 546 465 578; x_wconf 75' lang='grc' dir='ltr'>αὐτούς.</span> <span class='ocrx_word' id='word_1_78' title='bbox 490 547 610 573; x_wconf 87' lang='grc' dir='ltr'>Ἔπαοον</span> <span class='ocrx_word' id='word_1_79' title='bbox 629 546 658 573; x_wconf 81' lang='grc' dir='ltr'>δὲ</span> <span class='ocrx_word' id='word_1_80' title='bbox 676 547 707 573; x_wconf 84' lang='grc' dir='ltr'>τὸ</span> <span class='ocrx_word' id='word_1_81' title='bbox 722 547 760 582; x_wconf 81' lang='grc' dir='ltr'>μὴ</span> <span class='ocrx_word' id='word_1_82' title='bbox 780 547 956 582; x_wconf 67' lang='grc' dir='ltr'>εἰσακουσθῆ-</span> 
     </span>
    </p>
   </div>
   <div class='ocr_carea' id='block_1_13' title="bbox 164 590 956 629">
    <p class='ocr_par' dir='ltr' id='par_1_13' title="bbox 164 590 956 629">
     <span class='ocr_line' id='line_1_13' title="bbox 164 590 956 629; baseline 0.005 -12"><span class='ocrx_word' id='word_1_83' title='bbox 164 600 206 618; x_wconf 87' lang='grc' dir='ltr'><strong>ναι</strong></span> <span class='ocrx_word' id='word_1_84' title='bbox 222 592 287 627; x_wconf 81' lang='grc' dir='ltr'>παρ’</span> <span class='ocrx_word' id='word_1_85' title='bbox 299 591 392 618; x_wconf 74' lang='grc' dir='ltr'>αὐτοῦ.</span> <span class='ocrx_word' id='word_1_86' title='bbox 414 593 470 618; x_wconf 77' lang='grc' dir='ltr'><strong>Καὶ</strong></span> <span class='ocrx_word' id='word_1_87' title='bbox 489 590 522 619; x_wconf 82' lang='grc' dir='ltr'>αὖ</span> <span class='ocrx_word' id='word_1_88' title='bbox 537 593 617 619; x_wconf 78' lang='grc' dir='ltr'>πάλιν</span> <span class='ocrx_word' id='word_1_89' title='bbox 634 593 714 624; x_wconf 82' lang='grc' dir='ltr'>αὐτὸς</span> <span class='ocrx_word' id='word_1_90' title='bbox 733 592 816 620; x_wconf 78' lang='grc' dir='ltr'>ἔπαθε</span> <span class='ocrx_word' id='word_1_91' title='bbox 831 594 880 629; x_wconf 78' lang='grc' dir='ltr'><strong>τὴν</strong></span> <span class='ocrx_word' id='word_1_92' title='bbox 896 593 956 629; x_wconf 85' lang='grc' dir='ltr'>βίαν</span> 
     </span>
    </p>
   </div>
   <div class='ocr_carea' id='block_1_14' title="bbox 165 638 581 674">
    <p class='ocr_par' dir='ltr' id='par_1_14' title="bbox 165 638 581 674">
     <span class='ocr_line' id='line_1_14' title="bbox 165 638 581 674; baseline 0.005 -10"><span class='ocrx_word' id='word_1_93' title='bbox 165 638 211 664; x_wconf 83' lang='grc' dir='ltr'>καὶ</span> <span class='ocrx_word' id='word_1_94' title='bbox 225 638 338 673; x_wconf 70' lang='grc' dir='ltr'>ἐποίησε</span> <span class='ocrx_word' id='word_1_95' title='bbox 354 638 404 674; x_wconf 77' lang='grc' dir='ltr'>τὴν</span> <span class='ocrx_word' id='word_1_96' title='bbox 415 638 581 666; x_wconf 79' lang='grc' dir='ltr'><strong>εὐπείθειαν.</strong></span> 
     </span>
    </p>
   </div>
   <div class='ocr_carea' id='block_1_15' title="bbox 199 770 957 808">
    <p class='ocr_par' dir='ltr' id='par_1_15' title="bbox 199 770 957 808">
     <span class='ocr_line' id='line_1_15' title="bbox 199 770 957 808; baseline 0.004 -10"><span class='ocrx_word' id='word_1_97' title='bbox 199 770 257 798; x_wconf 90' lang='lat' dir='ltr'><strong>Col.</strong></span> <span class='ocrx_word' id='word_1_98' title='bbox 268 770 320 798; x_wconf 79' lang='lat'><strong>595</strong></span> <span class='ocrx_word' id='word_1_99' title='bbox 331 771 352 799; x_wconf 86' lang='lat' dir='ltr'><strong>A</strong></span> <span class='ocrx_word' id='word_1_100' title='bbox 363 771 390 799; x_wconf 86' lang='lat'><strong>7.</strong></span> <span class='ocrx_word' id='word_1_101' title='bbox 403 772 682 807; x_wconf 80' lang='grc' dir='ltr'>Συγχωρήσωμεν...</span> <span class='ocrx_word' id='word_1_102' title='bbox 697 781 876 808; x_wconf 82' lang='grc' dir='ltr'>ταχυτητος.</span> <span class='ocrx_word' id='word_1_103' title='bbox 888 774 957 808; x_wconf 81' lang='grc' dir='ltr'>Συγ-</span> 
     </span>
    </p>
   </div>
   <div class='ocr_carea' id='block_1_16' title="bbox 165 817 956 855">
    <p class='ocr_par' dir='ltr' id='par_1_16' title="bbox 165 817 956 855">
     <span class='ocr_line' id='line_1_16' title="bbox 165 817 956 855; baseline 0.005 -13"><span class='ocrx_word' id='word_1_104' title='bbox 165 817 334 852; x_wconf 81' lang='grc' dir='ltr'>χωρήσωμεν</span> <span class='ocrx_word' id='word_1_105' title='bbox 342 817 386 844; x_wconf 84' lang='grc' dir='ltr'><strong>διὰ</strong></span> <span class='ocrx_word' id='word_1_106' title='bbox 394 817 442 853; x_wconf 88' lang='grc' dir='ltr'>τὴν</span> <span class='ocrx_word' id='word_1_107' title='bbox 451 818 609 844; x_wconf 80' lang='grc' dir='ltr'>Ἀνάστασιν</span> <span class='ocrx_word' id='word_1_108' title='bbox 624 819 692 854; x_wconf 82' lang='grc' dir='ltr'>πρὸς</span> <span class='ocrx_word' id='word_1_109' title='bbox 701 819 739 854; x_wconf 80' lang='grc'><strong>(5)</strong></span> <span class='ocrx_word' id='word_1_110' title='bbox 751 819 786 845; x_wconf 77' lang='grc' dir='ltr'><strong>τὰ</strong></span> <span class='ocrx_word' id='word_1_111' title='bbox 799 819 956 855; x_wconf 82' lang='grc' dir='ltr'>αἰτιάματα,</span> 
     </span>
    </p>
   </div>
   <div class='ocr_carea' id='block_1_17' title="bbox 164 861 956 898">
    <p class='ocr_par' dir='ltr' id='par_1_17' title="bbox 164 861 956 898">
     <span class='ocr_line' id='line_1_17' title="bbox 164 861 956 898; baseline 0.003 -11"><span class='ocrx_word' id='word_1_112' title='bbox 164 861 183 888; x_wconf 63' lang='grc' dir='ltr'>ἃ.</span> <span class='ocrx_word' id='word_1_113' title='bbox 196 861 295 896; x_wconf 71' lang='grc' dir='ltr'>ἔχομεν</span> <span class='ocrx_word' id='word_1_114' title='bbox 310 862 441 897; x_wconf 85' lang='grc' dir='ltr'><strong>ἀλλήλους</strong></span> <span class='ocrx_word' id='word_1_115' title='bbox 456 862 605 894; x_wconf 80' lang='grc' dir='ltr'>αἰτιᾶσθαι,</span> <span class='ocrx_word' id='word_1_116' title='bbox 622 862 711 898; x_wconf 87' lang='grc' dir='ltr'><strong>δῶμεν</strong></span> <span class='ocrx_word' id='word_1_117' title='bbox 727 862 892 898; x_wconf 79' lang='grc' dir='ltr'>συγγνώμην</span> <span class='ocrx_word' id='word_1_118' title='bbox 908 863 956 889; x_wconf 82' lang='grc' dir='ltr'><strong>ἀλ-</strong></span> 
     </span>
    </p>
   </div>
   <div class='ocr_carea' id='block_1_18' title="bbox 1006 270 1793 306">
    <p class='ocr_par' dir='ltr' id='par_1_18' title="bbox 1006 270 1793 306">
     <span class='ocr_line' id='line_1_18' title="bbox 1006 270 1793 306; baseline 0 -8"><span class='ocrx_word' id='word_1_119' title='bbox 1006 271 1072 298; x_wconf 83' lang='lat' dir='ltr'><strong>Nam</strong></span> <span class='ocrx_word' id='word_1_120' title='bbox 1093 272 1219 300; x_wconf 78' lang='lat' dir='ltr'><strong>hostibus</strong></span> <span class='ocrx_word' id='word_1_121' title='bbox 1234 279 1344 306; x_wconf 88' lang='lat' dir='ltr'><strong>quoque</strong></span> <span class='ocrx_word' id='word_1_122' title='bbox 1358 271 1503 298; x_wconf 88' lang='lat' dir='ltr'><strong>dicendum</strong></span> <span class='ocrx_word' id='word_1_123' title='bbox 1518 275 1560 299; x_wconf 88' lang='lat' dir='ltr'><strong>est</strong></span> <span class='ocrx_word' id='word_1_124' title='bbox 1573 281 1580 299; x_wconf 85' lang='lat'><strong>:</strong></span> <span class='ocrx_word' id='word_1_125' title='bbox 1595 270 1618 299; x_wconf 93' lang='lat'><strong>0</strong></span> <span class='ocrx_word' id='word_1_126' title='bbox 1633 271 1742 305; x_wconf 78' lang='lat' dir='ltr'><strong>fratres,</strong></span> <span class='ocrx_word' id='word_1_127' title='bbox 1766 275 1793 299; x_wconf 86' lang='lat' dir='ltr'><strong>et</strong></span> 
     </span>
    </p>
   </div>
   <div class='ocr_carea' id='block_1_19' title="bbox 1007 316 1792 353">
    <p class='ocr_par' dir='ltr' id='par_1_19' title="bbox 1007 316 1792 353">
     <span class='ocr_line' id='line_1_19' title="bbox 1007 316 1792 353; baseline 0.003 -10"><span class='ocrx_word' id='word_1_128' title='bbox 1007 325 1060 344; x_wconf 90' lang='lat' dir='ltr'><strong>non</strong></span> <span class='ocrx_word' id='word_1_129' title='bbox 1086 317 1128 344; x_wconf 85' lang='lat' dir='ltr'><strong>his</strong></span> <span class='ocrx_word' id='word_1_130' title='bbox 1159 321 1276 346; x_wconf 86' lang='lat' dir='ltr'><strong>tantum.</strong></span> <span class='ocrx_word' id='word_1_131' title='bbox 1299 316 1345 352; x_wconf 86' lang='lat' dir='ltr'><strong>qui</strong></span> <span class='ocrx_word' id='word_1_132' title='bbox 1368 321 1479 352; x_wconf 76' lang='lat' dir='ltr'><strong>propter</strong></span> <span class='ocrx_word' id='word_1_133' title='bbox 1502 317 1661 344; x_wconf 88' lang='lat' dir='ltr'><strong>charitatem</strong></span> <span class='ocrx_word' id='word_1_134' title='bbox 1690 318 1792 353; x_wconf 86' lang='lat' dir='ltr'><strong>aliquid</strong></span> 
     </span>
    </p>
   </div>
   <div class='ocr_carea' id='block_1_20' title="bbox 1007 362 1795 398">
    <p class='ocr_par' dir='ltr' id='par_1_20' title="bbox 1007 362 1795 398">
     <span class='ocr_line' id='line_1_20' title="bbox 1007 362 1795 398; baseline 0.001 -8"><span class='ocrx_word' id='word_1_135' title='bbox 1007 364 1129 390; x_wconf 80' lang='lat' dir='ltr'><strong>fecerunt</strong></span> <span class='ocrx_word' id='word_1_136' title='bbox 1140 367 1186 390; x_wconf 89' lang='lat' dir='ltr'><strong>aut</strong></span> <span class='ocrx_word' id='word_1_137' title='bbox 1195 363 1267 398; x_wconf 81' lang='lat' dir='ltr'><strong>passi</strong></span> <span class='ocrx_word' id='word_1_138' title='bbox 1280 367 1354 393; x_wconf 86' lang='lat' dir='ltr'><strong>sunt.</strong></span> <span class='ocrx_word' id='word_1_139' title='bbox 1369 362 1599 398; x_wconf 79' lang='lat' dir='ltr'><strong>quemadmodum</strong></span> <span class='ocrx_word' id='word_1_140' title='bbox 1613 362 1795 392; x_wconf 84' lang='lat' dir='ltr'><strong>Nazianzenis</strong></span> 
     </span>
    </p>
   </div>
   <div class='ocr_carea' id='block_1_21' title="bbox 1007 408 1795 444">
    <p class='ocr_par' dir='ltr' id='par_1_21' title="bbox 1007 408 1795 444">
     <span class='ocr_line' id='line_1_21' title="bbox 1007 408 1795 444; baseline 0.001 -9"><span class='ocrx_word' id='word_1_141' title='bbox 1007 410 1170 443; x_wconf 70' lang='lat' dir='ltr'><strong>contigerat,</strong></span> <span class='ocrx_word' id='word_1_142' title='bbox 1186 408 1233 443; x_wconf 90' lang='lat' dir='ltr'><strong>qui</strong></span> <span class='ocrx_word' id='word_1_143' title='bbox 1249 412 1360 444; x_wconf 80' lang='lat' dir='ltr'><strong>propter</strong></span> <span class='ocrx_word' id='word_1_144' title='bbox 1373 408 1535 435; x_wconf 76' lang='lat' dir='ltr'><strong>rharitatem</strong></span> <span class='ocrx_word' id='word_1_145' title='bbox 1552 409 1656 443; x_wconf 82' lang='lat' dir='ltr'><strong>aliquid</strong></span> <span class='ocrx_word' id='word_1_146' title='bbox 1674 409 1795 437; x_wconf 86' lang='lat' dir='ltr'><strong>fecerant</strong></span> 
     </span>
    </p>
   </div>
   <div class='ocr_carea' id='block_1_22' title="bbox 1007 453 1795 489">
    <p class='ocr_par' dir='ltr' id='par_1_22' title="bbox 1007 453 1795 489">
     <span class='ocr_line' id='line_1_22' title="bbox 1007 453 1795 489; baseline 0 -8"><span class='ocrx_word' id='word_1_147' title='bbox 1007 458 1033 481; x_wconf 85' lang='lat' dir='ltr'><strong>ct</strong></span> <span class='ocrx_word' id='word_1_148' title='bbox 1048 454 1123 489; x_wconf 79' lang='lat' dir='ltr'><strong>passi</strong></span> <span class='ocrx_word' id='word_1_149' title='bbox 1143 453 1253 481; x_wconf 76' lang='lat' dir='ltr'><strong>fuerant</strong></span> <span class='ocrx_word' id='word_1_150' title='bbox 1269 463 1276 481; x_wconf 72' lang='grc' dir='ltr'><strong>ε</strong></span> <span class='ocrx_word' id='word_1_151' title='bbox 1299 454 1421 481; x_wconf 85' lang='lat' dir='ltr'><strong>fecerant</strong></span> <span class='ocrx_word' id='word_1_152' title='bbox 1432 454 1515 486; x_wconf 89' lang='lat' dir='ltr'><strong>enim,</strong></span> <span class='ocrx_word' id='word_1_153' title='bbox 1529 458 1666 489; x_wconf 75' lang='lat' dir='ltr'><strong>quatenus</strong></span> <span class='ocrx_word' id='word_1_154' title='bbox 1676 453 1795 482; x_wconf 88' lang='lat' dir='ltr'><strong>Theolo-</strong></span> 
     </span>
    </p>
   </div>
   <div class='ocr_carea' id='block_1_23' title="bbox 1007 500 1795 535">
    <p class='ocr_par' dir='ltr' id='par_1_23' title="bbox 1007 500 1795 535">
     <span class='ocr_line' id='line_1_23' title="bbox 1007 500 1795 535; baseline 0 -8"><span class='ocrx_word' id='word_1_155' title='bbox 1007 509 1069 535; x_wconf 76' lang='lat' dir='ltr'><strong>gum</strong></span> <span class='ocrx_word' id='word_1_156' title='bbox 1094 500 1194 527; x_wconf 83' lang='lat' dir='ltr'><strong>hortati</strong></span> <span class='ocrx_word' id='word_1_157' title='bbox 1213 500 1329 531; x_wconf 82' lang='lat' dir='ltr'><strong>fuerant,</strong></span> <span class='ocrx_word' id='word_1_158' title='bbox 1354 500 1397 527; x_wconf 88' lang='lat' dir='ltr'><strong>vel</strong></span> <span class='ocrx_word' id='word_1_159' title='bbox 1428 501 1519 534; x_wconf 85' lang='lat' dir='ltr'><strong>potius</strong></span> <span class='ocrx_word' id='word_1_160' title='bbox 1540 500 1740 534; x_wconf 78' lang='lat' dir='ltr'><strong>compulerunt.</strong></span> <span class='ocrx_word' id='word_1_161' title='bbox 1766 506 1795 527; x_wconf 86' lang='lat' dir='ltr'><strong>ut</strong></span> 
     </span>
    </p>
   </div>
   <div class='ocr_carea' id='block_1_24' title="bbox 1007 545 1799 580">
    <p class='ocr_par' dir='ltr' id='par_1_24' title="bbox 1007 545 1799 580">
     <span class='ocr_line' id='line_1_24' title="bbox 1007 545 1799 580; baseline 0 -7"><span class='ocrx_word' id='word_1_162' title='bbox 1007 546 1191 573; x_wconf 79' lang='lat' dir='ltr'><strong>sacerdotium</strong></span> <span class='ocrx_word' id='word_1_163' title='bbox 1210 545 1373 580; x_wconf 82' lang='lat' dir='ltr'><strong>susciperet,</strong></span> <span class='ocrx_word' id='word_1_164' title='bbox 1404 545 1533 580; x_wconf 89' lang='lat' dir='ltr'><strong>ipsosque</strong></span> <span class='ocrx_word' id='word_1_165' title='bbox 1563 548 1696 580; x_wconf 86' lang='lat' dir='ltr'><strong>pasceret.</strong></span> <span class='ocrx_word' id='word_1_166' title='bbox 1716 545 1799 573; x_wconf 81' lang='lat' dir='ltr'><strong>Passi.</strong></span> 
     </span>
    </p>
   </div>
   <div class='ocr_carea' id='block_1_25' title="bbox 1007 590 1794 626">
    <p class='ocr_par' dir='ltr' id='par_1_25' title="bbox 1007 590 1794 626">
     <span class='ocr_line' id='line_1_25' title="bbox 1007 590 1794 626; baseline 0 -8"><span class='ocrx_word' id='word_1_167' title='bbox 1007 595 1097 618; x_wconf 92' lang='lat' dir='ltr'><strong>autem</strong></span> <span class='ocrx_word' id='word_1_168' title='bbox 1113 591 1232 621; x_wconf 83' lang='lat' dir='ltr'><strong>fuerant,</strong></span> <span class='ocrx_word' id='word_1_169' title='bbox 1246 595 1382 626; x_wconf 76' lang='lat' dir='ltr'><strong>quatenus</strong></span> <span class='ocrx_word' id='word_1_170' title='bbox 1400 590 1428 617; x_wconf 93' lang='lat' dir='ltr'><strong>id</strong></span> <span class='ocrx_word' id='word_1_171' title='bbox 1444 590 1479 618; x_wconf 87' lang='lat' dir='ltr'><strong>ab</strong></span> <span class='ocrx_word' id='word_1_172' title='bbox 1497 598 1531 618; x_wconf 83' lang='lat' dir='ltr'><strong>eo</strong></span> <span class='ocrx_word' id='word_1_173' title='bbox 1556 598 1727 626; x_wconf 78' lang='lat' dir='ltr'><strong>nequaquam</strong></span> <span class='ocrx_word' id='word_1_174' title='bbox 1742 592 1794 618; x_wconf 88' lang='lat' dir='ltr'><strong>im-</strong></span> 
     </span>
    </p>
   </div>
   <div class='ocr_carea' id='block_1_26' title="bbox 1007 636 1794 672">
    <p class='ocr_par' dir='ltr' id='par_1_26' title="bbox 1007 636 1794 672">
     <span class='ocr_line' id='line_1_26' title="bbox 1007 636 1794 672; baseline -0.001 -8"><span class='ocrx_word' id='word_1_175' title='bbox 1007 641 1192 672; x_wconf 82' lang='lat' dir='ltr'><strong>petraverant.</strong></span> <span class='ocrx_word' id='word_1_176' title='bbox 1209 636 1317 664; x_wconf 73' lang='lat' dir='ltr'><strong>Rursus</strong></span> <span class='ocrx_word' id='word_1_177' title='bbox 1333 636 1392 671; x_wconf 89' lang='lat' dir='ltr'><strong>ipse</strong></span> <span class='ocrx_word' id='word_1_178' title='bbox 1414 641 1441 663; x_wconf 86' lang='lat' dir='ltr'><strong>et</strong></span> <span class='ocrx_word' id='word_1_179' title='bbox 1464 636 1519 663; x_wconf 86' lang='lat' dir='ltr'><strong>vim</strong></span> <span class='ocrx_word' id='word_1_180' title='bbox 1547 644 1647 671; x_wconf 89' lang='lat' dir='ltr'><strong>passus</strong></span> <span class='ocrx_word' id='word_1_181' title='bbox 1673 640 1743 669; x_wconf 82' lang='lat' dir='ltr'><strong>erat,</strong></span> <span class='ocrx_word' id='word_1_182' title='bbox 1768 642 1794 664; x_wconf 90' lang='lat' dir='ltr'><strong>ct</strong></span> 
     </span>
    </p>
   </div>
   <div class='ocr_carea' id='block_1_27' title="bbox 1007 682 1796 718">
    <p class='ocr_par' dir='ltr' id='par_1_27' title="bbox 1007 682 1796 718">
     <span class='ocr_line' id='line_1_27' title="bbox 1007 682 1796 718; baseline -0.001 -7"><span class='ocrx_word' id='word_1_183' title='bbox 1007 691 1105 711; x_wconf 85' lang='lat' dir='ltr'><strong>rursus</strong></span> <span class='ocrx_word' id='word_1_184' title='bbox 1121 683 1261 714; x_wconf 83' lang='lat' dir='ltr'><strong>intulerat,</strong></span> <span class='ocrx_word' id='word_1_185' title='bbox 1281 683 1353 718; x_wconf 88' lang='lat' dir='ltr'><strong>quod</strong></span> <span class='ocrx_word' id='word_1_186' title='bbox 1371 689 1475 710; x_wconf 89' lang='lat' dir='ltr'><strong>morem</strong></span> <span class='ocrx_word' id='word_1_187' title='bbox 1499 682 1567 718; x_wconf 89' lang='lat' dir='ltr'><strong>ipsis</strong></span> <span class='ocrx_word' id='word_1_188' title='bbox 1584 691 1681 718; x_wconf 76' lang='lat' dir='ltr'><strong>gerere</strong></span> <span class='ocrx_word' id='word_1_189' title='bbox 1707 682 1796 710; x_wconf 89' lang='lat' dir='ltr'><strong>detre-</strong></span> 
     </span>
    </p>
   </div>
   <div class='ocr_carea' id='block_1_28' title="bbox 1007 733 1118 757">
    <p class='ocr_par' dir='ltr' id='par_1_28' title="bbox 1007 733 1118 757">
     <span class='ocr_line' id='line_1_28' title="bbox 1007 733 1118 757; baseline -0.009 0"><span class='ocrx_word' id='word_1_190' title='bbox 1007 733 1118 757; x_wconf 79' lang='lat' dir='ltr'><strong>ctasset.</strong></span> 
     </span>
    </p>
   </div>
   <div class='ocr_carea' id='block_1_29' title="bbox 1042 773 1794 808">
    <p class='ocr_par' dir='ltr' id='par_1_29' title="bbox 1042 773 1794 808">
     <span class='ocr_line' id='line_1_29' title="bbox 1042 773 1794 808; baseline 0 -6"><span class='ocrx_word' id='word_1_191' title='bbox 1042 774 1216 802; x_wconf 76' lang='lat' dir='ltr'><strong>Remitlamus</strong></span> <span class='ocrx_word' id='word_1_192' title='bbox 1240 774 1276 802; x_wconf 91' lang='lat' dir='ltr'><strong>ob</strong></span> <span class='ocrx_word' id='word_1_193' title='bbox 1309 773 1536 802; x_wconf 87' lang='lat' dir='ltr'><strong>resurrectionem</strong></span> <span class='ocrx_word' id='word_1_194' title='bbox 1564 782 1662 802; x_wconf 88' lang='lat' dir='ltr'><strong>omnes</strong></span> <span class='ocrx_word' id='word_1_195' title='bbox 1689 774 1794 808; x_wconf 80' lang='lat' dir='ltr'><strong>culpas,</strong></span> 
     </span>
    </p>
   </div>
   <div class='ocr_carea' id='block_1_30' title="bbox 1007 819 1796 855">
    <p class='ocr_par' dir='ltr' id='par_1_30' title="bbox 1007 819 1796 855">
     <span class='ocr_line' id='line_1_30' title="bbox 1007 819 1796 855; baseline 0.001 -8"><span class='ocrx_word' id='word_1_196' title='bbox 1007 828 1076 855; x_wconf 86' lang='lat' dir='ltr'><strong>quas</strong></span> <span class='ocrx_word' id='word_1_197' title='bbox 1088 821 1217 855; x_wconf 90' lang='lat' dir='ltr'><strong>utrinque</strong></span> <span class='ocrx_word' id='word_1_198' title='bbox 1232 819 1352 854; x_wconf 86' lang='lat' dir='ltr'><strong>objicere</strong></span> <span class='ocrx_word' id='word_1_199' title='bbox 1367 827 1526 855; x_wconf 81' lang='lat' dir='ltr'><strong>possumus.</strong></span> <span class='ocrx_word' id='word_1_200' title='bbox 1543 819 1656 848; x_wconf 87' lang='lat' dir='ltr'><strong>Veniam</strong></span> <span class='ocrx_word' id='word_1_201' title='bbox 1675 821 1720 848; x_wconf 86' lang='lat' dir='ltr'><strong>alii</strong></span> <span class='ocrx_word' id='word_1_202' title='bbox 1733 822 1796 848; x_wconf 78' lang='lat' dir='ltr'><strong>aliis</strong></span> 
     </span>
    </p>
   </div>
   <div class='ocr_carea' id='block_1_31' title="bbox 1008 865 1794 901">
    <p class='ocr_par' dir='ltr' id='par_1_31' title="bbox 1008 865 1794 901">
     <span class='ocr_line' id='line_1_31' title="bbox 1008 865 1794 901; baseline -0.003 -7"><span class='ocrx_word' id='word_1_203' title='bbox 1008 867 1114 898; x_wconf 86' lang='lat' dir='ltr'><strong>demus.</strong></span> <span class='ocrx_word' id='word_1_204' title='bbox 1130 866 1207 894; x_wconf 83' lang='lat' dir='ltr'><strong>vobis</strong></span> <span class='ocrx_word' id='word_1_205' title='bbox 1224 866 1333 901; x_wconf 86' lang='lat' dir='ltr'><strong>quidem</strong></span> <span class='ocrx_word' id='word_1_206' title='bbox 1349 873 1409 901; x_wconf 81' lang='lat' dir='ltr'><strong>ego,</strong></span> <span class='ocrx_word' id='word_1_207' title='bbox 1427 866 1472 901; x_wconf 90' lang='lat' dir='ltr'><strong>qui</strong></span> <span class='ocrx_word' id='word_1_208' title='bbox 1501 873 1516 893; x_wconf 90' lang='lat' dir='ltr'><strong>a</strong></span> <span class='ocrx_word' id='word_1_209' title='bbox 1547 865 1626 894; x_wconf 82' lang='lat' dir='ltr'><strong>vobis</strong></span> <span class='ocrx_word' id='word_1_210' title='bbox 1647 870 1751 893; x_wconf 80' lang='lat' dir='ltr'><strong>rectam</strong></span> <span class='ocrx_word' id='word_1_211' title='bbox 1767 870 1794 894; x_wconf 91' lang='lat' dir='ltr'><strong>et</strong></span> 
     </span>
    </p>
   </div>
   <div class='ocr_carea' id='block_1_32' title="bbox 166 903 961 946">
    <p class='ocr_par' dir='ltr' id='par_1_32' title="bbox 166 904 958 943">
     <span class='ocr_line' id='line_1_32' title="bbox 166 904 958 943; baseline 0.005 -13"><span class='ocrx_word' id='word_1_212' title='bbox 166 904 266 940; x_wconf 85' lang='grc' dir='ltr'>λήλοις,</span> <span class='ocrx_word' id='word_1_213' title='bbox 282 905 347 940; x_wconf 77' lang='grc' dir='ltr'>ὑμῖν</span> <span class='ocrx_word' id='word_1_214' title='bbox 364 905 414 940; x_wconf 78' lang='grc' dir='ltr'>μὲν</span> <span class='ocrx_word' id='word_1_215' title='bbox 433 905 504 940; x_wconf 74' lang='grc' dir='ltr'>ἐγὼ,</span> <span class='ocrx_word' id='word_1_216' title='bbox 525 907 539 932; x_wconf 84' lang='grc' dir='ltr'><strong><em>ὸ</em></strong></span> <span class='ocrx_word' id='word_1_217' title='bbox 555 907 620 941; x_wconf 75' lang='grc' dir='ltr'>παρ’</span> <span class='ocrx_word' id='word_1_218' title='bbox 635 907 711 941; x_wconf 84' lang='grc' dir='ltr'>ὑμῶν</span> <span class='ocrx_word' id='word_1_219' title='bbox 729 907 766 941; x_wconf 75' lang='grc' dir='ltr'><strong>(ι)</strong></span> <span class='ocrx_word' id='word_1_220' title='bbox 781 907 958 943; x_wconf 55' lang='grc' dir='ltr'>τυραννηθεὶάς</span> 
     </span>
    </p>
   </div>
   <div class='ocr_carea' id='block_1_33' title="bbox 1011 903 1797 946">
    <p class='ocr_par' dir='ltr' id='par_1_33' title="bbox 1011 911 1797 946">
     <span class='ocr_line' id='line_1_33' title="bbox 1011 911 1797 946; baseline 0 -7"><span class='ocrx_word' id='word_1_221' title='bbox 1011 911 1172 939; x_wconf 86' lang='lat' dir='ltr'><strong>laudabilem</strong></span> <span class='ocrx_word' id='word_1_222' title='bbox 1186 911 1241 938; x_wconf 87' lang='lat' dir='ltr'><strong>vim</strong></span> <span class='ocrx_word' id='word_1_223' title='bbox 1256 918 1405 946; x_wconf 86' lang='lat' dir='ltr'><strong>perpessus</strong></span> <span class='ocrx_word' id='word_1_224' title='bbox 1419 919 1491 939; x_wconf 90' lang='lat' dir='ltr'><strong>sum.</strong></span> <span class='ocrx_word' id='word_1_225' title='bbox 1516 911 1577 939; x_wconf 79' lang='lat' dir='ltr'><strong>Jam</strong></span> <span class='ocrx_word' id='word_1_226' title='bbox 1592 913 1664 939; x_wconf 85' lang='lat' dir='ltr'><strong>enim</strong></span> <span class='ocrx_word' id='word_1_227' title='bbox 1682 912 1733 939; x_wconf 91' lang='lat' dir='ltr'><strong>hoc</strong></span> <span class='ocrx_word' id='word_1_228' title='bbox 1749 912 1797 939; x_wconf 86' lang='lat' dir='ltr'><strong>ad-</strong></span> 
     </span>
    </p>
   </div>
   <div class='ocr_carea' id='block_1_34' title="bbox 165 950 957 988">
    <p class='ocr_par' dir='ltr' id='par_1_34' title="bbox 165 950 957 988">
     <span class='ocr_line' id='line_1_34' title="bbox 165 950 957 988; baseline 0.004 -12"><span class='ocrx_word' id='word_1_229' title='bbox 165 950 212 985; x_wconf 78' lang='grc' dir='ltr'>ιιὴν</span> <span class='ocrx_word' id='word_1_230' title='bbox 225 951 312 986; x_wconf 82' lang='grc' dir='ltr'>καλὴν</span> <span class='ocrx_word' id='word_1_231' title='bbox 321 951 474 986; x_wconf 78' lang='grc' dir='ltr'>τυραννίδα.</span> <span class='ocrx_word' id='word_1_232' title='bbox 490 951 575 978; x_wconf 84' lang='grc' dir='ltr'>Τοῦτο</span> <span class='ocrx_word' id='word_1_233' title='bbox 589 952 643 988; x_wconf 79' lang='grc' dir='ltr'><strong>γὰρ</strong></span> <span class='ocrx_word' id='word_1_234' title='bbox 659 952 708 979; x_wconf 76' lang='grc' dir='ltr'>νῦν</span> <span class='ocrx_word' id='word_1_235' title='bbox 724 953 891 988; x_wconf 79' lang='grc' dir='ltr'>προστίθημι</span> <span class='ocrx_word' id='word_1_236' title='bbox 906 953 957 988; x_wconf 79' lang='grc' dir='ltr'><strong>(ὅ),</strong></span> 
     </span>
    </p>
   </div>
   <div class='ocr_carea' id='block_1_35' title="bbox 166 997 958 1035">
    <p class='ocr_par' dir='ltr' id='par_1_35' title="bbox 166 997 958 1035">
     <span class='ocr_line' id='line_1_35' title="bbox 166 997 958 1035; baseline 0.004 -12"><span class='ocrx_word' id='word_1_237' title='bbox 166 997 206 1023; x_wconf 87' lang='grc' dir='ltr'><strong>δτι</strong></span> <span class='ocrx_word' id='word_1_238' title='bbox 221 998 291 1032; x_wconf 82' lang='grc' dir='ltr'>καλή</span> <span class='ocrx_word' id='word_1_239' title='bbox 313 999 387 1024; x_wconf 78' lang='grc' dir='ltr'>ἐστιν</span> <span class='ocrx_word' id='word_1_240' title='bbox 402 997 471 1034; x_wconf 77' lang='grc' dir='ltr'>αὕτη</span> <span class='ocrx_word' id='word_1_241' title='bbox 486 998 504 1034; x_wconf 79' lang='grc' dir='ltr'><strong>ἡ</strong></span> <span class='ocrx_word' id='word_1_242' title='bbox 520 999 661 1034; x_wconf 84' lang='grc' dir='ltr'>τυραννίς·</span> <span class='ocrx_word' id='word_1_243' title='bbox 679 999 740 1025; x_wconf 75' lang='grc' dir='ltr'>ἐπεὶ</span> <span class='ocrx_word' id='word_1_244' title='bbox 759 999 890 1035; x_wconf 88' lang='grc' dir='ltr'>πρότερον</span> <span class='ocrx_word' id='word_1_245' title='bbox 907 999 958 1026; x_wconf 79' lang='grc' dir='ltr'>οὐκ</span> 
     </span>
    </p>
   </div>
   <div class='ocr_carea' id='block_1_36' title="bbox 167 1042 958 1080">
    <p class='ocr_par' dir='ltr' id='par_1_36' title="bbox 167 1042 958 1080">
     <span class='ocr_line' id='line_1_36' title="bbox 167 1042 958 1080; baseline 0.004 -12"><span class='ocrx_word' id='word_1_246' title='bbox 167 1042 253 1068; x_wconf 62' lang='grc' dir='ltr'>ιδόγει</span> <span class='ocrx_word' id='word_1_247' title='bbox 276 1051 321 1078; x_wconf 90' lang='grc' dir='ltr'><strong>μοι</strong></span> <span class='ocrx_word' id='word_1_248' title='bbox 343 1043 424 1079; x_wconf 84' lang='grc' dir='ltr'>καλὴ,</span> <span class='ocrx_word' id='word_1_249' title='bbox 441 1043 510 1070; x_wconf 84' lang='grc' dir='ltr'><strong>ἀλλά</strong></span> <span class='ocrx_word' id='word_1_250' title='bbox 530 1043 615 1078; x_wconf 83' lang='grc' dir='ltr'>βιαία,</span> <span class='ocrx_word' id='word_1_251' title='bbox 632 1043 700 1071; x_wconf 84' lang='grc' dir='ltr'>ἀλλὰ</span> <span class='ocrx_word' id='word_1_252' title='bbox 715 1043 883 1080; x_wconf 84' lang='grc' dir='ltr'>ἀσύμφορος.</span> <span class='ocrx_word' id='word_1_253' title='bbox 899 1044 958 1071; x_wconf 85' lang='grc' dir='ltr'><strong>Κα-</strong></span> 
     </span>
    </p>
   </div>
   <div class='ocr_carea' id='block_1_37' title="bbox 167 1088 959 1125">
    <p class='ocr_par' dir='ltr' id='par_1_37' title="bbox 167 1088 959 1125">
     <span class='ocr_line' id='line_1_37' title="bbox 167 1088 959 1125; baseline 0.004 -11"><span class='ocrx_word' id='word_1_254' title='bbox 167 1089 214 1124; x_wconf 82' lang='grc' dir='ltr'><strong>λὴν</strong></span> <span class='ocrx_word' id='word_1_255' title='bbox 228 1089 256 1115; x_wconf 82' lang='grc' dir='ltr'>δὲ</span> <span class='ocrx_word' id='word_1_256' title='bbox 280 1088 365 1125; x_wconf 75' lang='grc' dir='ltr'>αὐτὴν</span> <span class='ocrx_word' id='word_1_257' title='bbox 383 1089 430 1115; x_wconf 84' lang='grc' dir='ltr'>νῦν</span> <span class='ocrx_word' id='word_1_258' title='bbox 453 1089 535 1123; x_wconf 85' lang='grc' dir='ltr'><strong>λέγω⁹</strong></span> <span class='ocrx_word' id='word_1_259' title='bbox 558 1089 596 1121; x_wconf 83' lang='grc' dir='ltr'><strong>ὡς</strong></span> <span class='ocrx_word' id='word_1_260' title='bbox 617 1089 671 1116; x_wconf 82' lang='grc' dir='ltr'>ἀπὸ</span> <span class='ocrx_word' id='word_1_261' title='bbox 690 1090 835 1122; x_wconf 80' lang='grc' dir='ltr'><strong>διαθέσεως</strong></span> <span class='ocrx_word' id='word_1_262' title='bbox 854 1089 959 1125; x_wconf 79' lang='grc' dir='ltr'><strong>ἀγαθῆς</strong></span> 
     </span>
    </p>
   </div>
   <div class='ocr_carea' id='block_1_38' title="bbox 167 1135 958 1172">
    <p class='ocr_par' dir='ltr' id='par_1_38' title="bbox 167 1135 958 1172">
     <span class='ocr_line' id='line_1_38' title="bbox 167 1135 958 1172; baseline 0.001 -11"><span class='ocrx_word' id='word_1_263' title='bbox 167 1136 363 1171; x_wconf 78' lang='grc' dir='ltr'>γεγενημένην.</span> <span class='ocrx_word' id='word_1_264' title='bbox 381 1136 475 1172; x_wconf 85' lang='grc' dir='ltr'>Ὑμεῖς</span> <span class='ocrx_word' id='word_1_265' title='bbox 490 1136 519 1163; x_wconf 80' lang='grc' dir='ltr'>δὲ</span> <span class='ocrx_word' id='word_1_266' title='bbox 533 1136 615 1164; x_wconf 83' lang='grc' dir='ltr'>πάλιν</span> <span class='ocrx_word' id='word_1_267' title='bbox 629 1137 689 1163; x_wconf 72' lang='grc' dir='ltr'>δάιε</span> <span class='ocrx_word' id='word_1_268' title='bbox 704 1135 870 1172; x_wconf 84' lang='grc' dir='ltr'>συγγνώμην</span> <span class='ocrx_word' id='word_1_269' title='bbox 884 1136 958 1171; x_wconf 69' lang='grc' dir='ltr'>ἐμοὶ,</span> 
     </span>
    </p>
   </div>
   <div class='ocr_carea' id='block_1_39' title="bbox 169 1182 960 1219">
    <p class='ocr_par' dir='ltr' id='par_1_39' title="bbox 169 1182 960 1219">
     <span class='ocr_line' id='line_1_39' title="bbox 169 1182 960 1219; baseline 0.001 -11"><span class='ocrx_word' id='word_1_270' title='bbox 169 1182 195 1208; x_wconf 72' lang='lat' dir='ltr'><strong>cf</strong></span> <span class='ocrx_word' id='word_1_271' title='bbox 207 1182 232 1208; x_wconf 88' lang='grc' dir='ltr'><strong>τί</strong></span> <span class='ocrx_word' id='word_1_272' title='bbox 247 1191 293 1218; x_wconf 88' lang='grc' dir='ltr'><strong>μοι</strong></span> <span class='ocrx_word' id='word_1_273' title='bbox 308 1182 458 1218; x_wconf 77' lang='grc' dir='ltr'>μέμφοισθε</span> <span class='ocrx_word' id='word_1_274' title='bbox 471 1183 521 1218; x_wconf 85' lang='grc' dir='ltr'>τῆς</span> <span class='ocrx_word' id='word_1_275' title='bbox 533 1183 707 1219; x_wconf 73' lang='grc' dir='ltr'><strong>βραδυτῆτος,</strong></span> <span class='ocrx_word' id='word_1_276' title='bbox 723 1184 771 1210; x_wconf 78' lang='grc' dir='ltr'>καὶ</span> <span class='ocrx_word' id='word_1_277' title='bbox 788 1183 829 1210; x_wconf 83' lang='grc' dir='ltr'>ὅτι</span> <span class='ocrx_word' id='word_1_278' title='bbox 845 1183 896 1209; x_wconf 87' lang='grc' dir='ltr'>οὐκ</span> <span class='ocrx_word' id='word_1_279' title='bbox 911 1183 960 1209; x_wconf 86' lang='grc' dir='ltr'><strong>αὺ-</strong></span> 
     </span>
    </p>
   </div>
   <div class='ocr_carea' id='block_1_40' title="bbox 169 1227 960 1264">
    <p class='ocr_par' dir='ltr' id='par_1_40' title="bbox 169 1227 960 1264">
     <span class='ocr_line' id='line_1_40' title="bbox 169 1227 960 1264; baseline 0.001 -10"><span class='ocrx_word' id='word_1_280' title='bbox 169 1228 231 1254; x_wconf 79' lang='grc' dir='ltr'>τίκα</span> <span class='ocrx_word' id='word_1_281' title='bbox 254 1228 407 1263; x_wconf 80' lang='grc' dir='ltr'>ἐπέδραμον</span> <span class='ocrx_word' id='word_1_282' title='bbox 432 1228 606 1264; x_wconf 83' lang='grc' dir='ltr'>καλούμενος.</span> <span class='ocrx_word' id='word_1_283' title='bbox 634 1229 781 1262; x_wconf 78' lang='grc' dir='ltr'>Καίτοιγε,</span> <span class='ocrx_word' id='word_1_284' title='bbox 803 1229 827 1255; x_wconf 78' lang='grc' dir='ltr'><strong>εί</strong></span> <span class='ocrx_word' id='word_1_285' title='bbox 849 1229 895 1255; x_wconf 79' lang='grc' dir='ltr'>καὶ</span> <span class='ocrx_word' id='word_1_286' title='bbox 922 1227 960 1264; x_wconf 83' lang='grc' dir='ltr'>μὴ</span> 
     </span>
    </p>
   </div>
   <div class='ocr_carea' id='block_1_41' title="bbox 170 1273 959 1310">
    <p class='ocr_par' dir='ltr' id='par_1_41' title="bbox 170 1273 959 1310">
     <span class='ocr_line' id='line_1_41' title="bbox 170 1273 959 1310; baseline 0 -10"><span class='ocrx_word' id='word_1_287' title='bbox 170 1274 233 1309; x_wconf 76' lang='grc' dir='ltr'>παρ’</span> <span class='ocrx_word' id='word_1_288' title='bbox 251 1274 326 1309; x_wconf 83' lang='grc' dir='ltr'>ὑμῖν,</span> <span class='ocrx_word' id='word_1_289' title='bbox 347 1273 415 1300; x_wconf 81' lang='grc' dir='ltr'>ἀλλὰ</span> <span class='ocrx_word' id='word_1_290' title='bbox 431 1273 470 1309; x_wconf 85' lang='grc' dir='ltr'>τῷ</span> <span class='ocrx_word' id='word_1_291' title='bbox 482 1273 541 1310; x_wconf 87' lang='grc' dir='ltr'><strong>Θεῷ</strong></span> <span class='ocrx_word' id='word_1_292' title='bbox 554 1273 592 1310; x_wconf 76' lang='lat'><strong>(6)</strong></span> <span class='ocrx_word' id='word_1_293' title='bbox 612 1275 743 1310; x_wconf 79' lang='grc' dir='ltr'><strong>κρείττων</strong></span> <span class='ocrx_word' id='word_1_294' title='bbox 764 1275 836 1301; x_wconf 79' lang='grc' dir='ltr'>ἐστὶν</span> <span class='ocrx_word' id='word_1_295' title='bbox 850 1275 867 1310; x_wconf 80' lang='grc' dir='ltr'><strong>ἡ</strong></span> <span class='ocrx_word' id='word_1_296' title='bbox 884 1274 959 1301; x_wconf 89' lang='grc' dir='ltr'>λελο-</span> 
     </span>
    </p>
   </div>
   <div class='ocr_carea' id='block_1_42' title="bbox 170 1318 961 1357">
    <p class='ocr_par' dir='ltr' id='par_1_42' title="bbox 170 1318 961 1357">
     <span class='ocr_line' id='line_1_42' title="bbox 170 1318 961 1357; baseline 0 -11"><span class='ocrx_word' id='word_1_297' title='bbox 170 1320 284 1355; x_wconf 85' lang='grc' dir='ltr'>γισμένη</span> <span class='ocrx_word' id='word_1_298' title='bbox 300 1320 368 1356; x_wconf 81' lang='grc' dir='ltr'>αὕτη</span> <span class='ocrx_word' id='word_1_299' title='bbox 387 1318 529 1356; x_wconf 81' lang='grc' dir='ltr'>βραδυτὴς,</span> <span class='ocrx_word' id='word_1_300' title='bbox 543 1320 617 1357; x_wconf 85' lang='grc' dir='ltr'><strong>παρά</strong></span> <span class='ocrx_word' id='word_1_301' title='bbox 634 1320 683 1357; x_wconf 85' lang='grc' dir='ltr'>τὴν</span> <span class='ocrx_word' id='word_1_302' title='bbox 696 1321 796 1356; x_wconf 74' lang='grc' dir='ltr'>ἑτέρων</span> <span class='ocrx_word' id='word_1_303' title='bbox 815 1321 961 1356; x_wconf 79' lang='grc' dir='ltr'>ἀπερίσκε-</span> 
     </span>
    </p>
   </div>
   <div class='ocr_carea' id='block_1_43' title="bbox 171 1367 404 1402">
    <p class='ocr_par' dir='ltr' id='par_1_43' title="bbox 171 1367 404 1402">
     <span class='ocr_line' id='line_1_43' title="bbox 171 1367 404 1402; baseline 0.009 -10"><span class='ocrx_word' id='word_1_304' title='bbox 171 1374 236 1392; x_wconf 78' lang='grc' dir='ltr'>πτον</span> <span class='ocrx_word' id='word_1_305' title='bbox 251 1367 404 1402; x_wconf 80' lang='grc' dir='ltr'>ταχυτῆτα.</span> 
     </span>
    </p>
   </div>
   <div class='ocr_carea' id='block_1_44' title="bbox 206 1411 961 1447">
    <p class='ocr_par' dir='ltr' id='par_1_44' title="bbox 206 1411 961 1447">
     <span class='ocr_line' id='line_1_44' title="bbox 206 1411 961 1447; baseline 0.001 -9"><span class='ocrx_word' id='word_1_306' title='bbox 206 1411 274 1439; x_wconf 62' lang='lat' dir='ltr'><strong>laid.</strong></span> <span class='ocrx_word' id='word_1_307' title='bbox 307 1412 351 1439; x_wconf 75' lang='grc' dir='ltr'>η.</span> <span class='ocrx_word' id='word_1_308' title='bbox 385 1412 543 1447; x_wconf 70' lang='grc' dir='ltr'>Ἀγαθὸν...</span> <span class='ocrx_word' id='word_1_309' title='bbox 580 1413 719 1447; x_wconf 80' lang='grc' dir='ltr'>δύναμιν.</span> <span class='ocrx_word' id='word_1_310' title='bbox 754 1412 961 1444; x_wconf 76' lang='grc' dir='ltr'>Κατασκευάζει</span> 
     </span>
    </p>
   </div>
   <div class='ocr_carea' id='block_1_45' title="bbox 173 1458 961 1496">
    <p class='ocr_par' dir='ltr' id='par_1_45' title="bbox 173 1458 961 1496">
     <span class='ocr_line' id='line_1_45' title="bbox 173 1458 961 1496; baseline 0.001 -12"><span class='ocrx_word' id='word_1_311' title='bbox 173 1458 304 1491; x_wconf 69' lang='grc' dir='ltr'>ὶνταῦθα,</span> <span class='ocrx_word' id='word_1_312' title='bbox 335 1459 376 1486; x_wconf 82' lang='grc' dir='ltr'>ὅτι</span> <span class='ocrx_word' id='word_1_313' title='bbox 401 1459 543 1496; x_wconf 80' lang='grc' dir='ltr'>ἀμφότερα</span> <span class='ocrx_word' id='word_1_314' title='bbox 576 1459 726 1491; x_wconf 76' lang='grc' dir='ltr'>ἑπαινιτῶς</span> <span class='ocrx_word' id='word_1_315' title='bbox 756 1460 875 1495; x_wconf 71' lang='grc' dir='ltr'>ἐποίησε.</span> <span class='ocrx_word' id='word_1_316' title='bbox 906 1460 961 1486; x_wconf 72' lang='grc' dir='ltr'><strong>Καὶ</strong></span> 
     </span>
    </p>
   </div>
   <div class='ocr_carea' id='block_1_46' title="bbox 173 1504 961 1541">
    <p class='ocr_par' dir='ltr' id='par_1_46' title="bbox 173 1504 961 1541">
     <span class='ocr_line' id='line_1_46' title="bbox 173 1504 961 1541; baseline 0.003 -11"><span class='ocrx_word' id='word_1_317' title='bbox 173 1504 315 1541; x_wconf 81' lang='grc' dir='ltr'>πρότερον,</span> <span class='ocrx_word' id='word_1_318' title='bbox 335 1505 383 1540; x_wconf 82' lang='grc' dir='ltr'>τὴν</span> <span class='ocrx_word' id='word_1_319' title='bbox 396 1505 580 1541; x_wconf 82' lang='grc' dir='ltr'>ἀναχώρησιν,</span> <span class='ocrx_word' id='word_1_320' title='bbox 601 1505 645 1532; x_wconf 83' lang='grc' dir='ltr'><strong>διὰ</strong></span> <span class='ocrx_word' id='word_1_321' title='bbox 659 1505 690 1532; x_wconf 72' lang='grc' dir='ltr'><strong>τὸ</strong></span> <span class='ocrx_word' id='word_1_322' title='bbox 704 1505 854 1541; x_wconf 76' lang='grc' dir='ltr'>φοϐηθῆναι</span> <span class='ocrx_word' id='word_1_323' title='bbox 869 1505 899 1532; x_wconf 79' lang='grc' dir='ltr'>τὸ</span> <span class='ocrx_word' id='word_1_324' title='bbox 913 1505 961 1541; x_wconf 86' lang='grc' dir='ltr'>μέ-</span> 
     </span>
    </p>
   </div>
   <div class='ocr_carea' id='block_1_47' title="bbox 174 1550 962 1586">
    <p class='ocr_par' dir='ltr' id='par_1_47' title="bbox 174 1550 962 1586">
     <span class='ocr_line' id='line_1_47' title="bbox 174 1550 962 1586; baseline 0.001 -10"><span class='ocrx_word' id='word_1_325' title='bbox 174 1550 250 1583; x_wconf 83' lang='grc' dir='ltr'>γεθος</span> <span class='ocrx_word' id='word_1_326' title='bbox 265 1550 314 1586; x_wconf 88' lang='grc' dir='ltr'>τῆς</span> <span class='ocrx_word' id='word_1_327' title='bbox 329 1550 488 1586; x_wconf 73' lang='grc' dir='ltr'>ἱερωσύνης·</span> <span class='ocrx_word' id='word_1_328' title='bbox 500 1551 546 1577; x_wconf 72' lang='grc' dir='ltr'><strong>κα)¹</strong></span> <span class='ocrx_word' id='word_1_329' title='bbox 557 1550 692 1586; x_wconf 74' lang='grc' dir='ltr'>δεύτερον,</span> <span class='ocrx_word' id='word_1_330' title='bbox 704 1551 753 1586; x_wconf 81' lang='grc' dir='ltr'>τὴν</span> <span class='ocrx_word' id='word_1_331' title='bbox 768 1551 905 1584; x_wconf 76' lang='grc' dir='ltr'>ἐπάνοδον,</span> <span class='ocrx_word' id='word_1_332' title='bbox 918 1550 962 1577; x_wconf 83' lang='grc' dir='ltr'><strong>διὰ</strong></span> 
     </span>
    </p>
   </div>
   <div class='ocr_carea' id='block_1_48' title="bbox 173 1596 962 1633">
    <p class='ocr_par' dir='ltr' id='par_1_48' title="bbox 173 1596 962 1633">
     <span class='ocr_line' id='line_1_48' title="bbox 173 1596 962 1633; baseline 0.003 -11"><span class='ocrx_word' id='word_1_333' title='bbox 173 1596 203 1622; x_wconf 83' lang='grc' dir='ltr'>τὸ</span> <span class='ocrx_word' id='word_1_334' title='bbox 220 1596 256 1632; x_wconf 82' lang='grc' dir='ltr'>μὴ</span> <span class='ocrx_word' id='word_1_335' title='bbox 279 1598 438 1631; x_wconf 80' lang='grc' dir='ltr'>περιπεσεῖν</span> <span class='ocrx_word' id='word_1_336' title='bbox 451 1596 490 1632; x_wconf 85' lang='grc' dir='ltr'>τῷ</span> <span class='ocrx_word' id='word_1_337' title='bbox 506 1597 557 1632; x_wconf 86' lang='grc' dir='ltr'>τῆς</span> <span class='ocrx_word' id='word_1_338' title='bbox 573 1596 715 1629; x_wconf 81' lang='grc' dir='ltr'>ἀπειθείας</span> <span class='ocrx_word' id='word_1_339' title='bbox 731 1597 893 1633; x_wconf 74' lang='grc' dir='ltr'>ἐγκλήματι.</span> <span class='ocrx_word' id='word_1_340' title='bbox 907 1597 962 1625; x_wconf 73' lang='grc' dir='ltr'><strong>Καὶ</strong></span> 
     </span>
    </p>
   </div>
   <div class='ocr_carea' id='block_1_49' title="bbox 174 1642 963 1678">
    <p class='ocr_par' dir='ltr' id='par_1_49' title="bbox 174 1642 963 1678">
     <span class='ocr_line' id='line_1_49' title="bbox 174 1642 963 1678; baseline 0.001 -10"><span class='ocrx_word' id='word_1_341' title='bbox 174 1642 208 1668; x_wconf 62' lang='grc' dir='ltr'>τὰ</span> <span class='ocrx_word' id='word_1_342' title='bbox 233 1642 442 1677; x_wconf 79' lang='grc' dir='ltr'>παραδείγματα</span> <span class='ocrx_word' id='word_1_343' title='bbox 458 1643 507 1678; x_wconf 82' lang='grc' dir='ltr'>τῆς</span> <span class='ocrx_word' id='word_1_344' title='bbox 532 1651 562 1669; x_wconf 83' lang='grc' dir='ltr'><strong>τε</strong></span> <span class='ocrx_word' id='word_1_345' title='bbox 589 1642 755 1678; x_wconf 83' lang='grc' dir='ltr'>βραδυτῆτος</span> <span class='ocrx_word' id='word_1_346' title='bbox 777 1643 816 1677; x_wconf 89' lang='lat'><strong>(7)</strong></span> <span class='ocrx_word' id='word_1_347' title='bbox 841 1643 887 1669; x_wconf 72' lang='grc' dir='ltr'>καὶ</span> <span class='ocrx_word' id='word_1_348' title='bbox 913 1643 963 1678; x_wconf 85' lang='grc' dir='ltr'>τῆς</span> 
     </span>
    </p>
   </div>
   <div class='ocr_carea' id='block_1_50' title="bbox 176 1688 961 1724">
    <p class='ocr_par' dir='ltr' id='par_1_50' title="bbox 176 1688 961 1724">
     <span class='ocr_line' id='line_1_50' title="bbox 176 1688 961 1724; baseline 0.003 -10"><span class='ocrx_word' id='word_1_349' title='bbox 176 1688 340 1723; x_wconf 79' lang='grc' dir='ltr'>προθυμίας,</span> <span class='ocrx_word' id='word_1_350' title='bbox 354 1688 408 1715; x_wconf 75' lang='grc' dir='ltr'><strong>ἀπὸ</strong></span> <span class='ocrx_word' id='word_1_351' title='bbox 422 1689 470 1723; x_wconf 82' lang='grc' dir='ltr'>τῆς</span> <span class='ocrx_word' id='word_1_352' title='bbox 485 1689 606 1724; x_wconf 79' lang='grc' dir='ltr'>ἱστορίας</span> <span class='ocrx_word' id='word_1_353' title='bbox 619 1689 752 1724; x_wconf 80' lang='grc' dir='ltr'>λαμὸάνει</span> <span class='ocrx_word' id='word_1_354' title='bbox 766 1689 814 1724; x_wconf 76' lang='grc' dir='ltr'>τῆς</span> <span class='ocrx_word' id='word_1_355' title='bbox 830 1689 961 1720; x_wconf 83' lang='grc' dir='ltr'>Παλαιᾶς.</span> 
     </span>
    </p>
   </div>
   <div class='ocr_carea' id='block_1_51' title="bbox 181 1733 963 1770">
    <p class='ocr_par' dir='ltr' id='par_1_51' title="bbox 181 1733 963 1770">
     <span class='ocr_line' id='line_1_51' title="bbox 181 1733 963 1770; baseline 0 -10"><span class='ocrx_word' id='word_1_356' title='bbox 181 1733 294 1768; x_wconf 80' lang='grc' dir='ltr'>’Δγαθδν</span> <span class='ocrx_word' id='word_1_357' title='bbox 310 1734 372 1769; x_wconf 84' lang='grc' dir='ltr'>γὰρ,</span> <span class='ocrx_word' id='word_1_358' title='bbox 385 1735 450 1769; x_wconf 83' lang='grc' dir='ltr'>φησὶ</span> <span class='ocrx_word' id='word_1_359' title='bbox 460 1755 467 1766; x_wconf 84' lang='grc'><strong>,</strong></span> <span class='ocrx_word' id='word_1_360' title='bbox 484 1735 531 1761; x_wconf 81' lang='grc' dir='ltr'>καὶ</span> <span class='ocrx_word' id='word_1_361' title='bbox 552 1734 582 1761; x_wconf 82' lang='grc' dir='ltr'>τὸ</span> <span class='ocrx_word' id='word_1_362' title='bbox 602 1735 779 1770; x_wconf 82' lang='grc' dir='ltr'>ὑποχωρῆσαι</span> <span class='ocrx_word' id='word_1_363' title='bbox 795 1734 862 1770; x_wconf 76' lang='grc' dir='ltr'>πρὸς</span> <span class='ocrx_word' id='word_1_364' title='bbox 875 1734 963 1769; x_wconf 84' lang='grc' dir='ltr'>ὀλίγον</span> 
     </span>
    </p>
   </div>
   <div class='ocr_carea' id='block_1_52' title="bbox 176 1780 963 1817">
    <p class='ocr_par' dir='ltr' id='par_1_52' title="bbox 176 1780 963 1817">
     <span class='ocr_line' id='line_1_52' title="bbox 176 1780 963 1817; baseline 0 -11"><span class='ocrx_word' id='word_1_365' title='bbox 176 1781 222 1806; x_wconf 75' lang='grc' dir='ltr'>καὶ</span> <span class='ocrx_word' id='word_1_366' title='bbox 242 1780 292 1816; x_wconf 83' lang='grc' dir='ltr'>τὴν</span> <span class='ocrx_word' id='word_1_367' title='bbox 319 1781 486 1816; x_wconf 79' lang='grc' dir='ltr'>προστασίαν</span> <span class='ocrx_word' id='word_1_368' title='bbox 511 1781 748 1817; x_wconf 75' lang='grc' dir='ltr'>παραιτήσασθαι,</span> <span class='ocrx_word' id='word_1_369' title='bbox 773 1781 824 1808; x_wconf 76' lang='grc' dir='ltr'>κᾶν</span> <span class='ocrx_word' id='word_1_370' title='bbox 847 1781 929 1812; x_wconf 81' lang='grc' dir='ltr'>αὐτὸς</span> <span class='ocrx_word' id='word_1_371' title='bbox 949 1782 963 1806; x_wconf 86' lang='grc' dir='ltr'><strong>ό</strong></span> 
     </span>
    </p>
   </div>
   <div class='ocr_carea' id='block_1_53' title="bbox 175 1823 964 1862">
    <p class='ocr_par' dir='ltr' id='par_1_53' title="bbox 175 1823 964 1862">
     <span class='ocr_line' id='line_1_53' title="bbox 175 1823 964 1862; baseline 0.001 -11"><span class='ocrx_word' id='word_1_372' title='bbox 175 1825 239 1857; x_wconf 73' lang='grc' dir='ltr'>Θεὸς</span> <span class='ocrx_word' id='word_1_373' title='bbox 254 1826 367 1861; x_wconf 79' lang='grc' dir='ltr'><strong>κελεύῃ,</strong></span> <span class='ocrx_word' id='word_1_374' title='bbox 385 1826 432 1852; x_wconf 84' lang='grc' dir='ltr'>καὶ</span> <span class='ocrx_word' id='word_1_375' title='bbox 452 1823 529 1858; x_wconf 81' lang='grc' dir='ltr'>αὖθις</span> <span class='ocrx_word' id='word_1_376' title='bbox 550 1827 580 1853; x_wconf 82' lang='grc' dir='ltr'>τὸ</span> <span class='ocrx_word' id='word_1_377' title='bbox 595 1827 789 1862; x_wconf 82' lang='grc' dir='ltr'>προσδραμεῖν.</span> <span class='ocrx_word' id='word_1_378' title='bbox 808 1827 862 1853; x_wconf 74' lang='grc' dir='ltr'><strong>Καὶ</strong></span> <span class='ocrx_word' id='word_1_379' title='bbox 878 1826 964 1853; x_wconf 76' lang='grc' dir='ltr'>ταῦτα</span> 
     </span>
    </p>
   </div>
   <div class='ocr_carea' id='block_1_54' title="bbox 175 1871 963 1908">
    <p class='ocr_par' dir='ltr' id='par_1_54' title="bbox 175 1871 963 1908">
     <span class='ocr_line' id='line_1_54' title="bbox 175 1871 963 1908; baseline 0.003 -11"><span class='ocrx_word' id='word_1_380' title='bbox 175 1871 223 1897; x_wconf 83' lang='grc' dir='ltr'>οὑκ</span> <span class='ocrx_word' id='word_1_381' title='bbox 238 1872 319 1903; x_wconf 65' lang='grc' dir='ltr'>αὐτὸς</span> <span class='ocrx_word' id='word_1_382' title='bbox 335 1872 507 1904; x_wconf 76' lang='grc' dir='ltr'>ἀναπλαττω,</span> <span class='ocrx_word' id='word_1_383' title='bbox 519 1872 574 1899; x_wconf 85' lang='grc' dir='ltr'>ἀλλ’</span> <span class='ocrx_word' id='word_1_384' title='bbox 587 1873 706 1908; x_wconf 83' lang='grc' dir='ltr'>εὑρίσκω</span> <span class='ocrx_word' id='word_1_385' title='bbox 721 1873 767 1899; x_wconf 83' lang='grc' dir='ltr'>καὶ</span> <span class='ocrx_word' id='word_1_386' title='bbox 780 1873 826 1899; x_wconf 79' lang='grc' dir='ltr'><strong>τὸν</strong></span> <span class='ocrx_word' id='word_1_387' title='bbox 844 1872 963 1899; x_wconf 81' lang='grc' dir='ltr'>Μωῦσέα</span> 
     </span>
    </p>
   </div>
   <div class='ocr_carea' id='block_1_55' title="bbox 176 1918 962 1954">
    <p class='ocr_par' dir='ltr' id='par_1_55' title="bbox 176 1918 962 1954">
     <span class='ocr_line' id='line_1_55' title="bbox 176 1918 962 1954; baseline 0 -10"><span class='ocrx_word' id='word_1_388' title='bbox 176 1919 222 1945; x_wconf 71' lang='grc' dir='ltr'>καὶ</span> <span class='ocrx_word' id='word_1_389' title='bbox 238 1918 283 1944; x_wconf 80' lang='grc' dir='ltr'>τὸν</span> <span class='ocrx_word' id='word_1_390' title='bbox 305 1919 438 1954; x_wconf 84' lang='grc' dir='ltr'>Ἱερεμίαν</span> <span class='ocrx_word' id='word_1_391' title='bbox 460 1919 709 1954; x_wconf 81' lang='grc' dir='ltr'>ἀποστελλομένους</span> <span class='ocrx_word' id='word_1_392' title='bbox 728 1919 804 1954; x_wconf 88' lang='grc' dir='ltr'><strong>παρά</strong></span> <span class='ocrx_word' id='word_1_393' title='bbox 825 1918 872 1945; x_wconf 80' lang='grc' dir='ltr'>τοῦ</span> <span class='ocrx_word' id='word_1_394' title='bbox 885 1918 962 1951; x_wconf 84' lang='grc' dir='ltr'>Θεοῦ,</span> 
     </span>
    </p>
   </div>
   <div class='ocr_carea' id='block_1_56' title="bbox 176 1964 964 2002">
    <p class='ocr_par' dir='ltr' id='par_1_56' title="bbox 176 1964 964 2002">
     <span class='ocr_line' id='line_1_56' title="bbox 176 1964 964 2002; baseline 0 -12"><span class='ocrx_word' id='word_1_395' title='bbox 176 1965 221 1991; x_wconf 81' lang='grc' dir='ltr'>καὶ</span> <span class='ocrx_word' id='word_1_396' title='bbox 237 1966 481 2000; x_wconf 81' lang='grc' dir='ltr'>παραιτουμένους.</span> <span class='ocrx_word' id='word_1_397' title='bbox 503 1965 532 1992; x_wconf 87' lang='grc' dir='ltr'><strong>ὐ</strong></span> <span class='ocrx_word' id='word_1_398' title='bbox 552 1966 600 2001; x_wconf 85' lang='grc' dir='ltr'>μὲν</span> <span class='ocrx_word' id='word_1_399' title='bbox 616 1965 668 2002; x_wconf 86' lang='grc' dir='ltr'><strong>γὰρ</strong></span> <span class='ocrx_word' id='word_1_400' title='bbox 681 1966 802 2000; x_wconf 84' lang='grc' dir='ltr'>Μωῦσῆς</span> <span class='ocrx_word' id='word_1_401' title='bbox 818 1964 964 1996; x_wconf 84' lang='grc' dir='ltr'>κελευόμε-</span> 
     </span>
    </p>
   </div>
   <div class='ocr_carea' id='block_1_57' title="bbox 176 2010 965 2047">
    <p class='ocr_par' dir='ltr' id='par_1_57' title="bbox 176 2010 965 2047">
     <span class='ocr_line' id='line_1_57' title="bbox 176 2010 965 2047; baseline 0 -11"><span class='ocrx_word' id='word_1_402' title='bbox 176 2019 220 2041; x_wconf 83' lang='grc' dir='ltr'><strong>νος</strong></span> <span class='ocrx_word' id='word_1_403' title='bbox 237 2011 313 2047; x_wconf 82' lang='grc' dir='ltr'>παρὰ</span> <span class='ocrx_word' id='word_1_404' title='bbox 326 2011 364 2046; x_wconf 73' lang='lat'>(8)</span> <span class='ocrx_word' id='word_1_405' title='bbox 380 2012 428 2038; x_wconf 80' lang='grc' dir='ltr'>τοῦ</span> <span class='ocrx_word' id='word_1_406' title='bbox 439 2011 506 2038; x_wconf 82' lang='grc' dir='ltr'>Θεοῦ</span> <span class='ocrx_word' id='word_1_407' title='bbox 522 2011 589 2047; x_wconf 75' lang='grc' dir='ltr'>πρὸς</span> <span class='ocrx_word' id='word_1_408' title='bbox 600 2011 700 2047; x_wconf 76' lang='grc' dir='ltr'>Φαραὼ</span> <span class='ocrx_word' id='word_1_409' title='bbox 712 2011 838 2038; x_wconf 78' lang='grc' dir='ltr'>ἀπελθεῖν</span> <span class='ocrx_word' id='word_1_410' title='bbox 854 2010 965 2046; x_wconf 84' lang='grc' dir='ltr'>βασιλέα</span> 
     </span>
    </p>
   </div>
   <div class='ocr_carea' id='block_1_58' title="bbox 176 2055 964 2094">
    <p class='ocr_par' dir='ltr' id='par_1_58' title="bbox 176 2055 964 2094">
     <span class='ocr_line' id='line_1_58' title="bbox 176 2055 964 2094; baseline -0.001 -11"><span class='ocrx_word' id='word_1_411' title='bbox 176 2057 324 2091; x_wconf 74' lang='grc' dir='ltr'>Αἰγύπτου,</span> <span class='ocrx_word' id='word_1_412' title='bbox 341 2057 387 2084; x_wconf 85' lang='grc' dir='ltr'><strong>καὶ</strong></span> <span class='ocrx_word' id='word_1_413' title='bbox 401 2059 487 2084; x_wconf 78' lang='grc' dir='ltr'>εἰπεῖν</span> <span class='ocrx_word' id='word_1_414' title='bbox 503 2057 577 2092; x_wconf 77' lang='grc' dir='ltr'>αὐτῷ</span> <span class='ocrx_word' id='word_1_415' title='bbox 587 2077 594 2090; x_wconf 84' lang='lat'><strong>,</strong></span> <span class='ocrx_word' id='word_1_416' title='bbox 621 2057 665 2084; x_wconf 83' lang='grc' dir='ltr'>ῐνα</span> <span class='ocrx_word' id='word_1_417' title='bbox 678 2057 828 2094; x_wconf 87' lang='grc' dir='ltr'>ἀποστείλῃ</span> <span class='ocrx_word' id='word_1_418' title='bbox 842 2057 887 2083; x_wconf 83' lang='grc' dir='ltr'>τὸν</span> <span class='ocrx_word' id='word_1_419' title='bbox 901 2055 964 2083; x_wconf 80' lang='grc' dir='ltr'>λαὸν</span> 
     </span>
    </p>
   </div>
   <div class='ocr_carea' id='block_1_59' title="bbox 176 2103 966 2139">
    <p class='ocr_par' dir='ltr' id='par_1_59' title="bbox 176 2103 966 2139">
     <span class='ocr_line' id='line_1_59' title="bbox 176 2103 966 2139; baseline -0.001 -9"><span class='ocrx_word' id='word_1_420' title='bbox 176 2103 257 2130; x_wconf 80' lang='grc' dir='ltr'>αὐτοῦ</span> <span class='ocrx_word' id='word_1_421' title='bbox 267 2123 275 2135; x_wconf 89' lang='grc'><strong>,</strong></span> <span class='ocrx_word' id='word_1_422' title='bbox 292 2104 414 2130; x_wconf 72' lang='grc' dir='ltr'>τουτέστι</span> <span class='ocrx_word' id='word_1_423' title='bbox 428 2105 490 2135; x_wconf 82' lang='grc' dir='ltr'>τοὺς</span> <span class='ocrx_word' id='word_1_424' title='bbox 512 2104 671 2136; x_wconf 79' lang='grc' dir='ltr'>Ἰουδαίους,</span> <span class='ocrx_word' id='word_1_425' title='bbox 687 2105 846 2139; x_wconf 84' lang='grc' dir='ltr'>παρῃτεῖτο,</span> <span class='ocrx_word' id='word_1_426' title='bbox 862 2111 966 2139; x_wconf 81' lang='grc' dir='ltr'>προφα-</span> 
     </span>
    </p>
   </div>
   <div class='ocr_carea' id='block_1_60' title="bbox 177 2149 964 2185">
    <p class='ocr_par' dir='ltr' id='par_1_60' title="bbox 177 2149 964 2185">
     <span class='ocr_line' id='line_1_60' title="bbox 177 2149 964 2185; baseline 0.001 -10"><span class='ocrx_word' id='word_1_427' title='bbox 177 2149 333 2184; x_wconf 77' lang='grc' dir='ltr'>σιζόμενος,</span> <span class='ocrx_word' id='word_1_428' title='bbox 350 2150 390 2176; x_wconf 88' lang='grc' dir='ltr'>ὃτι</span> <span class='ocrx_word' id='word_1_429' title='bbox 407 2150 613 2185; x_wconf 83' lang='grc' dir='ltr'>βραδύγλωσσός</span> <span class='ocrx_word' id='word_1_430' title='bbox 635 2151 691 2176; x_wconf 73' lang='grc' dir='ltr'>ἐστι</span> <span class='ocrx_word' id='word_1_431' title='bbox 715 2150 762 2176; x_wconf 74' lang='grc' dir='ltr'>καὶ</span> <span class='ocrx_word' id='word_1_432' title='bbox 787 2149 964 2184; x_wconf 80' lang='grc' dir='ltr'>ἰσχνόφωνος,</span> 
     </span>
    </p>
   </div>
   <div class='ocr_carea' id='block_1_61' title="bbox 177 2192 966 2230">
    <p class='ocr_par' dir='ltr' id='par_1_61' title="bbox 177 2192 966 2230">
     <span class='ocr_line' id='line_1_61' title="bbox 177 2192 966 2230; baseline 0.003 -10"><span class='ocrx_word' id='word_1_433' title='bbox 177 2195 223 2221; x_wconf 72' lang='grc' dir='ltr'>καὶ</span> <span class='ocrx_word' id='word_1_434' title='bbox 236 2192 315 2221; x_wconf 79' lang='grc' dir='ltr'>εἷπε·</span> <span class='ocrx_word' id='word_1_435' title='bbox 335 2194 450 2230; x_wconf 80' lang='grc' dir='ltr'>Δέομαι,</span> <span class='ocrx_word' id='word_1_436' title='bbox 470 2196 568 2229; x_wconf 82' lang='grc' dir='ltr'>Κύριε,</span> <span class='ocrx_word' id='word_1_437' title='bbox 586 2195 774 2230; x_wconf 79' lang='grc' dir='ltr'>προχείρισαι</span> <span class='ocrx_word' id='word_1_438' title='bbox 800 2195 898 2222; x_wconf 76' lang='grc' dir='ltr'>ἄλλον</span> <span class='ocrx_word' id='word_1_439' title='bbox 913 2194 966 2222; x_wconf 82' lang='grc' dir='ltr'><strong>δυ-</strong></span> 
     </span>
    </p>
   </div>
   <div class='ocr_carea' id='block_1_62' title="bbox 176 2239 966 2276">
    <p class='ocr_par' dir='ltr' id='par_1_62' title="bbox 176 2239 966 2276">
     <span class='ocr_line' id='line_1_62' title="bbox 176 2239 966 2276; baseline 0.003 -10"><span class='ocrx_word' id='word_1_440' title='bbox 176 2239 316 2274; x_wconf 68' lang='grc' dir='ltr'>νάμενον,</span> <span class='ocrx_word' id='word_1_441' title='bbox 324 2240 360 2267; x_wconf 84' lang='grc' dir='ltr'><strong>ὃν</strong></span> <span class='ocrx_word' id='word_1_442' title='bbox 367 2241 556 2275; x_wconf 78' lang='grc' dir='ltr'>ἀποστελεῖς.</span> <span class='ocrx_word' id='word_1_443' title='bbox 570 2241 600 2267; x_wconf 86' lang='lat'><strong>&#39;0</strong></span> <span class='ocrx_word' id='word_1_444' title='bbox 607 2241 635 2267; x_wconf 82' lang='grc' dir='ltr'>δὲ</span> <span class='ocrx_word' id='word_1_445' title='bbox 648 2241 681 2267; x_wconf 86' lang='grc' dir='ltr'>Ὶε</span> <span class='ocrx_word' id='word_1_446' title='bbox 685 2249 714 2276; x_wconf 91' lang='grc' dir='ltr'><strong>ρε</strong></span> <span class='ocrx_word' id='word_1_447' title='bbox 719 2241 780 2276; x_wconf 85' lang='grc' dir='ltr'>μίας</span> <span class='ocrx_word' id='word_1_448' title='bbox 787 2241 966 2276; x_wconf 79' lang='grc' dir='ltr'>προφητεύειν</span> 
     </span>
    </p>
   </div>
   <div class='ocr_carea' id='block_1_63' title="bbox 177 2285 963 2322">
    <p class='ocr_par' dir='ltr' id='par_1_63' title="bbox 177 2285 963 2322">
     <span class='ocr_line' id='line_1_63' title="bbox 177 2285 963 2322; baseline 0.001 -10"><span class='ocrx_word' id='word_1_449' title='bbox 177 2288 216 2318; x_wconf 85' lang='grc' dir='ltr'><strong>είς</strong></span> <span class='ocrx_word' id='word_1_450' title='bbox 236 2287 272 2313; x_wconf 82' lang='grc' dir='ltr'>τὰ</span> <span class='ocrx_word' id='word_1_451' title='bbox 290 2287 353 2322; x_wconf 73' lang='grc' dir='ltr'>ἔθνη</span> <span class='ocrx_word' id='word_1_452' title='bbox 381 2287 571 2322; x_wconf 82' lang='grc' dir='ltr'>πεμπόμενος,</span> <span class='ocrx_word' id='word_1_453' title='bbox 597 2287 644 2314; x_wconf 82' lang='grc' dir='ltr'>καὶ</span> <span class='ocrx_word' id='word_1_454' title='bbox 664 2287 746 2318; x_wconf 81' lang='grc' dir='ltr'>αὐτὸς</span> <span class='ocrx_word' id='word_1_455' title='bbox 765 2285 910 2313; x_wconf 74' lang='grc' dir='ltr'>ἀνεϐάλετο</span> <span class='ocrx_word' id='word_1_456' title='bbox 925 2286 963 2322; x_wconf 88' lang='lat'>(9)</span> 
     </span>
    </p>
   </div>
   <div class='ocr_carea' id='block_1_64' title="bbox 177 2331 964 2366">
    <p class='ocr_par' dir='ltr' id='par_1_64' title="bbox 177 2331 964 2366">
     <span class='ocr_line' id='line_1_64' title="bbox 177 2331 964 2366; baseline -0.001 -8"><span class='ocrx_word' id='word_1_457' title='bbox 177 2332 273 2366; x_wconf 83' lang='grc' dir='ltr'>λέγων·</span> <span class='ocrx_word' id='word_1_458' title='bbox 288 2332 316 2358; x_wconf 85' lang='lat'><strong>&#39;0</strong></span> <span class='ocrx_word' id='word_1_459' title='bbox 328 2331 381 2364; x_wconf 83' lang='grc' dir='ltr'>ὢν,</span> <span class='ocrx_word' id='word_1_460' title='bbox 397 2332 532 2359; x_wconf 79' lang='grc' dir='ltr'>Δέσποτα</span> <span class='ocrx_word' id='word_1_461' title='bbox 544 2332 643 2366; x_wconf 83' lang='grc' dir='ltr'>Κύριε,</span> <span class='ocrx_word' id='word_1_462' title='bbox 658 2331 722 2359; x_wconf 82' lang='grc' dir='ltr'>ιδοὺ</span> <span class='ocrx_word' id='word_1_463' title='bbox 734 2332 790 2358; x_wconf 80' lang='grc' dir='ltr'>οὐκ</span> <span class='ocrx_word' id='word_1_464' title='bbox 804 2331 964 2366; x_wconf 80' lang='grc' dir='ltr'>ἐπίσταμαι</span> 
     </span>
    </p>
   </div>
   <div class='ocr_carea' id='block_1_65' title="bbox 177 2374 965 2413">
    <p class='ocr_par' dir='ltr' id='par_1_65' title="bbox 177 2374 965 2413">
     <span class='ocr_line' id='line_1_65' title="bbox 177 2374 965 2413; baseline -0.004 -8"><span class='ocrx_word' id='word_1_465' title='bbox 177 2378 294 2410; x_wconf 68' lang='grc' dir='ltr'>λαλεῖν,</span> <span class='ocrx_word' id='word_1_466' title='bbox 317 2378 362 2405; x_wconf 84' lang='grc' dir='ltr'><strong>ὅτι</strong></span> <span class='ocrx_word' id='word_1_467' title='bbox 382 2377 524 2412; x_wconf 78' lang='grc' dir='ltr'>νεώτερος</span> <span class='ocrx_word' id='word_1_468' title='bbox 544 2377 601 2413; x_wconf 60' lang='grc' dir='ltr'><strong>ἐγώ</strong></span> <span class='ocrx_word' id='word_1_469' title='bbox 612 2379 680 2412; x_wconf 75' lang='grc' dir='ltr'>ειμι.</span> <span class='ocrx_word' id='word_1_470' title='bbox 698 2374 777 2405; x_wconf 73' lang='grc' dir='ltr'>Οὗτοι</span> <span class='ocrx_word' id='word_1_471' title='bbox 797 2377 844 2412; x_wconf 78' lang='grc' dir='ltr'>μὲν</span> <span class='ocrx_word' id='word_1_472' title='bbox 859 2374 905 2403; x_wconf 80' lang='grc' dir='ltr'>οὖν</span> <span class='ocrx_word' id='word_1_473' title='bbox 920 2385 965 2403; x_wconf 80' lang='grc' dir='ltr'>κε-</span> 
     </span>
    </p>
   </div>
   <div class='ocr_carea' id='block_1_66' title="bbox 179 2422 965 2460">
    <p class='ocr_par' dir='ltr' id='par_1_66' title="bbox 179 2422 965 2460">
     <span class='ocr_line' id='line_1_66' title="bbox 179 2422 965 2460; baseline -0.004 -10"><span class='ocrx_word' id='word_1_474' title='bbox 179 2423 280 2450; x_wconf 74' lang='grc' dir='ltr'>λεύοντι</span> <span class='ocrx_word' id='word_1_475' title='bbox 297 2423 336 2459; x_wconf 81' lang='grc' dir='ltr'>τῷ</span> <span class='ocrx_word' id='word_1_476' title='bbox 347 2423 406 2459; x_wconf 85' lang='grc' dir='ltr'><strong>Θεῷ</strong></span> <span class='ocrx_word' id='word_1_477' title='bbox 421 2423 617 2460; x_wconf 83' lang='grc' dir='ltr'>ὑπεχώρησαν·</span> <span class='ocrx_word' id='word_1_478' title='bbox 632 2424 647 2449; x_wconf 82' lang='grc' dir='ltr'>ὁ</span> <span class='ocrx_word' id='word_1_479' title='bbox 667 2423 726 2459; x_wconf 81' lang='grc' dir='ltr'>μὲν,</span> <span class='ocrx_word' id='word_1_480' title='bbox 746 2422 776 2449; x_wconf 76' lang='grc' dir='ltr'>τὸ</span> <span class='ocrx_word' id='word_1_481' title='bbox 792 2422 965 2458; x_wconf 81' lang='grc' dir='ltr'>βραδύγλωσ-</span> 
     </span>
    </p>
   </div>
   <div class='ocr_carea' id='block_1_67' title="bbox 181 2467 965 2505">
    <p class='ocr_par' dir='ltr' id='par_1_67' title="bbox 181 2467 965 2505">
     <span class='ocr_line' id='line_1_67' title="bbox 181 2467 965 2505; baseline -0.001 -10"><span class='ocrx_word' id='word_1_482' title='bbox 181 2477 225 2495; x_wconf 86' lang='grc' dir='ltr'><strong>σον</strong></span> <span class='ocrx_word' id='word_1_483' title='bbox 245 2469 386 2501; x_wconf 81' lang='grc' dir='ltr'>δεδοικὼς,</span> <span class='ocrx_word' id='word_1_484' title='bbox 400 2471 414 2496; x_wconf 81' lang='grc' dir='ltr'>ὁ</span> <span class='ocrx_word' id='word_1_485' title='bbox 430 2469 469 2502; x_wconf 81' lang='grc' dir='ltr'>δὲ,</span> <span class='ocrx_word' id='word_1_486' title='bbox 485 2470 532 2505; x_wconf 85' lang='grc' dir='ltr'>τὴν</span> <span class='ocrx_word' id='word_1_487' title='bbox 547 2470 669 2505; x_wconf 84' lang='grc' dir='ltr'>νεότητα.</span> <span class='ocrx_word' id='word_1_488' title='bbox 692 2469 721 2495; x_wconf 94' lang='lat'>&#39;0</span> <span class='ocrx_word' id='word_1_489' title='bbox 737 2468 765 2495; x_wconf 85' lang='grc' dir='ltr'>δὲ</span> <span class='ocrx_word' id='word_1_490' title='bbox 791 2467 896 2503; x_wconf 83' lang='grc' dir='ltr'>Ἀαρὼν</span> <span class='ocrx_word' id='word_1_491' title='bbox 918 2469 965 2495; x_wconf 69' lang='grc' dir='ltr'><strong>καὶ</strong></span> 
     </span>
    </p>
   </div>
   <div class='ocr_carea' id='block_1_68' title="bbox 187 2515 964 2552">
    <p class='ocr_par' dir='ltr' id='par_1_68' title="bbox 187 2515 964 2552">
     <span class='ocr_line' id='line_1_68' title="bbox 187 2515 964 2552; baseline -0.003 -10"><span class='ocrx_word' id='word_1_492' title='bbox 187 2515 310 2547; x_wconf 78' lang='grc' dir='ltr'>Ἡσαΐας,</span> <span class='ocrx_word' id='word_1_493' title='bbox 341 2515 468 2543; x_wconf 81' lang='grc' dir='ltr'>καλοῦντι</span> <span class='ocrx_word' id='word_1_494' title='bbox 488 2516 528 2552; x_wconf 77' lang='grc' dir='ltr'>τῷ</span> <span class='ocrx_word' id='word_1_495' title='bbox 546 2516 606 2551; x_wconf 84' lang='grc' dir='ltr'><strong>Θεῷ</strong></span> <span class='ocrx_word' id='word_1_496' title='bbox 626 2515 740 2550; x_wconf 80' lang='grc' dir='ltr'>ἑτοίμως</span> <span class='ocrx_word' id='word_1_497' title='bbox 765 2515 964 2550; x_wconf 85' lang='grc' dir='ltr'>προσέδραμον.</span> 
     </span>
    </p>
   </div>
   <div class='ocr_carea' id='block_1_69' title="bbox 185 2561 967 2598">
    <p class='ocr_par' dir='ltr' id='par_1_69' title="bbox 185 2561 967 2598">
     <span class='ocr_line' id='line_1_69' title="bbox 185 2561 967 2598; baseline -0.003 -10"><span class='ocrx_word' id='word_1_498' title='bbox 185 2562 216 2588; x_wconf 89' lang='grc'><strong>’0</strong></span> <span class='ocrx_word' id='word_1_499' title='bbox 230 2562 279 2597; x_wconf 79' lang='grc' dir='ltr'>μὲν</span> <span class='ocrx_word' id='word_1_500' title='bbox 297 2561 351 2597; x_wconf 81' lang='grc' dir='ltr'><strong>γὰρ</strong></span> <span class='ocrx_word' id='word_1_501' title='bbox 376 2562 479 2598; x_wconf 82' lang='grc' dir='ltr'>Ἀαρὼν</span> <span class='ocrx_word' id='word_1_502' title='bbox 493 2562 613 2593; x_wconf 75' lang='grc' dir='ltr'>ἀκούσας</span> <span class='ocrx_word' id='word_1_503' title='bbox 633 2561 709 2595; x_wconf 81' lang='grc' dir='ltr'><strong>παρά</strong></span> <span class='ocrx_word' id='word_1_504' title='bbox 725 2561 838 2596; x_wconf 80' lang='grc' dir='ltr'>Κυρίου,</span> <span class='ocrx_word' id='word_1_505' title='bbox 856 2561 967 2593; x_wconf 83' lang='grc' dir='ltr'>Πορεύ-</span> 
     </span>
    </p>
   </div>
   <div class='ocr_carea' id='block_1_70' title="bbox 180 2606 968 2642">
    <p class='ocr_par' dir='ltr' id='par_1_70' title="bbox 180 2606 968 2642">
     <span class='ocr_line' id='line_1_70' title="bbox 180 2606 968 2642; baseline -0.001 -9"><span class='ocrx_word' id='word_1_506' title='bbox 180 2609 245 2640; x_wconf 84' lang='grc' dir='ltr'>θητι</span> <span class='ocrx_word' id='word_1_507' title='bbox 254 2609 298 2640; x_wconf 82' lang='grc' dir='ltr'>είς</span> <span class='ocrx_word' id='word_1_508' title='bbox 305 2608 494 2642; x_wconf 72' lang='grc' dir='ltr'>συνάντησιν</span> <span class='ocrx_word' id='word_1_509' title='bbox 503 2608 631 2640; x_wconf 85' lang='grc' dir='ltr'><strong>Μωσέως</strong></span> <span class='ocrx_word' id='word_1_510' title='bbox 640 2609 680 2640; x_wconf 78' lang='grc' dir='ltr'><strong>είς</strong></span> <span class='ocrx_word' id='word_1_511' title='bbox 688 2607 744 2640; x_wconf 79' lang='grc' dir='ltr'><strong>τὴν</strong></span> <span class='ocrx_word' id='word_1_512' title='bbox 754 2606 874 2641; x_wconf 77' lang='grc' dir='ltr'>ἔρημον,</span> <span class='ocrx_word' id='word_1_513' title='bbox 888 2606 968 2638; x_wconf 72' lang='grc' dir='ltr'>εὐθὺς</span> 
     </span>
    </p>
   </div>
   <div class='ocr_carea' id='block_1_71' title="bbox 181 2651 964 2690">
    <p class='ocr_par' dir='ltr' id='par_1_71' title="bbox 181 2651 964 2690">
     <span class='ocr_line' id='line_1_71' title="bbox 181 2651 964 2690; baseline -0.004 -10"><span class='ocrx_word' id='word_1_514' title='bbox 181 2653 287 2680; x_wconf 62' lang='lat' dir='ltr'><strong>eodem</strong></span> <span class='ocrx_word' id='word_1_515' title='bbox 299 2673 306 2685; x_wconf 95' lang='lat'><strong>,</strong></span> <span class='ocrx_word' id='word_1_516' title='bbox 322 2655 369 2681; x_wconf 69' lang='grc' dir='ltr'><strong>καὶ</strong></span> <span class='ocrx_word' id='word_1_517' title='bbox 384 2655 549 2690; x_wconf 80' lang='grc' dir='ltr'>συνήντησεν</span> <span class='ocrx_word' id='word_1_518' title='bbox 565 2653 649 2688; x_wconf 74' lang='grc' dir='ltr'>αὐτῷ,</span> <span class='ocrx_word' id='word_1_519' title='bbox 668 2652 750 2688; x_wconf 76' lang='grc' dir='ltr'>μηδὲν</span> <span class='ocrx_word' id='word_1_520' title='bbox 766 2660 792 2678; x_wconf 89' lang='grc' dir='ltr'><strong>τι</strong></span> <span class='ocrx_word' id='word_1_521' title='bbox 805 2651 964 2686; x_wconf 71' lang='grc' dir='ltr'>διακριθεὶς,</span> 
     </span>
    </p>
   </div>
   <div class='ocr_carea' id='block_1_72' title="bbox 216 2721 912 2754">
    <p class='ocr_par' dir='ltr' id='par_1_72' title="bbox 216 2721 912 2754">
     <span class='ocr_line' id='line_1_72' title="bbox 216 2721 912 2754; baseline -0.003 -5"><span class='ocrx_word' id='word_1_522' title='bbox 216 2723 226 2738; x_wconf 89' lang='grc'><em>³</em></span> <span class='ocrx_word' id='word_1_523' title='bbox 241 2722 328 2751; x_wconf 78' lang='lat' dir='ltr'><strong>Exod.</strong></span> <span class='ocrx_word' id='word_1_524' title='bbox 346 2731 382 2754; x_wconf 87' lang='lat' dir='ltr'><strong>Iv.</strong></span> <span class='ocrx_word' id='word_1_525' title='bbox 399 2723 442 2751; x_wconf 79' lang='lat' dir='ltr'><strong>l5.</strong></span> <span class='ocrx_word' id='word_1_526' title='bbox 464 2724 474 2739; x_wconf 82' lang='lat'>&#39;</span> <span class='ocrx_word' id='word_1_527' title='bbox 490 2722 591 2753; x_wconf 81' lang='lat' dir='ltr'><strong>Jerem.</strong></span> <span class='ocrx_word' id='word_1_528' title='bbox 614 2731 632 2753; x_wconf 79' lang='grc' dir='ltr'><strong>ι,</strong></span> <span class='ocrx_word' id='word_1_529' title='bbox 649 2723 676 2750; x_wconf 91' lang='grc'>6.</span> <span class='ocrx_word' id='word_1_530' title='bbox 697 2722 708 2737; x_wconf 75' lang='grc'><strong>⁸</strong></span> <span class='ocrx_word' id='word_1_531' title='bbox 724 2721 808 2748; x_wconf 73' lang='lat' dir='ltr'><strong>Exod.</strong></span> <span class='ocrx_word' id='word_1_532' title='bbox 825 2730 851 2753; x_wconf 82' lang='grc' dir='ltr'><strong>ν,</strong></span> <span class='ocrx_word' id='word_1_533' title='bbox 868 2722 912 2748; x_wconf 65' lang='grc'><strong>27.</strong></span> 
     </span>
    </p>
   </div>
   <div class='ocr_carea' id='block_1_73' title="bbox 216 2779 756 2851">
    <p class='ocr_par' dir='ltr' id='par_1_73' title="bbox 216 2779 756 2851">
     <span class='ocr_line' id='line_1_73' title="bbox 230 2779 756 2815; baseline -0.002 -8"><span class='ocrx_word' id='word_1_534' title='bbox 230 2780 254 2815; x_wconf 82' lang='grc'><strong>1)</strong></span> <span class='ocrx_word' id='word_1_535' title='bbox 273 2781 342 2807; x_wconf 76' lang='lat' dir='ltr'><strong>Ante</strong></span> <span class='ocrx_word' id='word_1_536' title='bbox 356 2781 400 2807; x_wconf 79' lang='grc' dir='ltr'>ἵνα</span> <span class='ocrx_word' id='word_1_537' title='bbox 414 2780 488 2807; x_wconf 83' lang='lat' dir='ltr'><strong>addit</strong></span> <span class='ocrx_word' id='word_1_538' title='bbox 502 2780 519 2807; x_wconf 92' lang='lat' dir='ltr'><strong>b</strong></span> <span class='ocrx_word' id='word_1_539' title='bbox 537 2779 636 2815; x_wconf 78' lang='grc' dir='ltr'>μᾶλλον</span> <span class='ocrx_word' id='word_1_540' title='bbox 646 2779 673 2805; x_wconf 81' lang='grc' dir='ltr'>δὲ</span> <span class='ocrx_word' id='word_1_541' title='bbox 687 2779 756 2814; x_wconf 79' lang='grc' dir='ltr'>βίαν.</span> 
     </span>
     <span class='ocr_line' id='line_1_74' title="bbox 216 2781 444 2851; baseline 0 -9"><span class='ocrx_word' id='word_1_542' title='bbox 216 2781 254 2851; x_wconf 60' lang='lat'>(2)</span> <span class='ocrx_word' id='word_1_543' title='bbox 272 2815 405 2851; x_wconf 85' lang='grc' dir='ltr'>Ποιμαίνῃ</span> <span class='ocrx_word' id='word_1_544' title='bbox 418 2816 444 2842; x_wconf 92' lang='lat' dir='ltr'><strong>b.</strong></span> 
     </span>
    </p>
   </div>
   <div class='ocr_carea' id='block_1_74' title="bbox 219 2815 649 2886">
    <p class='ocr_par' dir='ltr' id='par_1_74' title="bbox 219 2815 649 2886">
     <span class='ocr_line' id='line_1_75' title="bbox 219 2815 444 2851; baseline 0 -9"><span class='ocrx_word' id='word_1_545' title='bbox 219 2815 254 2851; x_wconf 69' lang='lat'>(2)</span> <span class='ocrx_word' id='word_1_546' title='bbox 272 2815 405 2851; x_wconf 85' lang='grc' dir='ltr'>Ποιμαίνῃ</span> <span class='ocrx_word' id='word_1_547' title='bbox 418 2816 444 2842; x_wconf 92' lang='lat' dir='ltr'><strong>b.</strong></span> 
     </span>
     <span class='ocr_line' id='line_1_76' title="bbox 219 2851 649 2886; baseline -0.002 -7"><span class='ocrx_word' id='word_1_548' title='bbox 219 2851 256 2884; x_wconf 74' lang='grc'><strong>(5)</strong></span> <span class='ocrx_word' id='word_1_549' title='bbox 268 2851 360 2878; x_wconf 83' lang='grc' dir='ltr'>Πάντα</span> <span class='ocrx_word' id='word_1_550' title='bbox 375 2858 423 2886; x_wconf 86' lang='lat' dir='ltr'><strong>pro</strong></span> <span class='ocrx_word' id='word_1_551' title='bbox 442 2851 509 2886; x_wconf 66' lang='grc' dir='ltr'>πρός</span> <span class='ocrx_word' id='word_1_552' title='bbox 523 2851 552 2882; x_wconf 86' lang='lat' dir='ltr'><strong>b,</strong></span> <span class='ocrx_word' id='word_1_553' title='bbox 566 2855 649 2878; x_wconf 75' lang='lat' dir='ltr'><strong>recte.</strong></span> 
     </span>
    </p>
   </div>
   <div class='ocr_carea' id='block_1_75' title="bbox 219 2886 500 2923">
    <p class='ocr_par' dir='ltr' id='par_1_75' title="bbox 219 2886 500 2923">
     <span class='ocr_line' id='line_1_77' title="bbox 219 2886 500 2923; baseline 0 0"><span class='ocrx_word' id='word_1_554' title='bbox 219 2887 254 2923; x_wconf 66' lang='lat' dir='ltr'><strong>to</strong></span> <span class='ocrx_word' id='word_1_555' title='bbox 272 2886 379 2923; x_wconf 53' lang='lat' dir='ltr'><strong>amr</strong></span> <span class='ocrx_word' id='word_1_556' title='bbox 395 2886 458 2923; x_wconf 65' lang='grc' dir='ltr'>ὺμὶν</span> <span class='ocrx_word' id='word_1_557' title='bbox 470 2887 500 2913; x_wconf 70' lang='lat' dir='ltr'><strong>b-</strong></span> 
     </span>
    </p>
   </div>
   <div class='ocr_carea' id='block_1_76' title="bbox 221 2919 950 2958">
    <p class='ocr_par' dir='ltr' id='par_1_76' title="bbox 221 2919 950 2958">
     <span class='ocr_line' id='line_1_78' title="bbox 221 2919 950 2958; baseline -0.003 -10"><span class='ocrx_word' id='word_1_558' title='bbox 221 2921 258 2958; x_wconf 83' lang='lat'>(5)</span> <span class='ocrx_word' id='word_1_559' title='bbox 270 2921 328 2949; x_wconf 85' lang='grc' dir='ltr'><strong>Νῦν</strong></span> <span class='ocrx_word' id='word_1_560' title='bbox 340 2919 505 2958; x_wconf 75' lang='grc' dir='ltr'>τέροστίθημι</span> <span class='ocrx_word' id='word_1_561' title='bbox 519 2921 597 2949; x_wconf 84' lang='lat' dir='ltr'><strong>habet</strong></span> <span class='ocrx_word' id='word_1_562' title='bbox 610 2921 691 2958; x_wconf 88' lang='lat' dir='ltr'><strong>paulo</strong></span> <span class='ocrx_word' id='word_1_563' title='bbox 701 2924 762 2956; x_wconf 78' lang='lat' dir='ltr'><strong>post</strong></span> <span class='ocrx_word' id='word_1_564' title='bbox 776 2923 838 2948; x_wconf 84' lang='lat' dir='ltr'><strong>ante</strong></span> <span class='ocrx_word' id='word_1_565' title='bbox 853 2919 913 2946; x_wconf 79' lang='grc' dir='ltr'>ἐπεί</span> <span class='ocrx_word' id='word_1_566' title='bbox 923 2919 950 2948; x_wconf 87' lang='lat' dir='ltr'><strong>b.</strong></span> 
     </span>
    </p>
   </div>
   <div class='ocr_carea' id='block_1_77' title="bbox 1007 957 1798 993">
    <p class='ocr_par' dir='ltr' id='par_1_77' title="bbox 1007 957 1798 993">
     <span class='ocr_line' id='line_1_79' title="bbox 1007 957 1798 993; baseline 0.001 -8"><span class='ocrx_word' id='word_1_567' title='bbox 1007 958 1084 992; x_wconf 83' lang='lat' dir='ltr'><strong>jicio,</strong></span> <span class='ocrx_word' id='word_1_568' title='bbox 1096 957 1226 985; x_wconf 88' lang='lat' dir='ltr'><strong>nimirum</strong></span> <span class='ocrx_word' id='word_1_569' title='bbox 1245 958 1319 993; x_wconf 90' lang='lat' dir='ltr'><strong>quod</strong></span> <span class='ocrx_word' id='word_1_570' title='bbox 1335 959 1377 985; x_wconf 67' lang='lat' dir='ltr'><strong>vis</strong></span> <span class='ocrx_word' id='word_1_571' title='bbox 1400 958 1458 985; x_wconf 66' lang='lat' dir='ltr'><strong>haec</strong></span> <span class='ocrx_word' id='word_1_572' title='bbox 1482 958 1561 985; x_wconf 90' lang='lat' dir='ltr'><strong>nobis</strong></span> <span class='ocrx_word' id='word_1_573' title='bbox 1577 958 1672 990; x_wconf 83' lang='lat' dir='ltr'><strong>allata,</strong></span> <span class='ocrx_word' id='word_1_574' title='bbox 1685 958 1755 986; x_wconf 83' lang='lat' dir='ltr'><strong>bona</strong></span> <span class='ocrx_word' id='word_1_575' title='bbox 1770 963 1798 986; x_wconf 89' lang='lat' dir='ltr'><strong>et</strong></span> 
     </span>
    </p>
   </div>
   <div class='ocr_carea' id='block_1_78' title="bbox 1010 1002 1796 1038">
    <p class='ocr_par' dir='ltr' id='par_1_78' title="bbox 1010 1002 1796 1038">
     <span class='ocr_line' id='line_1_80' title="bbox 1010 1002 1796 1038; baseline 0.001 -9"><span class='ocrx_word' id='word_1_576' title='bbox 1010 1002 1145 1030; x_wconf 88' lang='lat' dir='ltr'><strong>laudanda</strong></span> <span class='ocrx_word' id='word_1_577' title='bbox 1171 1003 1222 1030; x_wconf 88' lang='lat' dir='ltr'><strong>sit:</strong></span> <span class='ocrx_word' id='word_1_578' title='bbox 1239 1003 1368 1038; x_wconf 86' lang='lat' dir='ltr'><strong>quoniam</strong></span> <span class='ocrx_word' id='word_1_579' title='bbox 1397 1006 1460 1030; x_wconf 84' lang='lat' dir='ltr'><strong>ante</strong></span> <span class='ocrx_word' id='word_1_580' title='bbox 1489 1003 1699 1038; x_wconf 85' lang='lat' dir='ltr'><strong>haudquaquam</strong></span> <span class='ocrx_word' id='word_1_581' title='bbox 1730 1004 1796 1030; x_wconf 91' lang='lat' dir='ltr'><strong>mihi</strong></span> 
     </span>
    </p>
   </div>
   <div class='ocr_carea' id='block_1_79' title="bbox 1011 1048 1796 1080">
    <p class='ocr_par' dir='ltr' id='par_1_79' title="bbox 1011 1048 1796 1080">
     <span class='ocr_line' id='line_1_81' title="bbox 1011 1048 1796 1080; baseline 0.001 -5"><span class='ocrx_word' id='word_1_582' title='bbox 1011 1049 1080 1076; x_wconf 90' lang='lat' dir='ltr'><strong>bona</strong></span> <span class='ocrx_word' id='word_1_583' title='bbox 1096 1048 1251 1080; x_wconf 86' lang='lat' dir='ltr'><strong>videbatur,</strong></span> <span class='ocrx_word' id='word_1_584' title='bbox 1271 1057 1364 1076; x_wconf 88' lang='lat' dir='ltr'><strong>verum</strong></span> <span class='ocrx_word' id='word_1_585' title='bbox 1377 1057 1449 1076; x_wconf 60' lang='lat' dir='ltr'><strong>salva</strong></span> <span class='ocrx_word' id='word_1_586' title='bbox 1462 1053 1490 1078; x_wconf 77' lang='lat' dir='ltr'><strong>et</strong></span> <span class='ocrx_word' id='word_1_587' title='bbox 1499 1049 1682 1077; x_wconf 87' lang='lat' dir='ltr'><strong>incommoda.</strong></span> <span class='ocrx_word' id='word_1_588' title='bbox 1695 1048 1796 1077; x_wconf 83' lang='lat' dir='ltr'><strong>Bonam</strong></span> 
     </span>
    </p>
   </div>
   <div class='ocr_carea' id='block_1_80' title="bbox 1010 1094 1797 1131">
    <p class='ocr_par' dir='ltr' id='par_1_80' title="bbox 1010 1094 1797 1131">
     <span class='ocr_line' id='line_1_82' title="bbox 1010 1094 1797 1131; baseline 0.001 -10"><span class='ocrx_word' id='word_1_589' title='bbox 1010 1098 1101 1122; x_wconf 89' lang='lat' dir='ltr'><strong>autem</strong></span> <span class='ocrx_word' id='word_1_590' title='bbox 1118 1095 1243 1122; x_wconf 88' lang='lat' dir='ltr'><strong>eamdem</strong></span> <span class='ocrx_word' id='word_1_591' title='bbox 1257 1102 1330 1122; x_wconf 91' lang='lat' dir='ltr'><strong>nunc</strong></span> <span class='ocrx_word' id='word_1_592' title='bbox 1348 1094 1422 1128; x_wconf 87' lang='lat' dir='ltr'><strong>dico,</strong></span> <span class='ocrx_word' id='word_1_593' title='bbox 1434 1099 1528 1131; x_wconf 87' lang='lat' dir='ltr'><strong>utpote</strong></span> <span class='ocrx_word' id='word_1_594' title='bbox 1542 1103 1558 1123; x_wconf 91' lang='lat' dir='ltr'><strong>a</strong></span> <span class='ocrx_word' id='word_1_595' title='bbox 1572 1096 1644 1123; x_wconf 91' lang='lat' dir='ltr'><strong>bono</strong></span> <span class='ocrx_word' id='word_1_596' title='bbox 1655 1095 1739 1122; x_wconf 85' lang='lat' dir='ltr'><strong>animi</strong></span> <span class='ocrx_word' id='word_1_597' title='bbox 1757 1095 1797 1122; x_wconf 88' lang='lat' dir='ltr'><strong>af-</strong></span> 
     </span>
    </p>
   </div>
   <div class='ocr_carea' id='block_1_81' title="bbox 1011 1139 1796 1176">
    <p class='ocr_par' dir='ltr' id='par_1_81' title="bbox 1011 1139 1796 1176">
     <span class='ocr_line' id='line_1_83' title="bbox 1011 1139 1796 1176; baseline 0 -9"><span class='ocrx_word' id='word_1_598' title='bbox 1011 1140 1082 1167; x_wconf 88' lang='lat' dir='ltr'><strong>fectu</strong></span> <span class='ocrx_word' id='word_1_599' title='bbox 1102 1144 1202 1167; x_wconf 89' lang='lat' dir='ltr'><strong>natam.</strong></span> <span class='ocrx_word' id='word_1_600' title='bbox 1221 1139 1275 1167; x_wconf 89' lang='lat' dir='ltr'><strong>Vos</strong></span> <span class='ocrx_word' id='word_1_601' title='bbox 1299 1144 1389 1168; x_wconf 89' lang='lat' dir='ltr'><strong>autem</strong></span> <span class='ocrx_word' id='word_1_602' title='bbox 1415 1139 1534 1169; x_wconf 81' lang='lat' dir='ltr'><strong>vicissim</strong></span> <span class='ocrx_word' id='word_1_603' title='bbox 1563 1141 1629 1168; x_wconf 93' lang='lat' dir='ltr'><strong>mihi</strong></span> <span class='ocrx_word' id='word_1_604' title='bbox 1654 1141 1796 1176; x_wconf 74' lang='lat' dir='ltr'><strong>ignoscite,</strong></span> 
     </span>
    </p>
   </div>
   <div class='ocr_carea' id='block_1_82' title="bbox 1011 1185 1796 1221">
    <p class='ocr_par' dir='ltr' id='par_1_82' title="bbox 1011 1185 1796 1221">
     <span class='ocr_line' id='line_1_84' title="bbox 1011 1185 1796 1221; baseline 0.001 -9"><span class='ocrx_word' id='word_1_605' title='bbox 1011 1185 1033 1212; x_wconf 91' lang='lat' dir='ltr'><strong>si</strong></span> <span class='ocrx_word' id='word_1_606' title='bbox 1053 1185 1119 1221; x_wconf 91' lang='lat' dir='ltr'><strong>quid</strong></span> <span class='ocrx_word' id='word_1_607' title='bbox 1139 1193 1197 1213; x_wconf 89' lang='lat' dir='ltr'><strong>mea</strong></span> <span class='ocrx_word' id='word_1_608' title='bbox 1219 1193 1267 1213; x_wconf 87' lang='lat' dir='ltr'><strong>vos</strong></span> <span class='ocrx_word' id='word_1_609' title='bbox 1290 1186 1408 1214; x_wconf 83' lang='lat' dir='ltr'><strong>tarditas</strong></span> <span class='ocrx_word' id='word_1_610' title='bbox 1433 1186 1588 1217; x_wconf 84' lang='lat' dir='ltr'><strong>offenderit.</strong></span> <span class='ocrx_word' id='word_1_611' title='bbox 1603 1190 1631 1214; x_wconf 88' lang='lat' dir='ltr'><strong>et</strong></span> <span class='ocrx_word' id='word_1_612' title='bbox 1657 1187 1722 1218; x_wconf 82' lang='lat' dir='ltr'><strong>quia</strong></span> <span class='ocrx_word' id='word_1_613' title='bbox 1741 1193 1796 1214; x_wconf 87' lang='lat' dir='ltr'><strong>non</strong></span> 
     </span>
    </p>
   </div>
   <div class='ocr_carea' id='block_1_83' title="bbox 1010 1232 1796 1267">
    <p class='ocr_par' dir='ltr' id='par_1_83' title="bbox 1010 1232 1796 1267">
     <span class='ocr_line' id='line_1_85' title="bbox 1010 1232 1796 1267; baseline 0.004 -10"><span class='ocrx_word' id='word_1_614' title='bbox 1010 1232 1113 1263; x_wconf 86' lang='lat' dir='ltr'><strong>statim,</strong></span> <span class='ocrx_word' id='word_1_615' title='bbox 1135 1236 1165 1258; x_wconf 92' lang='lat' dir='ltr'><strong>ut</strong></span> <span class='ocrx_word' id='word_1_616' title='bbox 1180 1237 1293 1259; x_wconf 88' lang='lat' dir='ltr'><strong>vocatus</strong></span> <span class='ocrx_word' id='word_1_617' title='bbox 1305 1240 1376 1263; x_wconf 90' lang='lat' dir='ltr'><strong>sum,</strong></span> <span class='ocrx_word' id='word_1_618' title='bbox 1390 1233 1508 1260; x_wconf 86' lang='lat' dir='ltr'><strong>accurri.</strong></span> <span class='ocrx_word' id='word_1_619' title='bbox 1526 1232 1688 1267; x_wconf 89' lang='lat' dir='ltr'><strong>Quanquam</strong></span> <span class='ocrx_word' id='word_1_620' title='bbox 1702 1233 1725 1260; x_wconf 87' lang='lat' dir='ltr'><strong>si</strong></span> <span class='ocrx_word' id='word_1_621' title='bbox 1741 1240 1796 1260; x_wconf 92' lang='lat' dir='ltr'><strong>non</strong></span> 
     </span>
    </p>
   </div>
   <div class='ocr_carea' id='block_1_84' title="bbox 1011 1277 1800 1312">
    <p class='ocr_par' dir='ltr' id='par_1_84' title="bbox 1011 1277 1800 1312">
     <span class='ocr_line' id='line_1_86' title="bbox 1011 1277 1800 1312; baseline 0.001 -9"><span class='ocrx_word' id='word_1_622' title='bbox 1011 1277 1082 1311; x_wconf 87' lang='lat' dir='ltr'><strong>apud</strong></span> <span class='ocrx_word' id='word_1_623' title='bbox 1105 1284 1165 1308; x_wconf 84' lang='lat' dir='ltr'><strong>vos.</strong></span> <span class='ocrx_word' id='word_1_624' title='bbox 1182 1281 1258 1304; x_wconf 89' lang='lat' dir='ltr'><strong>certe</strong></span> <span class='ocrx_word' id='word_1_625' title='bbox 1272 1277 1343 1311; x_wconf 89' lang='lat' dir='ltr'><strong>apud</strong></span> <span class='ocrx_word' id='word_1_626' title='bbox 1369 1277 1453 1304; x_wconf 83' lang='lat' dir='ltr'><strong>Deum</strong></span> <span class='ocrx_word' id='word_1_627' title='bbox 1477 1277 1655 1312; x_wconf 57' lang='lat' dir='ltr'><strong>praestantior</strong></span> <span class='ocrx_word' id='word_1_628' title='bbox 1677 1282 1720 1305; x_wconf 87' lang='lat' dir='ltr'><strong>est</strong></span> <span class='ocrx_word' id='word_1_629' title='bbox 1746 1278 1800 1304; x_wconf 74' lang='lat' dir='ltr'><strong>cir-</strong></span> 
     </span>
    </p>
   </div>
   <div class='ocr_carea' id='block_1_85' title="bbox 1011 1321 1797 1356">
    <p class='ocr_par' dir='ltr' id='par_1_85' title="bbox 1011 1321 1797 1356">
     <span class='ocr_line' id='line_1_87' title="bbox 1011 1321 1797 1356; baseline 0 -7"><span class='ocrx_word' id='word_1_630' title='bbox 1011 1325 1168 1356; x_wconf 85' lang='lat' dir='ltr'><strong>cumspecta</strong></span> <span class='ocrx_word' id='word_1_631' title='bbox 1178 1322 1233 1349; x_wconf 62' lang='lat' dir='ltr'><strong>hate</strong></span> <span class='ocrx_word' id='word_1_632' title='bbox 1241 1322 1356 1349; x_wconf 85' lang='lat' dir='ltr'><strong>tarditas</strong></span> <span class='ocrx_word' id='word_1_633' title='bbox 1364 1322 1478 1349; x_wconf 89' lang='lat' dir='ltr'><strong>aliorum</strong></span> <span class='ocrx_word' id='word_1_634' title='bbox 1487 1322 1640 1350; x_wconf 86' lang='lat' dir='ltr'><strong>inconsulta</strong></span> <span class='ocrx_word' id='word_1_635' title='bbox 1649 1321 1797 1349; x_wconf 86' lang='lat' dir='ltr'><strong>celeritate.</strong></span> 
     </span>
    </p>
   </div>
   <div class='ocr_carea' id='block_1_86' title="bbox 1047 1367 1799 1403">
    <p class='ocr_par' dir='ltr' id='par_1_86' title="bbox 1047 1367 1799 1403">
     <span class='ocr_line' id='line_1_88' title="bbox 1047 1367 1799 1403; baseline 0 -9"><span class='ocrx_word' id='word_1_636' title='bbox 1047 1368 1149 1395; x_wconf 81' lang='lat' dir='ltr'><strong>Bonum</strong></span> <span class='ocrx_word' id='word_1_637' title='bbox 1166 1368 1235 1394; x_wconf 75' lang='lat' dir='ltr'><strong>enim</strong></span> <span class='ocrx_word' id='word_1_638' title='bbox 1254 1372 1303 1399; x_wconf 81' lang='lat' dir='ltr'><strong>est,</strong></span> <span class='ocrx_word' id='word_1_639' title='bbox 1323 1373 1376 1395; x_wconf 85' lang='lat' dir='ltr'><strong>etc.</strong></span> <span class='ocrx_word' id='word_1_640' title='bbox 1393 1367 1544 1403; x_wconf 87' lang='lat' dir='ltr'><strong>Utrumque</strong></span> <span class='ocrx_word' id='word_1_641' title='bbox 1557 1375 1587 1395; x_wconf 87' lang='lat' dir='ltr'><strong>se</strong></span> <span class='ocrx_word' id='word_1_642' title='bbox 1602 1372 1677 1395; x_wconf 84' lang='lat' dir='ltr'><strong>recte</strong></span> <span class='ocrx_word' id='word_1_643' title='bbox 1690 1375 1722 1394; x_wconf 81' lang='lat' dir='ltr'><strong>ac</strong></span> <span class='ocrx_word' id='word_1_644' title='bbox 1740 1368 1799 1394; x_wconf 83' lang='lat' dir='ltr'><strong>lau-</strong></span> 
     </span>
    </p>
   </div>
   <div class='ocr_carea' id='block_1_87' title="bbox 1011 1412 1799 1449">
    <p class='ocr_par' dir='ltr' id='par_1_87' title="bbox 1011 1412 1799 1449">
     <span class='ocr_line' id='line_1_89' title="bbox 1011 1412 1799 1449; baseline 0 -8"><span class='ocrx_word' id='word_1_645' title='bbox 1011 1413 1139 1441; x_wconf 85' lang='lat' dir='ltr'><strong>dabiliter</strong></span> <span class='ocrx_word' id='word_1_646' title='bbox 1152 1412 1251 1441; x_wconf 76' lang='lat' dir='ltr'><strong>fecisse</strong></span> <span class='ocrx_word' id='word_1_647' title='bbox 1265 1414 1420 1445; x_wconf 79' lang='lat' dir='ltr'><strong>continual.</strong></span> <span class='ocrx_word' id='word_1_648' title='bbox 1441 1418 1498 1442; x_wconf 86' lang='lat' dir='ltr'><strong>tum</strong></span> <span class='ocrx_word' id='word_1_649' title='bbox 1513 1413 1587 1449; x_wconf 84' lang='lat' dir='ltr'><strong>quod</strong></span> <span class='ocrx_word' id='word_1_650' title='bbox 1604 1414 1680 1449; x_wconf 90' lang='lat' dir='ltr'><strong>prius</strong></span> <span class='ocrx_word' id='word_1_651' title='bbox 1705 1422 1799 1441; x_wconf 80' lang='lat' dir='ltr'><strong>seces-</strong></span> 
     </span>
    </p>
   </div>
   <div class='ocr_carea' id='block_1_88' title="bbox 1013 1459 1799 1495">
    <p class='ocr_par' dir='ltr' id='par_1_88' title="bbox 1013 1459 1799 1495">
     <span class='ocr_line' id='line_1_90' title="bbox 1013 1459 1799 1495; baseline -0.001 -8"><span class='ocrx_word' id='word_1_652' title='bbox 1013 1459 1090 1490; x_wconf 87' lang='lat' dir='ltr'><strong>serit.</strong></span> <span class='ocrx_word' id='word_1_653' title='bbox 1108 1459 1253 1487; x_wconf 86' lang='lat' dir='ltr'><strong>sacerdotii</strong></span> <span class='ocrx_word' id='word_1_654' title='bbox 1278 1460 1493 1495; x_wconf 76' lang='lat' dir='ltr'><strong>magnitudinem</strong></span> <span class='ocrx_word' id='word_1_655' title='bbox 1523 1459 1718 1492; x_wconf 79' lang='lat' dir='ltr'><strong>reformidans,</strong></span> <span class='ocrx_word' id='word_1_656' title='bbox 1742 1464 1799 1486; x_wconf 91' lang='lat' dir='ltr'><strong>tum</strong></span> 
     </span>
    </p>
   </div>
   <div class='ocr_carea' id='block_1_89' title="bbox 1013 1505 1801 1541">
    <p class='ocr_par' dir='ltr' id='par_1_89' title="bbox 1013 1505 1801 1541">
     <span class='ocr_line' id='line_1_91' title="bbox 1013 1505 1801 1541; baseline -0.001 -9"><span class='ocrx_word' id='word_1_657' title='bbox 1013 1506 1085 1541; x_wconf 86' lang='lat' dir='ltr'><strong>quod</strong></span> <span class='ocrx_word' id='word_1_658' title='bbox 1096 1509 1189 1541; x_wconf 86' lang='lat' dir='ltr'><strong>postea</strong></span> <span class='ocrx_word' id='word_1_659' title='bbox 1202 1512 1330 1533; x_wconf 87' lang='lat' dir='ltr'><strong>reversus</strong></span> <span class='ocrx_word' id='word_1_660' title='bbox 1352 1505 1398 1539; x_wconf 88' lang='lat' dir='ltr'><strong>sit,</strong></span> <span class='ocrx_word' id='word_1_661' title='bbox 1417 1513 1450 1532; x_wconf 89' lang='lat' dir='ltr'><strong>ne</strong></span> <span class='ocrx_word' id='word_1_662' title='bbox 1466 1505 1494 1532; x_wconf 94' lang='lat' dir='ltr'><strong>in</strong></span> <span class='ocrx_word' id='word_1_663' title='bbox 1519 1505 1625 1533; x_wconf 88' lang='lat' dir='ltr'><strong>crimen</strong></span> <span class='ocrx_word' id='word_1_664' title='bbox 1640 1505 1801 1532; x_wconf 86' lang='lat' dir='ltr'><strong>inobedien-</strong></span> 
     </span>
    </p>
   </div>
   <div class='ocr_carea' id='block_1_90' title="bbox 1015 1550 1787 1586">
    <p class='ocr_par' dir='ltr' id='par_1_90' title="bbox 1015 1550 1787 1586">
     <span class='ocr_line' id='line_1_92' title="bbox 1015 1550 1787 1586; baseline -0.001 -8"><span class='ocrx_word' id='word_1_665' title='bbox 1015 1551 1060 1578; x_wconf 65' lang='lat' dir='ltr'><strong>tiae</strong></span> <span class='ocrx_word' id='word_1_666' title='bbox 1080 1550 1246 1578; x_wconf 86' lang='lat' dir='ltr'><strong>incurreret.</strong></span> <span class='ocrx_word' id='word_1_667' title='bbox 1266 1550 1356 1586; x_wconf 79' lang='lat' dir='ltr'><strong>Atque</strong></span> <span class='ocrx_word' id='word_1_668' title='bbox 1377 1551 1500 1586; x_wconf 88' lang='lat' dir='ltr'><strong>exempla</strong></span> <span class='ocrx_word' id='word_1_669' title='bbox 1520 1551 1631 1580; x_wconf 88' lang='lat' dir='ltr'><strong>timoris</strong></span> <span class='ocrx_word' id='word_1_670' title='bbox 1647 1555 1676 1579; x_wconf 88' lang='lat' dir='ltr'><strong>et</strong></span> <span class='ocrx_word' id='word_1_671' title='bbox 1704 1551 1787 1578; x_wconf 82' lang='lat' dir='ltr'><strong>alacri</strong></span> 
     </span>
    </p>
   </div>
   <div class='ocr_carea' id='block_1_91' title="bbox 1016 1596 1800 1625">
    <p class='ocr_par' dir='ltr' id='par_1_91' title="bbox 1016 1596 1800 1625">
     <span class='ocr_line' id='line_1_93' title="bbox 1016 1596 1800 1625; baseline 0 -1"><span class='ocrx_word' id='word_1_672' title='bbox 1016 1598 1082 1625; x_wconf 86' lang='lat' dir='ltr'><strong>tatis</strong></span> <span class='ocrx_word' id='word_1_673' title='bbox 1095 1605 1110 1624; x_wconf 92' lang='lat' dir='ltr'><strong>a</strong></span> <span class='ocrx_word' id='word_1_674' title='bbox 1122 1596 1229 1625; x_wconf 86' lang='lat' dir='ltr'><strong>Veteris</strong></span> <span class='ocrx_word' id='word_1_675' title='bbox 1238 1597 1405 1625; x_wconf 86' lang='lat' dir='ltr'><strong>Testamenti</strong></span> <span class='ocrx_word' id='word_1_676' title='bbox 1416 1597 1530 1625; x_wconf 82' lang='lat' dir='ltr'><strong>historia</strong></span> <span class='ocrx_word' id='word_1_677' title='bbox 1545 1597 1676 1625; x_wconf 80' lang='lat' dir='ltr'><strong>desumit.</strong></span> <span class='ocrx_word' id='word_1_678' title='bbox 1694 1597 1800 1624; x_wconf 88' lang='lat' dir='ltr'><strong>Bonum</strong></span> 
     </span>
    </p>
   </div>
   <div class='ocr_carea' id='block_1_92' title="bbox 1013 1643 1800 1680">
    <p class='ocr_par' dir='ltr' id='par_1_92' title="bbox 1013 1643 1800 1680">
     <span class='ocr_line' id='line_1_94' title="bbox 1013 1643 1800 1680; baseline -0.001 -10"><span class='ocrx_word' id='word_1_679' title='bbox 1013 1643 1084 1671; x_wconf 81' lang='lat' dir='ltr'><strong>enim</strong></span> <span class='ocrx_word' id='word_1_680' title='bbox 1105 1647 1156 1677; x_wconf 80' lang='lat' dir='ltr'><strong>est,</strong></span> <span class='ocrx_word' id='word_1_681' title='bbox 1180 1643 1278 1678; x_wconf 87' lang='lat' dir='ltr'><strong>inquit,</strong></span> <span class='ocrx_word' id='word_1_682' title='bbox 1307 1647 1334 1672; x_wconf 86' lang='lat' dir='ltr'><strong>et</strong></span> <span class='ocrx_word' id='word_1_683' title='bbox 1354 1643 1388 1670; x_wconf 91' lang='lat' dir='ltr'><strong>ad</strong></span> <span class='ocrx_word' id='word_1_684' title='bbox 1403 1643 1514 1680; x_wconf 89' lang='lat' dir='ltr'><strong>aliquod</strong></span> <span class='ocrx_word' id='word_1_685' title='bbox 1530 1649 1635 1680; x_wconf 82' lang='lat' dir='ltr'><strong>tempus</strong></span> <span class='ocrx_word' id='word_1_686' title='bbox 1662 1644 1800 1675; x_wconf 82' lang='lat' dir='ltr'><strong>recedere,</strong></span> 
     </span>
    </p>
   </div>
   <div class='ocr_carea' id='block_1_93' title="bbox 1015 1688 1798 1724">
    <p class='ocr_par' dir='ltr' id='par_1_93' title="bbox 1015 1688 1798 1724">
     <span class='ocr_line' id='line_1_95' title="bbox 1015 1688 1798 1724; baseline -0.003 -8"><span class='ocrx_word' id='word_1_687' title='bbox 1015 1696 1046 1716; x_wconf 84' lang='lat' dir='ltr'><strong>ac</strong></span> <span class='ocrx_word' id='word_1_688' title='bbox 1066 1688 1254 1724; x_wconf 56' lang='lat' dir='ltr'><strong>praefecturam</strong></span> <span class='ocrx_word' id='word_1_689' title='bbox 1277 1688 1380 1724; x_wconf 78' lang='lat' dir='ltr'><strong>fugere,</strong></span> <span class='ocrx_word' id='word_1_690' title='bbox 1398 1689 1505 1716; x_wconf 83' lang='lat' dir='ltr'><strong>etiamsi</strong></span> <span class='ocrx_word' id='word_1_691' title='bbox 1525 1688 1597 1717; x_wconf 84' lang='lat' dir='ltr'><strong>Deus</strong></span> <span class='ocrx_word' id='word_1_692' title='bbox 1614 1689 1671 1724; x_wconf 81' lang='lat' dir='ltr'><strong>ipse</strong></span> <span class='ocrx_word' id='word_1_693' title='bbox 1701 1689 1726 1715; x_wconf 89' lang='lat' dir='ltr'><strong>id</strong></span> <span class='ocrx_word' id='word_1_694' title='bbox 1754 1689 1798 1723; x_wconf 86' lang='lat' dir='ltr'><strong>ju-</strong></span> 
     </span>
    </p>
   </div>
   <div class='ocr_carea' id='block_1_94' title="bbox 1014 1734 1802 1770">
    <p class='ocr_par' dir='ltr' id='par_1_94' title="bbox 1014 1734 1802 1770">
     <span class='ocr_line' id='line_1_96' title="bbox 1014 1734 1802 1770; baseline -0.001 -9"><span class='ocrx_word' id='word_1_695' title='bbox 1014 1735 1086 1766; x_wconf 87' lang='lat' dir='ltr'><strong>beat,</strong></span> <span class='ocrx_word' id='word_1_696' title='bbox 1114 1738 1142 1760; x_wconf 88' lang='lat' dir='ltr'><strong>et</strong></span> <span class='ocrx_word' id='word_1_697' title='bbox 1165 1741 1261 1762; x_wconf 81' lang='lat' dir='ltr'><strong>rursus</strong></span> <span class='ocrx_word' id='word_1_698' title='bbox 1274 1741 1428 1762; x_wconf 85' lang='lat' dir='ltr'><strong>accurrere.</strong></span> <span class='ocrx_word' id='word_1_699' title='bbox 1459 1734 1552 1770; x_wconf 87' lang='lat' dir='ltr'><strong>Neque</strong></span> <span class='ocrx_word' id='word_1_700' title='bbox 1578 1735 1635 1762; x_wconf 72' lang='lat' dir='ltr'><strong>bzec</strong></span> <span class='ocrx_word' id='word_1_701' title='bbox 1656 1734 1721 1761; x_wconf 92' lang='lat' dir='ltr'><strong>mihi</strong></span> <span class='ocrx_word' id='word_1_702' title='bbox 1745 1735 1802 1768; x_wconf 84' lang='lat' dir='ltr'><strong>ipse</strong></span> 
     </span>
    </p>
   </div>
   <div class='ocr_carea' id='block_1_95' title="bbox 1015 1779 1802 1815">
    <p class='ocr_par' dir='ltr' id='par_1_95' title="bbox 1015 1779 1802 1815">
     <span class='ocr_line' id='line_1_97' title="bbox 1015 1779 1802 1815; baseline -0.001 -8"><span class='ocrx_word' id='word_1_703' title='bbox 1015 1781 1105 1815; x_wconf 75' lang='lat' dir='ltr'><strong>fingo;</strong></span> <span class='ocrx_word' id='word_1_704' title='bbox 1121 1788 1213 1808; x_wconf 88' lang='lat' dir='ltr'><strong>verum</strong></span> <span class='ocrx_word' id='word_1_705' title='bbox 1228 1785 1255 1807; x_wconf 84' lang='lat' dir='ltr'><strong>et</strong></span> <span class='ocrx_word' id='word_1_706' title='bbox 1266 1780 1377 1812; x_wconf 82' lang='lat' dir='ltr'><strong>Mosem.</strong></span> <span class='ocrx_word' id='word_1_707' title='bbox 1394 1786 1421 1808; x_wconf 89' lang='lat' dir='ltr'><strong>et</strong></span> <span class='ocrx_word' id='word_1_708' title='bbox 1445 1780 1619 1812; x_wconf 77' lang='lat' dir='ltr'><strong>Hieremiam,</strong></span> <span class='ocrx_word' id='word_1_709' title='bbox 1634 1788 1696 1808; x_wconf 92' lang='lat' dir='ltr'><strong>cum</strong></span> <span class='ocrx_word' id='word_1_710' title='bbox 1720 1787 1735 1806; x_wconf 85' lang='lat' dir='ltr'><strong>a</strong></span> <span class='ocrx_word' id='word_1_711' title='bbox 1749 1779 1802 1807; x_wconf 77' lang='lat' dir='ltr'><strong>Deo</strong></span> 
     </span>
    </p>
   </div>
   <div class='ocr_carea' id='block_1_96' title="bbox 1014 1826 1803 1862">
    <p class='ocr_par' dir='ltr' id='par_1_96' title="bbox 1014 1826 1803 1862">
     <span class='ocr_line' id='line_1_98' title="bbox 1014 1826 1803 1862; baseline -0.003 -9"><span class='ocrx_word' id='word_1_712' title='bbox 1014 1826 1197 1858; x_wconf 71' lang='lat' dir='ltr'><strong>mitterentur,</strong></span> <span class='ocrx_word' id='word_1_713' title='bbox 1218 1827 1288 1854; x_wconf 90' lang='lat' dir='ltr'><strong>hanc</strong></span> <span class='ocrx_word' id='word_1_714' title='bbox 1301 1827 1469 1862; x_wconf 84' lang='lat' dir='ltr'><strong>provinciam</strong></span> <span class='ocrx_word' id='word_1_715' title='bbox 1493 1834 1509 1853; x_wconf 84' lang='lat' dir='ltr'><strong>a</strong></span> <span class='ocrx_word' id='word_1_716' title='bbox 1530 1835 1560 1854; x_wconf 81' lang='lat' dir='ltr'><strong>se</strong></span> <span class='ocrx_word' id='word_1_717' title='bbox 1586 1826 1714 1861; x_wconf 75' lang='lat' dir='ltr'><strong>rejecisse</strong></span> <span class='ocrx_word' id='word_1_718' title='bbox 1729 1834 1803 1852; x_wconf 82' lang='lat' dir='ltr'><strong>com-</strong></span> 
     </span>
    </p>
   </div>
   <div class='ocr_carea' id='block_1_97' title="bbox 1015 1871 1797 1908">
    <p class='ocr_par' dir='ltr' id='par_1_97' title="bbox 1015 1871 1797 1908">
     <span class='ocr_line' id='line_1_99' title="bbox 1015 1871 1797 1908; baseline -0.001 -10"><span class='ocrx_word' id='word_1_719' title='bbox 1015 1872 1100 1908; x_wconf 85' lang='lat' dir='ltr'><strong>perio.</strong></span> <span class='ocrx_word' id='word_1_720' title='bbox 1119 1872 1207 1900; x_wconf 89' lang='lat' dir='ltr'><strong>Moses</strong></span> <span class='ocrx_word' id='word_1_721' title='bbox 1219 1873 1301 1904; x_wconf 84' lang='lat' dir='ltr'><strong>enim.</strong></span> <span class='ocrx_word' id='word_1_722' title='bbox 1318 1880 1379 1899; x_wconf 83' lang='lat' dir='ltr'><strong>cum</strong></span> <span class='ocrx_word' id='word_1_723' title='bbox 1395 1873 1419 1900; x_wconf 93' lang='lat' dir='ltr'><strong>ei</strong></span> <span class='ocrx_word' id='word_1_724' title='bbox 1439 1880 1454 1899; x_wconf 90' lang='lat' dir='ltr'><strong>a</strong></span> <span class='ocrx_word' id='word_1_725' title='bbox 1467 1871 1521 1899; x_wconf 87' lang='lat' dir='ltr'><strong>Deo</strong></span> <span class='ocrx_word' id='word_1_726' title='bbox 1538 1872 1699 1908; x_wconf 86' lang='lat' dir='ltr'><strong>imperatum</strong></span> <span class='ocrx_word' id='word_1_727' title='bbox 1714 1876 1797 1903; x_wconf 79' lang='lat' dir='ltr'><strong>essrt,</strong></span> 
     </span>
    </p>
   </div>
   <div class='ocr_carea' id='block_1_98' title="bbox 1016 1917 1794 1954">
    <p class='ocr_par' dir='ltr' id='par_1_98' title="bbox 1016 1917 1794 1954">
     <span class='ocr_line' id='line_1_100' title="bbox 1016 1917 1794 1954; baseline -0.004 -8"><span class='ocrx_word' id='word_1_728' title='bbox 1016 1923 1044 1946; x_wconf 93' lang='lat' dir='ltr'><strong>ut</strong></span> <span class='ocrx_word' id='word_1_729' title='bbox 1054 1917 1223 1946; x_wconf 85' lang='lat' dir='ltr'><strong>Pharaonem</strong></span> <span class='ocrx_word' id='word_1_730' title='bbox 1240 1917 1350 1954; x_wconf 64' lang='lat' dir='ltr'><strong>Egypti</strong></span> <span class='ocrx_word' id='word_1_731' title='bbox 1366 1926 1454 1954; x_wconf 78' lang='lat' dir='ltr'><strong>regem</strong></span> <span class='ocrx_word' id='word_1_732' title='bbox 1470 1918 1574 1950; x_wconf 89' lang='lat' dir='ltr'><strong>adiret,</strong></span> <span class='ocrx_word' id='word_1_733' title='bbox 1596 1918 1675 1953; x_wconf 83' lang='lat' dir='ltr'><strong>eique</strong></span> <span class='ocrx_word' id='word_1_734' title='bbox 1690 1917 1794 1944; x_wconf 87' lang='lat' dir='ltr'><strong>denun-</strong></span> 
     </span>
    </p>
   </div>
   <div class='ocr_carea' id='block_1_99' title="bbox 1015 1963 1801 2000">
    <p class='ocr_par' dir='ltr' id='par_1_99' title="bbox 1015 1963 1801 2000">
     <span class='ocr_line' id='line_1_101' title="bbox 1015 1963 1801 2000; baseline -0.003 -9"><span class='ocrx_word' id='word_1_735' title='bbox 1015 1964 1096 1992; x_wconf 87' lang='lat' dir='ltr'><strong>tiaret</strong></span> <span class='ocrx_word' id='word_1_736' title='bbox 1111 1968 1141 1991; x_wconf 88' lang='lat' dir='ltr'><strong>ut</strong></span> <span class='ocrx_word' id='word_1_737' title='bbox 1157 1965 1244 1999; x_wconf 90' lang='lat' dir='ltr'><strong>ipsius</strong></span> <span class='ocrx_word' id='word_1_738' title='bbox 1261 1964 1401 2000; x_wconf 88' lang='lat' dir='ltr'><strong>populum,</strong></span> <span class='ocrx_word' id='word_1_739' title='bbox 1417 1964 1468 1991; x_wconf 87' lang='lat' dir='ltr'><strong>hoc</strong></span> <span class='ocrx_word' id='word_1_740' title='bbox 1486 1969 1526 1992; x_wconf 90' lang='lat' dir='ltr'><strong>est</strong></span> <span class='ocrx_word' id='word_1_741' title='bbox 1549 1963 1669 1995; x_wconf 64' lang='lat' dir='ltr'><strong>Judmos,</strong></span> <span class='ocrx_word' id='word_1_742' title='bbox 1692 1964 1801 1990; x_wconf 80' lang='lat' dir='ltr'><strong>emitte-</strong></span> 
     </span>
    </p>
   </div>
   <div class='ocr_carea' id='block_1_100' title="bbox 1015 2009 1803 2044">
    <p class='ocr_par' dir='ltr' id='par_1_100' title="bbox 1015 2009 1803 2044">
     <span class='ocr_line' id='line_1_102' title="bbox 1015 2009 1803 2044; baseline -0.003 -7"><span class='ocrx_word' id='word_1_743' title='bbox 1015 2014 1066 2042; x_wconf 87' lang='lat' dir='ltr'><strong>ret,</strong></span> <span class='ocrx_word' id='word_1_744' title='bbox 1089 2010 1116 2037; x_wconf 91' lang='lat' dir='ltr'><strong>id</strong></span> <span class='ocrx_word' id='word_1_745' title='bbox 1132 2010 1221 2038; x_wconf 84' lang='lat' dir='ltr'><strong>facere</strong></span> <span class='ocrx_word' id='word_1_746' title='bbox 1241 2010 1395 2043; x_wconf 80' lang='lat' dir='ltr'><strong>recusabat,</strong></span> <span class='ocrx_word' id='word_1_747' title='bbox 1425 2009 1580 2037; x_wconf 85' lang='lat' dir='ltr'><strong>tarditatem</strong></span> <span class='ocrx_word' id='word_1_748' title='bbox 1603 2010 1700 2044; x_wconf 69' lang='lat' dir='ltr'><strong>linguae</strong></span> <span class='ocrx_word' id='word_1_749' title='bbox 1714 2010 1803 2035; x_wconf 77' lang='lat' dir='ltr'><strong>weis-</strong></span> 
     </span>
    </p>
   </div>
   <div class='ocr_carea' id='block_1_101' title="bbox 1015 2055 1799 2090">
    <p class='ocr_par' dir='ltr' id='par_1_101' title="bbox 1015 2055 1799 2090">
     <span class='ocr_line' id='line_1_103' title="bbox 1015 2055 1799 2090; baseline -0.003 -8"><span class='ocrx_word' id='word_1_750' title='bbox 1015 2063 1068 2090; x_wconf 91' lang='lat' dir='ltr'><strong>que</strong></span> <span class='ocrx_word' id='word_1_751' title='bbox 1093 2056 1272 2090; x_wconf 75' lang='lat' dir='ltr'><strong>gracilitatem</strong></span> <span class='ocrx_word' id='word_1_752' title='bbox 1295 2063 1446 2088; x_wconf 87' lang='lat' dir='ltr'><strong>excusans,</strong></span> <span class='ocrx_word' id='word_1_753' title='bbox 1471 2063 1503 2082; x_wconf 87' lang='lat' dir='ltr'><strong>ac</strong></span> <span class='ocrx_word' id='word_1_754' title='bbox 1530 2055 1646 2082; x_wconf 85' lang='lat' dir='ltr'><strong>dicens:</strong></span> <span class='ocrx_word' id='word_1_755' title='bbox 1676 2055 1799 2085; x_wconf 76' lang='lat' dir='ltr'><strong>Obsecro.</strong></span> 
     </span>
    </p>
   </div>
   <div class='ocr_carea' id='block_1_102' title="bbox 1016 2100 1800 2137">
    <p class='ocr_par' dir='ltr' id='par_1_102' title="bbox 1016 2100 1800 2137">
     <span class='ocr_line' id='line_1_104' title="bbox 1016 2100 1800 2137; baseline -0.004 -9"><span class='ocrx_word' id='word_1_756' title='bbox 1016 2101 1135 2133; x_wconf 78' lang='lat' dir='ltr'><strong>Domine,</strong></span> <span class='ocrx_word' id='word_1_757' title='bbox 1150 2102 1215 2137; x_wconf 76' lang='lat' dir='ltr'><strong>elige</strong></span> <span class='ocrx_word' id='word_1_758' title='bbox 1228 2101 1311 2128; x_wconf 77' lang='lat' dir='ltr'><strong>alium</strong></span> <span class='ocrx_word' id='word_1_759' title='bbox 1326 2100 1424 2128; x_wconf 73' lang='lat' dir='ltr'><strong>viribus</strong></span> <span class='ocrx_word' id='word_1_760' title='bbox 1439 2101 1576 2132; x_wconf 78' lang='lat' dir='ltr'><strong>valentem,</strong></span> <span class='ocrx_word' id='word_1_761' title='bbox 1591 2108 1666 2135; x_wconf 84' lang='lat' dir='ltr'><strong>quem</strong></span> <span class='ocrx_word' id='word_1_762' title='bbox 1684 2100 1800 2126; x_wconf 69' lang='lat' dir='ltr'><strong>mittas&#39;.</strong></span> 
     </span>
    </p>
   </div>
   <div class='ocr_carea' id='block_1_103' title="bbox 1016 2144 1803 2181">
    <p class='ocr_par' dir='ltr' id='par_1_103' title="bbox 1016 2144 1803 2181">
     <span class='ocr_line' id='line_1_105' title="bbox 1016 2144 1803 2181; baseline -0.004 -7"><span class='ocrx_word' id='word_1_763' title='bbox 1016 2147 1166 2175; x_wconf 85' lang='lat' dir='ltr'><strong>Hieremias</strong></span> <span class='ocrx_word' id='word_1_764' title='bbox 1191 2151 1299 2180; x_wconf 67' lang='lat' dir='ltr'><strong>autem.</strong></span> <span class='ocrx_word' id='word_1_765' title='bbox 1330 2153 1391 2173; x_wconf 93' lang='lat' dir='ltr'><strong>cum</strong></span> <span class='ocrx_word' id='word_1_766' title='bbox 1423 2147 1456 2173; x_wconf 90' lang='lat' dir='ltr'><strong>ad</strong></span> <span class='ocrx_word' id='word_1_767' title='bbox 1488 2144 1711 2181; x_wconf 79' lang='lat' dir='ltr'><strong>promulgandam</strong></span> <span class='ocrx_word' id='word_1_768' title='bbox 1739 2153 1803 2180; x_wconf 67' lang='lat' dir='ltr'><strong>gen-</strong></span> 
     </span>
    </p>
   </div>
   <div class='ocr_carea' id='block_1_104' title="bbox 1019 2191 1802 2229">
    <p class='ocr_par' dir='ltr' id='par_1_104' title="bbox 1019 2191 1802 2229">
     <span class='ocr_line' id='line_1_106' title="bbox 1019 2191 1802 2229; baseline -0.004 -9"><span class='ocrx_word' id='word_1_769' title='bbox 1019 2194 1095 2221; x_wconf 81' lang='lat' dir='ltr'><strong>tibus</strong></span> <span class='ocrx_word' id='word_1_770' title='bbox 1125 2194 1296 2229; x_wconf 79' lang='lat' dir='ltr'><strong>prophetiam</strong></span> <span class='ocrx_word' id='word_1_771' title='bbox 1333 2194 1498 2225; x_wconf 86' lang='lat' dir='ltr'><strong>mitteretur,</strong></span> <span class='ocrx_word' id='word_1_772' title='bbox 1533 2191 1714 2219; x_wconf 82' lang='lat' dir='ltr'><strong>cunctabatur</strong></span> <span class='ocrx_word' id='word_1_773' title='bbox 1743 2191 1802 2226; x_wconf 79' lang='lat' dir='ltr'><strong>ipse</strong></span> 
     </span>
    </p>
   </div>
   <div class='ocr_carea' id='block_1_105' title="bbox 981 2236 1804 2282">
    <p class='ocr_par' dir='ltr' id='par_1_105' title="bbox 981 2236 1804 2282">
     <span class='ocr_line' id='line_1_107' title="bbox 981 2236 1804 2282; baseline -0.006 -15"><span class='ocrx_word' id='word_1_774' title='bbox 981 2252 1005 2282; x_wconf 72' lang='grc' dir='ltr'><strong>ι)</strong></span> <span class='ocrx_word' id='word_1_775' title='bbox 1020 2247 1128 2274; x_wconf 89' lang='lat' dir='ltr'><strong>quoque</strong></span> <span class='ocrx_word' id='word_1_776' title='bbox 1154 2240 1197 2266; x_wconf 87' lang='lat' dir='ltr'><strong>his</strong></span> <span class='ocrx_word' id='word_1_777' title='bbox 1224 2239 1315 2266; x_wconf 76' lang='lat' dir='ltr'><strong>verbis</strong></span> <span class='ocrx_word' id='word_1_778' title='bbox 1337 2242 1439 2266; x_wconf 86' lang='lat' dir='ltr'><strong>utens:</strong></span> <span class='ocrx_word' id='word_1_779' title='bbox 1460 2237 1512 2271; x_wconf 80' lang='lat' dir='ltr'><strong>Qui</strong></span> <span class='ocrx_word' id='word_1_780' title='bbox 1532 2245 1577 2269; x_wconf 76' lang='lat' dir='ltr'><strong>es,</strong></span> <span class='ocrx_word' id='word_1_781' title='bbox 1600 2236 1804 2282; x_wconf 71' lang='lat' dir='ltr'><strong>Dominc.__ecu</strong></span> 
     </span>
    </p>
   </div>
   <div class='ocr_carea' id='block_1_106' title="bbox 1019 2278 1804 2319">
    <p class='ocr_par' dir='ltr' id='par_1_106' title="bbox 1019 2278 1804 2319">
     <span class='ocr_line' id='line_1_108' title="bbox 1019 2278 1804 2319; baseline -0.006 -8"><span class='ocrx_word' id='word_1_782' title='bbox 1019 2285 1106 2315; x_wconf 76' lang='lat' dir='ltr'><strong>nescio</strong></span> <span class='ocrx_word' id='word_1_783' title='bbox 1134 2284 1219 2319; x_wconf 85' lang='lat' dir='ltr'><strong>loqui,</strong></span> <span class='ocrx_word' id='word_1_784' title='bbox 1241 2284 1305 2319; x_wconf 68' lang='lat' dir='ltr'><strong>quia</strong></span> <span class='ocrx_word' id='word_1_785' title='bbox 1331 2282 1522 2311; x_wconf 79' lang='lat' dir='ltr'><strong>adolescentior</strong></span> <span class='ocrx_word' id='word_1_786' title='bbox 1543 2289 1589 2315; x_wconf 70' lang='lat' dir='ltr'><strong>ego</strong></span> <span class='ocrx_word' id='word_1_787' title='bbox 1616 2279 1705 2307; x_wconf 71' lang='lat' dir='ltr'><strong>tum&#39;.</strong></span> <span class='ocrx_word' id='word_1_788' title='bbox 1723 2278 1804 2306; x_wconf 77' lang='lat' dir='ltr'><strong>Vides</strong></span> 
     </span>
    </p>
   </div>
   <div class='ocr_carea' id='block_1_107' title="bbox 1014 2324 1804 2365">
    <p class='ocr_par' dir='ltr' id='par_1_107' title="bbox 1014 2324 1804 2365">
     <span class='ocr_line' id='line_1_109' title="bbox 1014 2324 1804 2365; baseline -0.008 -8"><span class='ocrx_word' id='word_1_789' title='bbox 1014 2329 1242 2365; x_wconf 86' lang='lat' dir='ltr'><strong>quemadmodum</strong></span> <span class='ocrx_word' id='word_1_790' title='bbox 1252 2330 1279 2356; x_wconf 90' lang='lat' dir='ltr'><strong>hi</strong></span> <span class='ocrx_word' id='word_1_791' title='bbox 1291 2329 1337 2357; x_wconf 90' lang='lat' dir='ltr'><strong>Dei</strong></span> <span class='ocrx_word' id='word_1_792' title='bbox 1343 2330 1419 2364; x_wconf 80' lang='lat' dir='ltr'><strong>jussa</strong></span> <span class='ocrx_word' id='word_1_793' title='bbox 1431 2328 1618 2359; x_wconf 84' lang='lat' dir='ltr'><strong>detrectarint,</strong></span> <span class='ocrx_word' id='word_1_794' title='bbox 1625 2324 1706 2361; x_wconf 80' lang='lat' dir='ltr'><strong>atque</strong></span> <span class='ocrx_word' id='word_1_795' title='bbox 1715 2325 1740 2352; x_wconf 76' lang='lat' dir='ltr'><strong>id</strong></span> <span class='ocrx_word' id='word_1_796' title='bbox 1749 2333 1804 2352; x_wconf 85' lang='lat' dir='ltr'><strong>mu-</strong></span> 
     </span>
    </p>
   </div>
   <div class='ocr_carea' id='block_1_108' title="bbox 1013 2370 1804 2411">
    <p class='ocr_par' dir='ltr' id='par_1_108' title="bbox 1013 2370 1804 2411">
     <span class='ocr_line' id='line_1_110' title="bbox 1013 2370 1804 2411; baseline -0.009 -7"><span class='ocrx_word' id='word_1_797' title='bbox 1013 2376 1086 2404; x_wconf 88' lang='lat' dir='ltr'><strong>neris</strong></span> <span class='ocrx_word' id='word_1_798' title='bbox 1101 2376 1279 2411; x_wconf 85' lang='lat' dir='ltr'><strong>repudiarint,</strong></span> <span class='ocrx_word' id='word_1_799' title='bbox 1296 2376 1341 2403; x_wconf 90' lang='lat' dir='ltr'><strong>ille</strong></span> <span class='ocrx_word' id='word_1_800' title='bbox 1355 2375 1507 2402; x_wconf 87' lang='lat' dir='ltr'><strong>tarditatem</strong></span> <span class='ocrx_word' id='word_1_801' title='bbox 1523 2374 1619 2408; x_wconf 63' lang='lat' dir='ltr'><strong>lingua</strong></span> <span class='ocrx_word' id='word_1_802' title='bbox 1632 2372 1747 2403; x_wconf 82' lang='lat' dir='ltr'><strong>veritus,</strong></span> <span class='ocrx_word' id='word_1_803' title='bbox 1760 2370 1804 2398; x_wconf 82' lang='lat' dir='ltr'><strong>hic</strong></span> 
     </span>
    </p>
   </div>
   <div class='ocr_carea' id='block_1_109' title="bbox 1013 2416 1804 2451">
    <p class='ocr_par' dir='ltr' id='par_1_109' title="bbox 1013 2416 1804 2451">
     <span class='ocr_line' id='line_1_111' title="bbox 1013 2416 1804 2451; baseline -0.009 -2"><span class='ocrx_word' id='word_1_804' title='bbox 1013 2421 1235 2449; x_wconf 86' lang='lat' dir='ltr'><strong>adolescentiam.</strong></span> <span class='ocrx_word' id='word_1_805' title='bbox 1245 2421 1280 2448; x_wconf 81' lang='lat' dir='ltr'><strong>At</strong></span> <span class='ocrx_word' id='word_1_806' title='bbox 1287 2429 1351 2448; x_wconf 82' lang='lat' dir='ltr'><strong>vero</strong></span> <span class='ocrx_word' id='word_1_807' title='bbox 1360 2421 1449 2448; x_wconf 85' lang='lat' dir='ltr'><strong>Aaron</strong></span> <span class='ocrx_word' id='word_1_808' title='bbox 1460 2425 1487 2448; x_wconf 90' lang='lat' dir='ltr'><strong>et</strong></span> <span class='ocrx_word' id='word_1_809' title='bbox 1495 2419 1589 2451; x_wconf 83' lang='lat' dir='ltr'><strong>Isaias,</strong></span> <span class='ocrx_word' id='word_1_810' title='bbox 1600 2425 1662 2446; x_wconf 91' lang='lat' dir='ltr'><strong>cum</strong></span> <span class='ocrx_word' id='word_1_811' title='bbox 1670 2424 1684 2443; x_wconf 90' lang='lat' dir='ltr'><strong>a</strong></span> <span class='ocrx_word' id='word_1_812' title='bbox 1694 2416 1748 2443; x_wconf 89' lang='lat' dir='ltr'><strong>Deo</strong></span> <span class='ocrx_word' id='word_1_813' title='bbox 1757 2424 1804 2443; x_wconf 78' lang='lat' dir='ltr'><strong>vo-</strong></span> 
     </span>
    </p>
   </div>
   <div class='ocr_carea' id='block_1_110' title="bbox 1014 2463 1804 2502">
    <p class='ocr_par' dir='ltr' id='par_1_110' title="bbox 1014 2463 1804 2502">
     <span class='ocr_line' id='line_1_112' title="bbox 1014 2463 1804 2502; baseline -0.01 -7"><span class='ocrx_word' id='word_1_814' title='bbox 1014 2471 1143 2495; x_wconf 82' lang='lat' dir='ltr'><strong>carentur</strong></span> <span class='ocrx_word' id='word_1_815' title='bbox 1152 2468 1283 2502; x_wconf 87' lang='lat' dir='ltr'><strong>promptis</strong></span> <span class='ocrx_word' id='word_1_816' title='bbox 1290 2467 1389 2494; x_wconf 86' lang='lat' dir='ltr'><strong>animis</strong></span> <span class='ocrx_word' id='word_1_817' title='bbox 1399 2471 1556 2494; x_wconf 86' lang='lat' dir='ltr'><strong>accurrunt.</strong></span> <span class='ocrx_word' id='word_1_818' title='bbox 1568 2464 1634 2491; x_wconf 76' lang='lat' dir='ltr'><strong>Nam</strong></span> <span class='ocrx_word' id='word_1_819' title='bbox 1646 2470 1707 2490; x_wconf 92' lang='lat' dir='ltr'><strong>cum</strong></span> <span class='ocrx_word' id='word_1_820' title='bbox 1720 2463 1804 2488; x_wconf 72' lang='lat' dir='ltr'><strong>Aaro-</strong></span> 
     </span>
    </p>
   </div>
   <div class='ocr_carea' id='block_1_111' title="bbox 1019 2507 1805 2547">
    <p class='ocr_par' dir='ltr' id='par_1_111' title="bbox 1019 2507 1805 2547">
     <span class='ocr_line' id='line_1_113' title="bbox 1019 2507 1805 2547; baseline -0.01 -6"><span class='ocrx_word' id='word_1_821' title='bbox 1019 2514 1072 2541; x_wconf 88' lang='lat' dir='ltr'><strong>nia</strong></span> <span class='ocrx_word' id='word_1_822' title='bbox 1083 2513 1138 2541; x_wconf 85' lang='lat' dir='ltr'><strong>Deo</strong></span> <span class='ocrx_word' id='word_1_823' title='bbox 1153 2514 1254 2542; x_wconf 88' lang='lat' dir='ltr'><strong>dictum</strong></span> <span class='ocrx_word' id='word_1_824' title='bbox 1266 2513 1362 2541; x_wconf 80' lang='lat' dir='ltr'><strong>fuisset</strong></span> <span class='ocrx_word' id='word_1_825' title='bbox 1375 2522 1380 2539; x_wconf 92' lang='lat'>:</span> <span class='ocrx_word' id='word_1_826' title='bbox 1399 2512 1570 2547; x_wconf 70' lang='lat' dir='ltr'><strong>Proficiscere</strong></span> <span class='ocrx_word' id='word_1_827' title='bbox 1578 2510 1679 2537; x_wconf 81' lang='lat' dir='ltr'><strong>obuiam</strong></span> <span class='ocrx_word' id='word_1_828' title='bbox 1696 2507 1765 2535; x_wconf 76' lang='lat' dir='ltr'><strong>Mosi</strong></span> <span class='ocrx_word' id='word_1_829' title='bbox 1778 2509 1805 2533; x_wconf 78' lang='lat' dir='ltr'><strong>iu</strong></span> 
     </span>
    </p>
   </div>
   <div class='ocr_carea' id='block_1_112' title="bbox 1020 2554 1804 2591">
    <p class='ocr_par' dir='ltr' id='par_1_112' title="bbox 1020 2554 1804 2591">
     <span class='ocr_line' id='line_1_114' title="bbox 1020 2554 1804 2591; baseline -0.01 -4"><span class='ocrx_word' id='word_1_830' title='bbox 1020 2561 1152 2587; x_wconf 79' lang='lat' dir='ltr'><strong>desertum</strong></span> <span class='ocrx_word' id='word_1_831' title='bbox 1162 2560 1183 2591; x_wconf 73' lang='grc'>⁸,</span> <span class='ocrx_word' id='word_1_832' title='bbox 1196 2559 1341 2587; x_wconf 81' lang='lat' dir='ltr'><strong>confestim</strong></span> <span class='ocrx_word' id='word_1_833' title='bbox 1355 2559 1388 2586; x_wconf 92' lang='lat' dir='ltr'><strong>ad</strong></span> <span class='ocrx_word' id='word_1_834' title='bbox 1401 2560 1452 2586; x_wconf 89' lang='lat' dir='ltr'><strong>iter</strong></span> <span class='ocrx_word' id='word_1_835' title='bbox 1467 2565 1497 2585; x_wconf 91' lang='lat' dir='ltr'><strong>se</strong></span> <span class='ocrx_word' id='word_1_836' title='bbox 1507 2556 1636 2587; x_wconf 75' lang='lat' dir='ltr'><strong>accinxit,</strong></span> <span class='ocrx_word' id='word_1_837' title='bbox 1653 2560 1735 2590; x_wconf 81' lang='lat' dir='ltr'><strong>atque</strong></span> <span class='ocrx_word' id='word_1_838' title='bbox 1752 2554 1804 2589; x_wconf 82' lang='lat' dir='ltr'><strong>ipsi</strong></span> 
     </span>
    </p>
   </div>
   <div class='ocr_carea' id='block_1_113' title="bbox 1022 2599 1806 2640">
    <p class='ocr_par' dir='ltr' id='par_1_113' title="bbox 1022 2599 1806 2640">
     <span class='ocr_line' id='line_1_115' title="bbox 1022 2599 1806 2640; baseline -0.011 -6"><span class='ocrx_word' id='word_1_839' title='bbox 1022 2607 1152 2638; x_wconf 87' lang='lat' dir='ltr'><strong>occurrit,</strong></span> <span class='ocrx_word' id='word_1_840' title='bbox 1171 2607 1238 2633; x_wconf 91' lang='lat' dir='ltr'><strong>nihil</strong></span> <span class='ocrx_word' id='word_1_841' title='bbox 1251 2614 1344 2634; x_wconf 89' lang='lat' dir='ltr'><strong>secum</strong></span> <span class='ocrx_word' id='word_1_842' title='bbox 1360 2606 1527 2640; x_wconf 83' lang='lat' dir='ltr'><strong>disceptans,</strong></span> <span class='ocrx_word' id='word_1_843' title='bbox 1539 2603 1674 2637; x_wconf 85' lang='lat' dir='ltr'><strong>simulque</strong></span> <span class='ocrx_word' id='word_1_844' title='bbox 1689 2601 1715 2627; x_wconf 92' lang='lat' dir='ltr'><strong>in</strong></span> <span class='ocrx_word' id='word_1_845' title='bbox 1726 2599 1806 2634; x_wconf 63' lang='lat' dir='ltr'><strong>Egy-</strong></span> 
     </span>
    </p>
   </div>
   <div class='ocr_carea' id='block_1_114' title="bbox 1019 2648 1804 2687">
    <p class='ocr_par' dir='ltr' id='par_1_114' title="bbox 1019 2648 1804 2687">
     <span class='ocr_line' id='line_1_116' title="bbox 1019 2648 1804 2687; baseline -0.009 -8"><span class='ocrx_word' id='word_1_846' title='bbox 1019 2657 1094 2687; x_wconf 88' lang='lat' dir='ltr'><strong>ptum</strong></span> <span class='ocrx_word' id='word_1_847' title='bbox 1111 2652 1250 2687; x_wconf 87' lang='lat' dir='ltr'><strong>profectus</strong></span> <span class='ocrx_word' id='word_1_848' title='bbox 1271 2657 1313 2679; x_wconf 86' lang='lat' dir='ltr'><strong>est</strong></span> <span class='ocrx_word' id='word_1_849' title='bbox 1328 2661 1334 2678; x_wconf 88' lang='lat'><strong>:</strong></span> <span class='ocrx_word' id='word_1_850' title='bbox 1356 2651 1394 2678; x_wconf 91' lang='lat' dir='ltr'><strong>ita</strong></span> <span class='ocrx_word' id='word_1_851' title='bbox 1410 2655 1449 2683; x_wconf 90' lang='lat' dir='ltr'><strong>ut,</strong></span> <span class='ocrx_word' id='word_1_852' title='bbox 1467 2650 1544 2685; x_wconf 79' lang='lat' dir='ltr'><strong>juxta</strong></span> <span class='ocrx_word' id='word_1_853' title='bbox 1560 2648 1682 2676; x_wconf 84' lang='lat' dir='ltr'><strong>divinum</strong></span> <span class='ocrx_word' id='word_1_854' title='bbox 1702 2653 1804 2674; x_wconf 87' lang='lat' dir='ltr'><strong>oracu-</strong></span> 
     </span>
    </p>
   </div>
   <div class='ocr_carea' id='block_1_115' title="bbox 1056 2779 1348 2815">
    <p class='ocr_par' dir='ltr' id='par_1_115' title="bbox 1056 2779 1348 2815">
     <span class='ocr_line' id='line_1_117' title="bbox 1056 2779 1348 2815; baseline -0.007 -9"><span class='ocrx_word' id='word_1_855' title='bbox 1056 2781 1092 2814; x_wconf 82' lang='grc'><strong>(6)</strong></span> <span class='ocrx_word' id='word_1_856' title='bbox 1111 2780 1188 2815; x_wconf 79' lang='grc' dir='ltr'>Παρὰ</span> <span class='ocrx_word' id='word_1_857' title='bbox 1202 2779 1242 2814; x_wconf 81' lang='grc' dir='ltr'>τῷ</span> <span class='ocrx_word' id='word_1_858' title='bbox 1254 2779 1312 2814; x_wconf 83' lang='grc' dir='ltr'><strong>Θεῷ</strong></span> <span class='ocrx_word' id='word_1_859' title='bbox 1323 2779 1348 2806; x_wconf 89' lang='lat' dir='ltr'><strong>b.</strong></span> 
     </span>
    </p>
   </div>
   <div class='ocr_carea' id='block_1_116' title="bbox 1057 2813 1496 2850">
    <p class='ocr_par' dir='ltr' id='par_1_116' title="bbox 1057 2813 1496 2850">
     <span class='ocr_line' id='line_1_118' title="bbox 1057 2813 1496 2850; baseline 0.002 -10"><span class='ocrx_word' id='word_1_860' title='bbox 1057 2816 1095 2849; x_wconf 79' lang='lat'>(7)</span> <span class='ocrx_word' id='word_1_861' title='bbox 1112 2813 1217 2846; x_wconf 77' lang='grc' dir='ltr'>Δειλίας</span> <span class='ocrx_word' id='word_1_862' title='bbox 1229 2813 1280 2849; x_wconf 85' lang='lat' dir='ltr'><strong>pro</strong></span> <span class='ocrx_word' id='word_1_863' title='bbox 1293 2813 1458 2850; x_wconf 80' lang='grc' dir='ltr'>βραδυτῆτος</span> <span class='ocrx_word' id='word_1_864' title='bbox 1470 2813 1496 2842; x_wconf 88' lang='lat' dir='ltr'><strong>b.</strong></span> 
     </span>
    </p>
   </div>
   <div class='ocr_carea' id='block_1_117' title="bbox 1059 2849 1393 2884">
    <p class='ocr_par' dir='ltr' id='par_1_117' title="bbox 1059 2849 1393 2884">
     <span class='ocr_line' id='line_1_119' title="bbox 1059 2849 1393 2884; baseline 0 -8"><span class='ocrx_word' id='word_1_865' title='bbox 1059 2851 1096 2883; x_wconf 82' lang='lat'>(8)</span> <span class='ocrx_word' id='word_1_866' title='bbox 1122 2850 1189 2876; x_wconf 84' lang='grc' dir='ltr'>’Υπό</span> <span class='ocrx_word' id='word_1_867' title='bbox 1206 2851 1264 2876; x_wconf 84' lang='lat' dir='ltr'><strong>loco</strong></span> <span class='ocrx_word' id='word_1_868' title='bbox 1281 2849 1356 2884; x_wconf 83' lang='grc' dir='ltr'>παρά</span> <span class='ocrx_word' id='word_1_869' title='bbox 1368 2849 1393 2876; x_wconf 88' lang='lat' dir='ltr'><strong>b.</strong></span> 
     </span>
    </p>
   </div>
   <div class='ocr_carea' id='block_1_118' title="bbox 1059 2885 1339 2922">
    <p class='ocr_par' dir='ltr' id='par_1_118' title="bbox 1059 2885 1339 2922">
     <span class='ocr_line' id='line_1_120' title="bbox 1059 2885 1339 2922; baseline 0.004 -11"><span class='ocrx_word' id='word_1_870' title='bbox 1059 2886 1097 2922; x_wconf 82' lang='lat'>(9)</span> <span class='ocrx_word' id='word_1_871' title='bbox 1123 2885 1297 2913; x_wconf 70' lang='grc' dir='ltr'>Ἀνεϐάλλετο</span> <span class='ocrx_word' id='word_1_872' title='bbox 1313 2885 1339 2912; x_wconf 86' lang='lat' dir='ltr'><strong>b.</strong></span> 
     </span>
    </p>
   </div>
  </div>
