2022 3134
225 119 275 145 N7

868 119 1013 148 NICETAS
1032 119 1229 149 SERRONIUS

1803 119 1854 147 998

226 174 293 206 luiu,
317 172 406 201 Moses
427 173 538 209 quidem
551 174 691 210 graciliter
704 179 731 202 et
744 176 819 203 tenui
831 184 897 204 voce
911 177 944 204 ad
958 177 1010 204 Aa-

1075 177 1108 204 :a).
1124 169 1307 212 συνεπορεύθη
1321 177 1361 208 είς
1372 177 1518 210 Αῐγυπτον.
1535 176 1617 204 Ὥστε
1628 176 1699 204 κατὰ
1717 176 1763 203 τὸν
1783 175 1853 203 θεῐθν

227 227 320 247 roueiu
330 219 497 254 loqueretur,
509 220 599 247 Aaron
611 226 700 248 autem
711 220 793 249 .‘ilosis
804 222 886 250 verba
899 223 932 250 ad
944 222 1015 250 Pha-

227 274 337 293 raonem
351 267 533 302 populumque
543 275 639 303 magna
648 271 675 294 et
689 267 761 294 clara
774 276 839 296 voce
848 270 1016 298 transmitte-

227 318 277 339 ret.
292 313 390 339 Eodem
403 312 483 339 [nodo
495 313 590 344 Isaias.
609 321 671 340 cum
689 322 761 346 eum,
780 322 858 349 quem
875 316 901 342 in
918 316 1016 344 throno

227 359 335 385 excelso
354 363 380 385 et
397 359 470 385 elato
489 359 663 393 conspicatus
677 359 774 392 fuerat,
791 360 923 388 dicentem
937 362 1016 389 audi-

229 405 312 431 visset
329 413 334 430 :
347 404 428 436 Quem
444 405 548 431 mittant
559 405 649 440 etquis
658 406 840 440 proﬁciscetur
848 407 882 433 ad
889 408 1016 441 populum

229 451 313 477 hunc.
334 458 431 485 nempe
452 449 627 478 Judaomtu?
655 451 723 478 dixit
743 460 751 478 :
774 451 840 478 Ecce
856 461 917 487 ego,
943 454 1016 480 mitte

229 496 326 522 me'”.

263 587 382 622 (Magni
407 587 502 614 Basilii
529 588 700 621 interrogatio
717 586 789 624 [I]).
828 587 926 616 Verum
950 589 1016 624 quid

233 634 283 660 fuit
307 641 414 665 causae,
439 641 524 668 quare
549 632 639 661 Moses
666 634 909 669 tergiversaretur,
933 635 1018 662 Isaias

232 687 327 706 contra
363 681 539 707 accurreret?
575 679 719 714 Responsio
750 689 760 708 :
787 680 921 708 Nimirum
953 682 1018 716 quia

234 725 322 752 Moses
352 726 508 759 negotium,
538 727 618 761 cujus
649 733 732 753 causa
769 726 943 758 mittebatur,
971 734 1018 754 ex-

233 770 370 804 ploratum
388 771 522 798 habebat:
539 779 570 799 ac
586 771 700 807 proinde
723 771 749 798 id
764 772 886 798 muneris
900 772 1020 807 suscipe-

237 824 268 843 re
288 816 462 851 gravabatur,
484 818 583 852 partim
613 817 764 844 Pharaonis
783 817 910 856 duritiem
931 817 1018 845 oculis

1067 223 1201 258 χρησμὸν,
1217 222 1261 249 τὸν
1277 223 1327 258 μὲν
1342 222 1442 249 Μωσέα
1459 223 1534 258 ὶσχνῇ
1558 223 1604 249 καὶ
1625 223 1710 258 λεπτῇ
1727 223 1760 258 τῇ
1780 225 1854 259 φωνῇ

1067 269 1156 295 λαλεῖν
1182 268 1252 304 πρὸς
1272 268 1318 295 τὸν
1349 268 1463 304 Ἀαρώψ
1487 269 1533 295 τὸν
1554 269 1583 295 δὲ
1609 269 1724 303 Ἀαρὼν,
1746 269 1782 295 τὰ
1807 269 1855 296 τοῦ

1067 315 1205 346 Μωῡσέως
1219 315 1328 350 ῥήματα
1349 314 1547 350 μεγαλοφώνως
1558 314 1769 349 διαπορθμεύειν
1789 314 1857 349 πρὸς

1066 361 1111 388 τὸν
1130 361 1228 397 Φαραὼ
1246 361 1291 388 καὶ
1305 361 1371 396 πρὸς
1383 361 1428 387 τὸν
1440 360 1518 387 λαόν..
1539 361 1653 391 Ἡσαΐας
1673 360 1700 386 δὲ
1716 361 1762 386 καὶ
1777 361 1858 392 αὐτὸς

1067 408 1187 439 ἀκούσας
1211 406 1249 441 (‘2)
1271 406 1347 440 παρὰ
1372 405 1418 432 τοῦ
1442 405 1569 439 ὀφθέντος
1595 405 1669 440 αὐτῷ
1691 406 1738 431 ἐπὶ
1762 405 1856 441 θρόνου

1068 453 1169 488 ὑψηλοῦ
1196 453 1242 479 καὶ
1268 451 1436 487 ἐπηρμένου,
1460 452 1525 478 Τίνα
1545 452 1731 482 ἀποστείλω.
1747 452 1797 478 καὶ
1812 453 1857 484 τις

1068 499 1243 532 πορεύσεται
1262 497 1336 531 πρὸς
1354 496 1406 523 τὸν
1415 497 1492 524 λαὸν
1505 496 1622 526 τοῦτον,
1638 496 1741 531 δηλαδὴ
1749 497 1803 522 τῶν
1819 497 1856 531 (3)

1074 543 1224 575 Ἰουδαίων;
1244 541 1329 570 εἶπεν.
1352 541 1424 568 Ἰδοὺ
1444 542 1510 576 ἐγὼ.
1525 542 1708 568 ἀπόστειλόν
1719 550 1772 575 με..

1104 589 1164 616 Col.
1176 588 1238 615 595.
1251 588 1271 614 Β
1283 588 1306 615 I.
1324 587 1377 614 Τοῦ
1387 586 1437 622 [(4)
1448 585 1581 620 μεγάλου
1591 586 1764 612 Βασιλείου.
1775 585 1857 619 Ἐρώ-

1068 633 1177 668 nunc.)
1186 633 1261 660 Διατί
1269 633 1296 660 δὲ
1303 633 1403 667 δήποτε
1411 633 1513 667 Μωσῆς
1520 632 1568 666 μὲν
1579 632 1735 667 παρῃτεῖτο,
1743 631 1857 662 Ἡσαΐας

1068 680 1097 707 δὲ
1107 679 1303 715 προσέτρεχεν;
1317 679 1498 712 Ἀπόκρισις.
1508 678 1567 704 Ὅτι
1576 677 1678 711 Μωσῆς
1688 677 1736 711 μὲν
1744 677 1802 712 ᾔδει
1809 677 1856 712 τὴν

1070 723 1207 755 ὑπόθεσιν,
1221 721 1255 759 ἦς
1275 723 1356 749 ’ἑνεκα
1375 721 1572 749 ἀπεστέλλετο·
1593 721 1637 747 διὰ
1657 721 1735 747 τοῦτο
1756 720 1854 754 ὤκνει,

1070 770 1137 805 πρός
1160 777 1190 795 τε
1211 768 1242 795 τὸ
1265 768 1402 795 ἀνένδοτον
1424 768 1473 803 τῆς
1496 767 1610 802 καρδίας
1633 766 1680 793 τοῦ
1697 767 1736 802 (5)
1759 767 1858 802 Φαραὼ

1070 815 1241 846 ἀποϐλέπων,
1264 815 1310 841 καὶ
1330 814 1398 849 πρὸς
1419 814 1450 840 τὸ
1467 813 1610 844 δυσπειθὲς
1635 813 1715 839 πάλιν
1737 813 1785 840 καὶ
1798 813 1859 840 δυσ-

235 863 288 890 sibi
306 871 473 898 proponens,
490 865 590 899 partim
607 864 688 891 etiam
709 864 801 898 populi
819 864 1019 890 contumaciam

1075 862 1177 896 ἑγωγον
1190 861 1236 887 τοῦ
1250 860 1322 888 λαοῦ.
1339 861 1441 895 Πεῐραν
1456 860 1510 895 γὰρ
1523 858 1579 894 εἶχε
1593 859 1644 894 τῆς
1660 859 1857 894 ἀγνωμοσύνης

235 916 380 944 moresque
396 910 439 936 vix
460 910 626 937 tractabiles.
651 909 806 936 Periculum
819 910 891 936 enim
919 910 1021 936 fecerat

233 953 388 981 Judazorum
415 954 643 988 ingratitudinis:
673 954 774 989 quippe
800 954 857 988 qui,
889 954 1022 981 beneﬂcio

234 1006 344 1033 quaque
364 997 465 1029 alI'ecti,
496 999 585 1033 ipsum
616 998 678 1034 fuga
700 998 846 1034 Egyptum
865 999 1021 1034 relinquere

235 1044 398 1078 coegissent.
416 1044 500 1071 Isaias
525 1049 626 1077 autem,
647 1052 708 1071 cum
729 1045 851 1072 remissis
880 1045 931 1080 ipsi
957 1053 1022 1080 pec-

236 1089 304 1115 catis
327 1089 474 1116 audivisset
491 1098 496 1115 :
515 1089 580 1122 Qui:
598 1089 646 1115 ibit
670 1090 705 1115 ad
721 1089 844 1124 populum
866 1089 956 1116 hunc?
979 1093 1022 1116 at-

236 1143 290 1169 que
313 1135 482 1162 existimaret
506 1142 566 1162 eam
584 1135 618 1162 ob
642 1143 751 1162 causam
777 1135 901 1162 nuntium
926 1136 1022 1171 qrneri,

238 1185 267 1207 ut
278 1181 337 1216 pari
352 1180 482 1208 beneﬁcio
498 1180 652 1208 fruerentur
678 1181 728 1212 illi,
757 1181 793 1208 ad
807 1189 878 1216 quos
901 1183 1024 1209 mittere-

238 1231 292 1257 tur.
308 1234 362 1261 prae
377 1227 459 1254 animi
478 1226 570 1254 laetitia
592 1227 712 1262 seipsum
729 1227 819 1260 olIert,
837 1232 868 1255 ut
884 1228 937 1255 illis
956 1236 1024 1264 quo-

238 1281 292 1308 que
308 1278 419 1307 peccata
444 1273 658 1306 remitterentur,
675 1273 742 1301 Ecce
758 1283 815 1309 ego,
837 1275 936 1310 inquit,
950 1275 1024 1302 mitte

240 1328 290 1346 me.
305 1319 406 1352 Quare,
420 1327 474 1346 non
490 1319 550 1347 sine
565 1320 680 1350 ratione.
696 1324 723 1347 et
737 1320 782 1347 ille
801 1321 956 1348 mandatam
973 1321 1024 1348 sibi

241 1367 407 1401 provinciam
421 1367 630 1401 deprecabatur.
646 1370 672 1394 et
694 1367 738 1394 hic
749 1366 847 1402 cupide
874 1367 1023 1394 ambiebat.

240 1411 340 1439 Verum
358 1420 392 1439 ne
413 1412 474 1446 quis
500 1420 515 1439 a
535 1413 672 1448 Theologo
691 1417 836 1448 quaareret.
851 1421 938 1448 quare
959 1421 1022 1441 cum

242 1465 388 1486 accurrere
402 1458 435 1485 ad
457 1457 540 1485 Deum
557 1462 584 1486 et
601 1459 730 1486 secedere
750 1459 821 1486 inter
846 1466 876 1486 se
892 1464 1024 1494 pugnent,

243 1508 388 1538 utrunque
411 1503 512 1530 bouum
537 1511 598 1531 esse
613 1504 725 1536 diceret,
741 1504 800 1539 ipse
816 1505 962 1539 ohjectioni
978 1512 1025 1532 oc-

242 1537 369 1580 currens,
390 1550 553 1577 solutionem
577 1549 670 1577 infert.
695 1550 724 1577 Si
746 1537 829 1584 enim,
850 1537 947 1586 inquit,
968 1551 1026 1579 haec
1040 1537 1062 1566 ο

243 1595 309 1628 duo,
325 1596 447 1623 secessio
461 1596 588 1624 videlicet
599 1601 680 1632 atque
697 1597 844 1625 accedendi
862 1598 1026 1633 promptitu-

243 1641 290 1673 do,
302 1641 345 1677 pie
354 1641 429 1673 liant,
439 1645 564 1669 neutrum
575 1642 672 1670 horum
685 1647 763 1677 turpe
775 1644 941 1671 censebitur.
955 1643 1029 1677 Quo-

243 1695 306 1715 nam
319 1692 409 1715 autem
425 1687 506 1715 modo
521 1695 580 1716 eam
595 1696 651 1717 rem
671 1693 699 1716 et
713 1689 755 1724 pie
772 1691 911 1717 recusabit
929 1698 961 1717 ac
981 1690 1028 1720 de-

246 1733 329 1768 tugiet
344 1734 489 1768 quispiam,
510 1738 537 1762 et
562 1735 605 1770 pia
632 1743 728 1763 rursus
749 1736 890 1764 alacritate
913 1737 945 1763 ad
969 1745 1028 1764 eam

246 1779 372 1807 accedet?
388 1780 455 1807 Illud
476 1780 598 1815 quidem,
616 1781 652 1807 ob
672 1781 808 1816 propriam
831 1781 1028 1815 inﬁrmitatem,

248 1826 378 1852 nimirum
395 1833 457 1853 cum
470 1827 570 1861 aliquis
588 1826 672 1861 ipsam
693 1827 786 1854 animo
810 1832 950 1863 reputans,
980 1830 1031 1855 iiii-

250 1871 354 1898 nisterii
373 1871 529 1898 demandati
541 1871 754 1906 magnitudinem
771 1872 964 1907 perhorrescit:
980 1873 1031 1901 hoc

247 1921 336 1943 autem
353 1916 387 1944 ob
412 1917 537 1944 vocantis
565 1917 726 1952 potentiam,
757 1925 854 1953 nempe
879 1926 941 1946 cum
969 1920 1031 1954 quis

247 1967 322 1989 certa
339 1962 390 1989 ﬁde
408 1963 459 1990 sibi
481 1962 650 1998 persuadens
666 1963 733 1990 nihil
757 1971 829 1995 esse,
860 1965 932 1999 quod
960 1964 1031 1993 Deus

247 2014 302 2034 non
316 2007 411 2042 possit,
433 2007 610 2042 imperantem
636 2008 770 2043 sequitur,
785 2009 866 2044 eique
892 2010 1032 2045 obtempe-

249 2057 300 2079 rat.
315 2053 508 2080 Animadverte
530 2054 623 2088 igitur,
640 2062 759 2089 quonam
777 2059 856 2089 pacto
879 2055 1033 2091 Theologus

248 2098 395 2126 ostendere
410 2100 514 2132 volens,
529 2107 580 2127 nec
592 2108 697 2131 eorum.
713 2102 758 2136 qui
777 2101 945 2137 refugerunt,
963 2103 1034 2130 timi-

248 2145 371 2175 ditatem,
389 2154 439 2173 nec
462 2153 568 2179 eorum,
595 2147 642 2182 qui
665 2152 788 2183 prompte
810 2156 840 2175 se
863 2149 1032 2179 obtulerunt.

1073 909 1127 935 τῶν
1145 907 1288 938 Ἰουδαίων,
1302 907 1343 934 ὃτι
1358 907 1404 933 καὶ
1423 906 1648 942 εὐεργετηθέντες
1661 906 1742 932 αὑτὸν
1759 906 1860 940 ἐφυγά-

1071 953 1179 980 δευσαν.
1201 953 1313 984 Ἡσαΐας
1330 953 1358 979 δὲ
1379 952 1448 987 μετὰ
1470 952 1501 978 τὸ
1515 952 1648 987 ἀφεθῆναι
1660 952 1708 983 τὰς
1724 952 1859 987 ἁμαρτίας

1073 998 1154 1025 αὑτοῦ
1166 1020 1173 1031 ,
1197 998 1332 1030 ἀκούσας,
1350 999 1396 1031 Τίς
1411 998 1587 1032 πορεύσεται
1614 998 1688 1032 πρὸς
1712 997 1764 1024 τὸν
1785 997 1860 1024 λαὸν

1073 1044 1194 1078 τοῦτωγ
1208 1044 1253 1071 καὶ
1265 1044 1387 1079 νομίσας,
1400 1044 1440 1070 ὃτι
1453 1044 1498 1070 ἐπὶ
1510 1044 1597 1078 τούτῳ
1611 1043 1733 1078 ζητεῖται
1752 1044 1767 1070 ὁ
1798 1044 1861 1070 ἁπο-

1075 1090 1259 1125 στελλόμενος,
1279 1090 1321 1116 ἵνα
1341 1089 1375 1116 τὰ
1395 1089 1571 1124 παραπλήσια
1585 1090 1704 1115 κάκεῖνοι
1715 1089 1860 1124 εὐερδςετη-

1074 1136 1156 1168 θῶσι,
1180 1136 1248 1171 πρὸς
1275 1135 1320 1168 οὓς
1339 1135 1551 1168 ἀποστέλλεται,
1569 1135 1621 1162 ὑπὸ
1643 1136 1805 1171 περιχαρίας
1823 1135 1860 1171 (6)

1073 1182 1169 1208 ἑαυτὸν
1182 1182 1343 1213 ὐποὸἀλλει,
1362 1182 1405 1208 ἴνα
1427 1181 1565 1213 κάκείνοις
1579 1181 1716 1215 ἀφεθῶσιν
1729 1182 1757 1207 αἱ
1774 1182 1862 1216 ἁμαρ-

1072 1227 1137 1254 τίαι.
1159 1227 1241 1259 Ἰδοὺ,
1258 1229 1350 1263 φησὶν,
1368 1226 1436 1262 ἐγὼ,
1455 1227 1638 1253 ἀπόστειλόν
1655 1234 1703 1260 με.
1719 1226 1799 1252 Ὥστε
1816 1225 1861 1252 εὔ-

1074 1274 1152 1308 λογος
1166 1273 1290 1300 κάκείνου
1303 1275 1319 1309 ἡ
1333 1273 1496 1309 παραίτησις
1510 1273 1557 1299 καὶ
1569 1271 1663 1298 τούτου
1678 1273 1694 1307 ἡ
1711 1272 1860 1307 προθυμία.

1076 1320 1134 1346 Ἵνα
1149 1319 1177 1347 δὲ
1196 1321 1231 1355 μή
1252 1328 1293 1351 τις
1307 1320 1372 1356 εἴπῃ
1390 1319 1430 1354 τῷ
1446 1318 1578 1353 Θεολόγῳ·
1599 1318 1661 1349 Πῶς
1679 1318 1787 1344 ἐναντία
1800 1318 1863 1344 ὕντα

1075 1366 1210 1402 ἀλλήλοις,
1226 1366 1255 1392 τὸ
1278 1365 1460 1402 προσδραμεῖν
1480 1364 1518 1399 τῷ
1533 1363 1592 1398 Θεῷ
1607 1363 1751 1395 καλοῦντι,
1770 1363 1817 1390 καὶ
1835 1363 1865 1390 τὺ

1076 1414 1265 1449 ὑποχωρῆσαι,
1276 1413 1308 1439 σὺ
1319 1412 1408 1447 λέγεις
1421 1412 1564 1447 ἀμφότερα
1580 1408 1649 1438 εἶναι
1664 1410 1771 1444 ἀγαθά;
1785 1411 1865 1442 αὐτὸς

1077 1459 1219 1495 προλαϐὼν
1236 1460 1332 1493 ἐπάγει
1345 1459 1394 1494 τὴν
1409 1458 1497 1485 λύσιν.
1516 1458 1547 1484 Εί
1561 1458 1615 1493 γὰρ
1636 1457 1766 1489 εὐσεϐῶς,
1787 1457 1864 1492 φησὶ,

1078 1506 1126 1533 καὶ
1139 1507 1155 1541 ὴ
1170 1505 1343 1541 ὑποχώρησις
1357 1505 1404 1531 καὶ
1426 1506 1443 1540 ἡ
1467 1504 1606 1540 προθυμία
1618 1503 1740 1539 γένηται,
1761 1503 1866 1530 οὐδέτε-

1080 1560 1126 1588 ρον
1137 1544 1238 1578 τούτωῧ
1253 1551 1353 1585 φαῦλον
1366 1549 1535 1586 κριθήσεται.
1553 1549 1614 1580 Πῶς
1625 1549 1652 1576 δὲ
1669 1550 1715 1576 καὶ
1729 1550 1865 1585 παραιτή-

1080 1598 1154 1624 σεται
1169 1606 1212 1629 τις
1227 1597 1345 1628 εὐσεϐῶς
1359 1596 1406 1623 καὶ
1419 1595 1659 1631 προθυμηθὴσεται
1670 1594 1789 1625 εὐσεῦῶς
1802 1603 1810 1627 ;
1828 1594 1864 1621 Τδ

1081 1644 1140 1680 μὲν,
1157 1643 1201 1671 διὰ
1214 1643 1262 1679 τὴν
1282 1643 1385 1669 οἰκείαν
1401 1642 1554 1674 ἀσθένειαν,
1571 1641 1634 1667 ὅταν
1650 1649 1692 1672 τις
1706 1641 1745 1672 είς
1764 1641 1866 1674 ταύτην

1079 1691 1250 1721 ἀποϐλέπων,
1265 1690 1295 1716 τὸ
1315 1689 1428 1724 μέγεθος
1442 1689 1491 1724 τῆς
1505 1687 1643 1719 διακονίας
1659 1687 1821 1722 εὐλαϐἧταν
1837 1687 1868 1714 τὸ

1080 1736 1118 1767 δὲ,
1130 1735 1174 1762 διὰ
1194 1735 1242 1770 τὴν
1256 1734 1303 1761 τοῦ
1322 1734 1467 1766 καλοῦντος
1480 1733 1604 1768 δύναμιν,
1617 1733 1681 1759 ὅταν
1693 1741 1735 1764 τις
1755 1732 1868 1759 πιστεύ-

1082 1790 1139 1813 σας,
1156 1781 1197 1807 ὅτι
1214 1780 1302 1807 πάντα
1319 1779 1418 1806 δυνατά
1432 1779 1470 1814 τῷ
1485 1778 1555 1814 Θεῷ,
1571 1778 1704 1812 ἀκολουθῇ
1722 1777 1796 1813 αὖτῷ
1808 1779 1869 1804 ἐπι-

1080 1828 1213 1854 τάττοντι.
1231 1828 1300 1863 Ὅρα
1317 1827 1415 1858 τοίνυν,
1435 1826 1493 1858 πῶς
1508 1825 1592 1852 θέλων
1603 1826 1616 1851 ὁ
1631 1825 1759 1859 Θεολόγος
1774 1825 1869 1860 Πατὴρ

1083 1874 1223 1909 συστῆσαι,
1240 1874 1280 1900 ὅτι
1292 1873 1353 1899 οὕτε
1367 1872 1474 1908 ὴδειλία
1486 1871 1539 1898 τῶν
1552 1871 1787 1907 ὑποχωρησάντων
1800 1880 1870 1906 μεμ-

1082 1920 1153 1956 πτὴ,
1175 1920 1236 1946 οὗτε
1265 1921 1281 1954 ἡ
1303 1918 1442 1954 προθυμία
1464 1918 1517 1944 τῶν
1539 1918 1718 1953 ὁρμησάντων
1732 1918 1782 1952 (7),
1803 1918 1871 1952 πρὸς

1082 1966 1224 2002 ἀμφότερα
1241 1966 1333 1992 ἁπείδε
1349 1965 1383 1991 τὰ
1399 1965 1531 2000 πρόσωπα
1541 1985 1548 1996 ,
1565 1965 1688 1991 τουτέστι
1701 1964 1769 1999 πρὸς
1782 1965 1812 1990 τὸ
1825 1973 1861 1991 κα

1082 2010 1145 2038 λοῦν
1156 2011 1203 2037 καὶ
1219 2010 1256 2045 (8)
1278 2009 1454 2045 καλούμενον,
1477 2010 1521 2036 ἵνα
1540 2009 1616 2046 δείξῃ
1632 2009 1682 2036 τοῦ
1694 2009 1743 2044 μὲν
1757 2009 1858 2036 καλοῦν

1082 2065 1127 2088 τος
1146 2056 1230 2089 ἄξιον,
1253 2056 1283 2082 τὸ
1303 2056 1348 2082 τὸν
1364 2055 1530 2090 καλούμενον
1549 2055 1760 2082 ὑποτάσσεσθαι·
1776 2055 1824 2082 τοῦ
1840 2056 1870 2082 δὲ

1084 2101 1266 2137 καλουμένου,
1294 2101 1325 2128 τὸ
1347 2101 1393 2128 τὸν
1416 2102 1549 2128 καλοῦντα
1572 2101 1796 2128 κατευλαῧεῖσθαι
1824 2103 1872 2128 καὶ

1083 2147 1255 2174 ἀναδύεσθαι.
1283 2148 1364 2174 Ὥστε
1388 2147 1458 2174 κατὰ
1477 2147 1571 2174 τοῦτον
1597 2148 1642 2174 τὸν
1665 2147 1743 2181 λόγον
1769 2148 1817 2174 καὶ
1841 2148 1872 2174 τὺ

250 2192 420 2219 alacritatem
445 2192 696 2228 reprehendendam
731 2201 802 2225 esse,
834 2194 867 2221 ad
888 2199 1025 2230 utramque

1084 2195 1259 2230 ὑποχωρῆσαι
1291 2194 1337 2220 καὶ
1361 2193 1399 2228 (9)
1433 2193 1619 2229 προσδραμεῖν
1650 2193 1758 2221 ἐναντία
1790 2193 1871 2225 δντα,

249 2243 393 2271 personam
418 2239 578 2272 respexerit,
594 2239 718 2266 vocantis
742 2239 846 2267 scilicet
861 2243 889 2267 et
908 2240 966 2275 ejus
985 2241 1032 2276 qui

1085 2241 1168 2276 ἄμφω
1182 2239 1311 2266 ἐπαινετὰ
1328 2239 1403 2266 ἔσται
1417 2241 1449 2266 ἐκ
1460 2240 1512 2274 τῆς.
1523 2240 1622 2271 αἰτίας.

249 2290 372 2316 vocatur,
393 2289 423 2312 ut
450 2286 586 2318 ostendat,
610 2287 632 2314 si
648 2286 757 2321 quidem
775 2292 916 2314 vocantem
942 2293 1107 2323 spectemus,
1135 2288 1291 2317 convenire,
1318 2291 1349 2313 ut
1375 2287 1420 2321 qui
1448 2291 1571 2318 vocatur,
1589 2287 1756 2322 pareatrsin
1782 2291 1873 2315 autem

249 2338 312 2357 cum
336 2331 381 2365 qui
408 2335 530 2363 vocatur,
561 2340 609 2366 par
642 2340 703 2359 esse
734 2336 763 2360 ut
786 2338 928 2362 vocantem
956 2341 1169 2365 revereatur.ac
1193 2341 1294 2361 munus
1320 2333 1371 2361 sibi
1404 2334 1582 2361 commissum
1621 2335 1762 2362 detrectet.
1785 2335 1875 2370 Atque

251 2378 301 2404 hac
320 2378 437 2409 ratione,
458 2378 581 2412 quamvis
598 2378 724 2406 recedere
750 2384 777 2407 et
797 2387 940 2408 accurrere
960 2381 1032 2409 inter
1055 2389 1084 2409 se
1112 2381 1274 2413 dissideant,
1294 2381 1329 2407 ob
1342 2379 1477 2407 diversam
1495 2383 1592 2407 tanien-
1602 2386 1713 2407 causam
1726 2385 1875 2416 utrumque

251 2422 340 2449 laudis
360 2430 463 2449 nomen
475 2422 596 2449 habebit.

261 2463 264 2467 ’
286 2469 442 2505 Mysterium
459 2471 534 2497 unin
555 2479 606 2503 me,
626 2472 761 2506 mysterio,
775 2475 827 2499 etc.
844 2471 1036 2507 Sepenumero

253 2516 375 2551 mysterii
399 2524 496 2543 nomen
519 2515 590 2544 festo
604 2517 723 2545 tribuere
743 2518 821 2550 solet,
836 2520 964 2554 quoniam
986 2527 1035 2548 nos

253 2561 288 2588 ob
305 2561 432 2596 mysteria
452 2561 574 2596 quaedam
594 2562 676 2593 facta,
691 2563 877 2599 miraculaque
897 2564 1036 2599 designata

254 2605 322 2634 festa
339 2607 521 2634 celebramus.
538 2607 576 2635 Ac
597 2616 670 2635 nunc
687 2609 770 2644 igitur
784 2613 893 2644 propter
909 2617 1036 2638 arcanam

289 2674 325 2690 ¹·⁶
343 2674 396 2702 Isa.
409 2683 446 2707 vr,
460 2675 486 2702 8.

290 2732 328 2770 (ε)
341 2731 446 2770 Inclusa
464 2733 565 2770 desunt
579 2734 649 2770 apud
670 2733 789 2761 Billium.

290 2767 328 2803 (2t
354 2768 490 2803 ΪᾹκηκοώς
511 2766 538 2797 bl.

290 2802 328 2836 (δ)
346 2802 396 2829 Τὸν
411 2803 464 2829 τῶν
483 2804 510 2831 b.

291 2837 329 2875 (Af)
347 2837 453 2875 l_nclus_a
469 2838 568 2875 omittit
584 2839 602 2867 b
619 2838 657 2875 [et
671 2839 715 2868 ed.
732 2838 918 2874 Clemeneetil.

292 2872 331 2908 (5)
350 2871 403 2898 Τοῦ
419 2873 494 2900 abest
511 2874 537 2900 b.

1127 2471 1181 2499 Ibid
1200 2471 1226 2498 6.
1251 2469 1457 2503 Μυστήριον...
1476 2468 1747 2503 συνανιστὰμενον.
1762 2469 1874 2505 Μυστή-

1090 2527 1156 2554 ριον,
1172 2517 1220 2552 τὴν
1234 2516 1329 2551 ἑορτὴν
1344 2514 1422 2541 εἴωθε
1437 2515 1566 2546 πολλάκις
1580 2515 1733 2549 ὀνομάζειν,
1745 2515 1811 2542 διότι
1828 2516 1875 2542 ἐπὶ

1091 2563 1250 2600 μυστηρίοις
1262 2562 1318 2588 τισὶ
1333 2561 1487 2596 γενομένοις
1507 2561 1554 2588 καὶ
1575 2560 1696 2595 θαύμασι
1716 2561 1764 2592 τὰς
1779 2561 1875 2596 ἑορτὰς

1089 2609 1202 2645 ἄγομεν.
1220 2608 1276 2636 Καὶ
1290 2607 1337 2634 νῦν
1351 2605 1397 2634 οὖν
1410 2607 1453 2633 διὰ
1468 2607 1497 2633 τὺ
1511 2606 1641 2642 μυστικὸν
1656 2606 1705 2642 τῆς
1720 2606 1819 2642 ἑορτῆς
1831 2607 1876 2638 καὶ

1127 2735 1164 2770 (ti)
1182 2735 1363 2770 Περιχαρείας
1376 2734 1403 2762 b.

1127 2769 1165 2800 (7)
1189 2769 1404 2804 Χωρὶςὲπαίνου
1419 2769 1493 2796 addit
1504 2769 1526 2798 b.

1127 2803 1166 2838 (8)
1182 2803 1253 2838 Πρὸς
1266 2804 1303 2840 ad?
1313 2805 1410 2840 repetit
1430 2804 1474 2832 Itic
1484 2804 1509 2833 ι).

1128 2839 1166 2874 (9)
1179 2839 1234 2865 Καὶ
1249 2839 1280 2865 τό
1297 2839 1313 2866 b
