2022 3134
270 142 319 171 351

901 145 1048 176 NICETLS
1066 144 1260 175 SERIONNJS

1831 151 1889 180 853

272 202 313 230 tle
325 209 432 238 quoque
447 202 558 231 innovet
573 201 687 238 Spiritu.
703 202 734 231 Et
750 211 846 232 rursus
859 213 866 232 :
882 204 977 233 Edocti
990 204 1046 233 esti:

1108 203 1286 240 άναγέννησιν
1299 204 1350 241 (ι),
1369 204 1419 232 διὰ
1432 205 1480 234 τοῦ
1495 207 1524 233 ὲν
1537 206 1577 243 τῷ
1587 206 1629 234 νοῒ
1642 207 1719 243 ὑμῶν
1731 209 1887 237 κατοικοῦν-

270 249 398 276 virtutem
421 248 526 277 eximia:
547 249 635 277 instar
656 249 798 284 cujusdam
822 251 905 278 vestis
929 250 1052 278 induere.

272 293 346 321 lianc
362 294 434 322 enim
452 302 551 322 novum
573 295 709 322 hominem
721 299 810 327 vocat.
831 296 878 331 qui
902 296 1053 324 secundum

270 339 354 368 Deum
372 344 490 373 creatur,
505 340 557 368 hoc
572 345 624 373 est,
642 346 673 368 ut
685 347 791 376 gratum
806 345 848 370 est
864 341 928 369 Deo.

305 458 371 486 Heri
391 468 472 495 agnus
488 460 664 494 mutabatur,
689 466 714 489 et
726 467 811 497 postes
826 465 991 500 angebantur
1002 466 1052 502 (l),

267 508 320 533 etc.
337 504 484 541 Postquam
508 514 557 542 pro
572 508 663 542 seipso
677 515 787 536 causam
802 509 870 537 dixit
888 510 1052 547 Theologus,

267 551 410 579 commode
426 552 483 586 jam
505 552 538 580 ad
561 552 621 580 festi
641 562 751 589 quoque
767 555 896 590 mysteria
913 558 1053 592 progredi-

267 601 312 622 tur
326 604 412 631 eaque
428 598 571 633 allegorice
585 603 695 632 tractat,
710 600 801 636 aitque
819 610 825 628 :
841 600 903 629 Heri
925 603 1053 638 spiritua-

268 641 301 669 lis
318 649 416 677 agnus,
439 642 566 672 Christus
588 645 723 674 videlicet.
750 654 797 682 per
818 647 940 675 divinum
953 657 1053 684 panem

267 692 402 716 mactatus
418 693 470 721 est,
488 694 568 726 atque
584 691 659 718 uncti
676 696 740 720 sunt
754 697 846 728 postes
862 696 959 729 nostri,
981 697 1052 725 actio

268 733 396 761 nimirum
411 739 437 761 et
452 737 653 771 contemplatio.
673 745 704 765 ac
721 738 799 773 primi
816 740 899 767 animi
920 746 1009 769 motus
1025 746 1052 770 et

267 787 376 811 sensus,
396 783 443 816 qui
460 781 568 816 quidem
589 783 682 810 divino
701 785 834 819 sanguine
847 786 959 814 delibuti
977 792 1050 815 sunt.

264 826 354 861 Atque
376 825 510 862 Egyptus
525 828 652 864 quidem,
675 829 702 857 id
726 834 785 863 est,
810 837 952 866 peccatum
980 835 1051 869 quod

265 879 315 899 nos
331 874 550 909 persequebatur,
565 876 744 912 primogenita
760 885 808 905 sua
822 879 962 913 pereuntia
976 880 1050 908 luctu
1066 879 1087 906 Β

263 924 408 952 prosecuta
424 925 476 953 est,
494 920 520 947 id
537 925 589 954 est,
611 923 684 958 ipsas
699 923 781 950 etiam
798 925 900 959 primas
920 927 1049 954 materias

263 968 290 991 et
305 966 473 993 occasiones.
487 966 553 994 Nam
567 975 629 995 eum
644 970 686 996 lex
701 975 778 998 vetus
792 976 965 1006 peccatorum
982 973 1049 1001 ﬂues

264 1010 369 1045 puniat,
386 1019 437 1039 nos
451 1014 584 1048 principia
603 1023 711 1050 quoque
732 1016 864 1051 ipsorum,
882 1022 912 1045 ut
929 1026 988 1054 quae.
1003 1027 1048 1046 ac-

263 1056 383 1085 tionibus
399 1066 508 1087 causam
524 1061 672 1095 przebeant,
687 1062 819 1091 radicitus
840 1065 955 1092 evellere
968 1070 1049 1101 atque

261 1106 414 1140 esstirpare
434 1105 572 1140 jubemur.
603 1107 649 1135 Vel
674 1109 756 1136 etiam
782 1117 829 1145 per
853 1111 1046 1147 primogenita,

263 1150 424 1185 perfectiora
450 1155 477 1179 et
500 1152 624 1186 graviora
647 1158 756 1188 peccata
783 1156 896 1192 intelligi
921 1163 1046 1192 possunt,

262 1198 303 1224 vel
316 1197 478 1232 simpliciter
492 1199 582 1233 priora
597 1199 696 1227 delicta
714 1209 721 1228 :
738 1209 799 1236 quae
813 1203 922 1237 quidem
936 1203 1048 1232 Christo

262 1251 310 1278 pro
321 1243 400 1270 nobis
414 1243 553 1271 immolato
568 1249 631 1272 sunt
648 1247 792 1274 exstincta.
806 1247 862 1276 Nos
873 1255 962 1276 autem
978 1258 1047 1284 pra:-

261 1290 336 1316 teriit
361 1290 557 1317 exterminator
591 1290 716 1320 diabolus
745 1293 791 1328 qui
822 1294 925 1328 primos
960 1295 1047 1324 bonos

261 1334 359 1362 animae
379 1339 480 1362 nostrae
496 1341 601 1370 partus,
622 1337 693 1364 velut
715 1338 896 1374 primogenita
911 1340 1045 1374 quaedam,

260 1381 416 1415 opprimere
431 1382 582 1408 contendit.
599 1382 632 1409 Et
647 1383 828 1418 signaculum,
844 1386 916 1420 quod
933 1387 1046 1421 pretiosi

259 1427 403 1462 sanguinis
417 1427 578 1463 profusione
585 1434 703 1461 constat,
713 1430 827 1458 daemoni
836 1432 947 1467 quidem
955 1437 1046 1461 exter-

260 1473 385 1505 minanti.
404 1479 514 1509 propter
534 1475 588 1503 vim
612 1483 689 1503 suam
705 1481 732 1504 et
745 1478 893 1511 potentiam
915 1477 1046 1507 fumida-

260 1519 314 1548 hile
329 1524 386 1552 est;
410 1522 565 1549 venerabile
589 1527 679 1550 autem
703 1527 814 1559 propter
836 1524 997 1560 dignitatem
1018 1531 1046 1554 et

260 1566 460 1598 excellentiam,
473 1572 565 1602 utpote
578 1569 691 1603 regium.
703 1569 742 1597 Ac
756 1577 836 1598 sacro
847 1573 979 1607 sanguine
991 1580 1046 1600 non

260 1612 349 1640 solum
374 1612 449 1639 uncti
474 1617 501 1640 et
526 1614 625 1648 signati
654 1622 760 1647 sumus,
788 1617 835 1644 sed
858 1618 939 1645 etiam
967 1619 1047 1654 quasi

259 1664 339 1684 muro
353 1657 471 1692 quodam
497 1658 617 1695 undique
638 1661 718 1696 septi.
736 1660 841 1689 Etenim
858 1663 900 1690 vis
917 1663 990 1691 illius
1012 1665 1046 1692 ad

259 1710 366 1730 omnem
384 1707 505 1731 nostram
524 1705 670 1733 essentiam
686 1712 817 1741 permeat,
839 1708 876 1735 ita
893 1713 922 1736 ut
943 1715 1046 1737 utram-

258 1756 312 1783 que
336 1748 454 1777 hominis
481 1754 584 1785 partem
607 1751 689 1778 simul
714 1753 935 1782 circummuniat.
961 1755 1047 1784 Porro

259 1794 316 1821 haec
329 1795 362 1821 de
377 1802 446 1830 agno
465 1795 578 1823 historia
593 1797 749 1824 continetur
767 1798 792 1825 in
809 1800 929 1828 secundo
946 1801 1046 1837 Moysis

259 1840 329 1868 libro
351 1840 434 1869 Exod.
453 1850 501 1875 xu,
521 1850 600 1877 quam
622 1842 709 1871 fusius
733 1845 759 1871 in
781 1845 898 1873 secunda
915 1851 986 1875 orat.
1008 1848 1046 1876 De

258 1885 390 1912 Paschate
410 1887 584 1921 persequitur
598 1886 752 1923 Theologus
767 1889 816 1924 (2).

294 1930 381 1958 Hodie
401 1931 544 1966 Afgyptum
566 1933 673 1960 omnino
693 1933 819 1968 fugimus,
842 1941 895 1963 etc.
914 1937 963 1973 (ὅ).
991 1937 1044 1967 He-

258 1981 350 2004 sterno
367 1976 421 2007 die.
442 1978 538 2012 inquit,
558 1978 603 2005 illa
629 1980 813 2015 contigerunt,
835 1989 895 2017 quae
915 1984 1043 2012 diximus.

258 2021 343 2049 Hodie
367 2026 467 2054 autem,
494 2023 520 2050 id
539 2028 580 2051 est
599 2023 739 2052 Dominico
758 2025 819 2058 die,
845 2035 899 2062 quo
920 2028 1045 2058 Christus

257 2069 370 2101 revixit,
396 2076 430 2096 ac
459 2071 604 2098 transitum
631 2071 665 2098 ab
689 2073 800 2100 interitu
824 2074 858 2101 ad
884 2076 1045 2104 immortali-

257 2119 357 2146 tatem,
384 2119 411 2142 et
435 2123 450 2142 a
476 2117 557 2144 rebus
581 2116 688 2152 injuriae
717 2119 843 2148 obnoxiis
869 2121 903 2148 ad
931 2129 962 2149 ea
985 2130 1046 2158 qua:

257 2161 294 2188 ab
313 2161 387 2188 omni
409 2161 508 2196 injuria
529 2167 587 2190 tuta
603 2168 678 2196 sunt,
698 2165 778 2193 nobis
796 2165 946 2197 innovavit,
961 2168 1044 2204 Egy-

1104 258 1149 281 τος
1169 250 1331 286 πνεύματος.
1352 252 1440 288 Ὅπερ
1455 252 1612 286 μεταϐαλὼν
1626 251 1702 280 εἶπεν
1714 254 1728 279 ὁ
1746 253 1885 288 Θεολόγοςι

1103 296 1183 331 Κάμὲ
1203 298 1380 334 καινοποιήσῃ
1396 297 1435 332 τῷ
1452 297 1600 334 Πνεύματι.
1616 299 1670 325 Καὶ
1688 297 1776 331 αὖθις·
1790 300 1888 327 Ἐδιδάο

1103 341 1188 376 χθητε
1199 342 1369 375 ἐνδύσασθαι,
1393 343 1431 375 ὡς
1443 343 1572 380 λαμπρὰν
1588 345 1698 380 ἐσθῆτα,
1713 345 1762 382 τὴν
1775 347 1885 382 ἀρετήν.

1103 386 1210 422 Ταύτην
1229 387 1284 424 γὰρ
1299 388 1426 423 ὀνομάζει
1442 389 1533 416 καινὸν
1557 389 1710 426 ἄνθρωπον,
1728 390 1888 426 κτιζόμενον

1103 431 1173 458 κατὰ
1185 431 1261 464 Θεὸν,
1275 433 1412 459 τουτέστιν
1426 433 1464 465 ὡς
1477 433 1627 469 ἀρέσκοντα
1642 434 1680 470 (5)

1136 476 1196 504 Col.
1213 477 1264 505 597
1281 478 1303 504 A
1319 478 1345 506 5.
1373 478 1483 512 Χθὲς...
1510 479 1728 514 ἐτειχίσθημεν.
1751 480 1820 516 Περὶ
1833 480 1886 506 τῶν

1102 523 1162 550 καθ’
1180 523 1274 551 ἑαυτὸν
1290 524 1530 560 ἀπολογησάμενος
1551 526 1565 552 6
1582 525 1726 559 Θεολόγος,
1744 527 1828 561 χωρεῖ
1839 525 1887 552 νῦν

1103 571 1148 596 καὶ
1166 570 1212 596 ἐπὶ
1233 570 1266 597 τὰ
1283 571 1353 597 κατὰ
1368 570 1416 606 τὴν
1436 571 1542 606 ἑορτὴν,
1563 571 1581 598 ἃ
1599 572 1646 598 καὶ
1664 571 1826 606 ἀλληγορεῖ,
1839 572 1884 598 καί

1102 625 1194 652 φησιν,
1210 617 1250 644 ὅτι
1264 617 1335 648 xei;
1348 617 1364 643 ό
1376 617 1484 650 λογικὸς
1499 617 1595 652 ἀμνὸς,
1609 618 1623 643 ὁ
1639 617 1765 652 Χριστὸς,
1783 617 1827 644 διὰ
1838 617 1883 644 τοῦ

1101 661 1173 689 θείου
1191 662 1273 697 άρτον
1295 662 1485 698 ὲσεραγιάσθη,
1506 662 1553 689 καὶ
1575 662 1739 698 εχρίσθησαν
1760 662 1838 698 ἡμῶν
1856 663 1884 689 αι

1101 708 1187 742 φλιαὶ,
1204 708 1220 742 ἡ
1235 708 1334 743 πρᾶξις
1350 708 1397 735 καὶ
1410 709 1427 743 ἡ
1443 708 1543 744 Θεωρία
1556 709 1603 734 καὶ
1615 709 1641 735 αἱ
1661 708 1768 744 πρῶται
1779 708 1827 735 τοῦ
1839 708 1882 735 νοῦ

1101 754 1221 788 κινήσεις
1243 754 1290 780 καὶ
1312 754 1452 790 αίσθήσεις
1471 753 1636 790 ἐχρίσθησαν
1648 753 1685 788 (6)
1698 753 1742 780 διά
1756 753 1802 780 τοῦ
1814 754 1885 780 θείου

1101 798 1225 834 αἵματος.
1244 800 1299 826 Καὶ
1319 800 1337 835 ἡ
1361 799 1410 835 μὲν
1434 800 1585 834 Αῑγυπτος,
1610 800 1628 835 ἡ
1654 799 1788 826 διώκουσα
1812 800 1884 834 ἡμᾶς

1100 844 1233 880 ἁμαρτία,
1254 845 1403 881 ἑθρὴνησεν
1418 845 1590 880 ἀπολλύμενα
1608 845 1642 871 τὰ
1666 845 1765 879 ἑαυτῆς
1778 845 1882 880 πρωτό-

1100 898 1177 923 τοκα,
1193 891 1314 917 τουτέστι
1329 891 1375 917 καὶ
1386 891 1470 923 αὑτὰς
1489 891 1538 922 τὰς
1550 890 1660 927 πρώτας
1679 890 1822 921 ὑποθέσεις
1838 890 1883 916 καὶ

1100 938 1238 974 ἀφορμάς.
1255 938 1307 964 Τοῦ
1320 938 1374 974 γὰρ
1387 939 1499 965 παλαιοῦ
1515 938 1596 973 νόμου
1609 938 1643 965 τὰ
1652 938 1715 973 τέλη
1726 939 1780 965 τῶν
1792 938 1879 974 ἁμαρ-

1098 984 1228 1019 τημάτων
1246 983 1420 1016 κολάζοντος,
1444 985 1523 1019 ἡμεῖς
1539 984 1586 1010 καὶ
1605 984 1654 1015 τὰς
1675 984 1761 1019 ἀρχὰς
1783 983 1880 1014 αὑτῶν,

1098 1029 1136 1061 ὡς
1150 1030 1238 1061 αἰτίας
1253 1029 1307 1056 τῶν
1318 1029 1452 1065 πράξεων,
1467 1029 1571 1065 ῥιζόθεν
1584 1031 1707 1066 άνασπᾷν
1722 1030 1882 1064 ἐκελεύσθη-

1100 1084 1160 1110 μεν.
1181 1075 1216 1102 Ἦ
1234 1075 1281 1102 καὶ
1300 1076 1469 1111 πρωτότοκα,
1486 1076 1519 1103 τὰ
1541 1076 1693 1111 τελεώτερα
1717 1075 1816 1111 μᾶλλον
1829 1076 1882 1102 τῶν

1098 1121 1305 1156 ἁμαρτημάτων
1325 1121 1373 1148 καὶ
1390 1121 1510 1156 μείζονα.
1527 1122 1561 1148 Ἢ
1585 1121 1689 1154 ἁπλῶς,
1709 1122 1743 1148 τὰ
1763 1122 1881 1157 πρότερα

1098 1165 1335 1201 πλημμελήματα,
1364 1166 1435 1202 ἅπερ
1461 1165 1616 1193 άπώλλοντο
1635 1167 1672 1201 (7)
1693 1167 1810 1202 Χριστοῦ
1835 1175 1882 1192 τυ-

1097 1210 1188 1243 θέντος
1205 1211 1275 1246 ὑπὲρ
1285 1211 1374 1247 ἡμῶν.
1401 1211 1490 1246 Ἦμᾶις
1504 1211 1533 1237 δὲ
1552 1211 1692 1247 παρῆλθεν
1706 1212 1721 1237 ό
1734 1211 1881 1247 ὀλοθρεύων

1096 1256 1233 1290 διάϐολος,
1249 1257 1279 1289 ὃς
1292 1258 1414 1293 ἀναιρεῖν
1430 1257 1579 1292 ἐπείγεται.
1593 1257 1688 1292 ὥσπερ
1701 1258 1763 1284 τινὰ
1776 1258 1880 1294 πρωτό-

1096 1310 1175 1332 τοκα,
1186 1303 1249 1333 τοὺς
1262 1301 1386 1337 πρώτους
1397 1301 1516 1335 ἀγαθοὺς
1526 1301 1622 1333 τόκους
1633 1302 1682 1337 τῆς
1693 1301 1782 1338 ψυχῆς
1793 1302 1881 1337 ἡμῶν.

1096 1348 1152 1375 Καὶ
1168 1348 1185 1384 ἡ
1203 1347 1330 1383 σφραγὶς,
1350 1348 1369 1383 ἡ
1392 1347 1436 1374 διὰ
1456 1348 1505 1383 τῆς
1524 1348 1640 1383 χρίσεως
1660 1348 1708 1374 τοῦ
1730 1349 1820 1383 τιμίου
1842 1348 1882 1374 αἶ-

1097 1401 1191 1429 ματος,
1214 1393 1318 1429 φοϐερὰ
1330 1394 1378 1428 μὲν
1391 1393 1449 1420 ἐστι
1465 1393 1504 1428 τῷ
1518 1392 1686 1428 όλοθρεύοντι
1696 1393 1803 1428 δαίμονι
1813 1414 1821 1427 ,
1839 1393 1882 1420 διὰ

1095 1439 1144 1475 τὴν
1165 1439 1280 1475 δύναμιν
1301 1439 1401 1474 αὐτῆς
1419 1439 1559 1475 αἰδέσιμος
1581 1439 1625 1470 δὲ,
1646 1439 1691 1467 διὰ
1705 1439 1735 1466 τδ
1755 1439 1881 1475 ἀξίωμα·

1096 1485 1222 1522 βασιλικὴ
1242 1487 1280 1522 (8)
1310 1485 1374 1522 γάρ.
1404 1486 1460 1513 Καὶ
1481 1485 1520 1521 τῷ
1543 1485 1609 1521 ἱερῷ
1629 1486 1726 1521 αἵματι
1745 1486 1777 1512 οὐ
1803 1486 1883 1521 μόνον

1096 1531 1261 1568 ὲχρίσθημεν
1277 1531 1325 1558 καὶ
1344 1530 1579 1566 ἐσφραγίσθημεν,
1599 1530 1667 1558 ἀλλὰ
1689 1531 1735 1558 καὶ
1751 1531 1820 1558 ὡσεὶ
1832 1533 1883 1558 τεῖ-

1096 1586 1142 1613 χος
1156 1578 1223 1606 αὐτὸ
1240 1577 1371 1605 κυκλόθεν
1394 1578 1432 1613 (9)
1456 1577 1686 1613 περιϐαλλόμεθα.
1709 1578 1803 1613 Διήκει
1829 1578 1887 1613 γὰρ

1097 1624 1180 1651 αὐτοῦ
1195 1623 1252 1659 (10)
1274 1624 1342 1660 πρὸς
1359 1624 1450 1651 πᾶσαν
1464 1623 1514 1659 τὴν
1529 1623 1625 1651 οὐσίαν
1639 1623 1719 1659 ἡμῶν
1732 1625 1749 1660 ἡ
1765 1624 1822 1659 (Η)
1843 1623 1885 1651 δύο

1096 1678 1187 1706 ναμις,
1201 1670 1272 1697 ὥστε
1287 1670 1479 1705 συναμφότερα
1493 1669 1687 1704 περιτειχίζειν
1702 1670 1748 1697 καὶ
1757 1670 1789 1696 τὸ
1804 1669 1884 1704 σῶμα

1097 1717 1143 1743 καὶ
1164 1716 1214 1752 τὴν
1234 1716 1333 1751 ψυχήν.
1355 1716 1451 1742 Κείται
1468 1715 1497 1742 δὲ
1518 1716 1592 1742 πᾶσα
1611 1717 1627 1750 ἡ
1650 1716 1715 1752 περι
1732 1715 1779 1743 τοῦ
1796 1715 1882 1750 ἀμνοῦ

1097 1763 1202 1798 ἱστορία
1222 1763 1250 1789 ἐν
1260 1762 1299 1798 τῷ
1313 1762 1433 1797 δευτέρῳ
1449 1761 1588 1796 Μωσαῖκῷ
1603 1761 1707 1797 βιϐλίῳ,
1717 1762 1786 1798 ὅπερ
1804 1762 1882 1794 Ἐξο-

1095 1809 1140 1840 δος
1154 1808 1365 1844 ἐπιγέγραπται,
1381 1807 1445 1842 περὶ
1458 1805 1492 1843 ἧς
1518 1807 1638 1843 ἱστορίας
1662 1807 1830 1843 πλατύτερον
1854 1808 1883 1834 ὲν

1096 1855 1134 1891 τῷ
1152 1854 1272 1890 δευτέρῳ
1283 1854 1355 1889 λόγῳ
1370 1853 1417 1881 τοῦ
1431 1854 1526 1889 Πάσχα
1537 1855 1552 1880 ὁ
1567 1853 1698 1888 Θεολόγος
1709 1854 1847 1887 διέξεισιν.

1131 1944 1198 1972 Ibid.
1221 1944 1249 1972 8.
1277 1944 1412 1978 Σήμερον
1430 1964 1436 1970 .
1463 1962 1470 1970 .
1495 1963 1502 1970 .
1522 1942 1706 1978 φυράματος.
1729 1943 1801 1974 Χθὲς
1823 1944 1880 1979 μὲν,

1095 1991 1188 2026 φησὶν,
1205 1991 1296 2017 ἐκεί-ια
1311 1990 1429 2024 ἐγένετο,
1445 1989 1517 2024 ἆπερ
1531 1989 1692 2024 εἰρήκαμεν.
1706 1989 1831 2024 Σήμερον
1844 1989 1880 2019 δὲ,

1095 2035 1167 2062 κατὰ
1185 2036 1234 2071 τὴν
1251 2035 1395 2071 Κνριακὴν
1415 2034 1532 2070 ἡμέραν,
1546 2034 1604 2061 καθ’
1622 2035 1655 2070 ἣν
1667 2035 1681 2061 ό
1697 2035 1814 2070 Χριστὸς
1835 2035 1883 2061 ἁν-

1095 2081 1172 2114 εϐίω,
1189 2081 1238 2108 καὶ
1255 2074 1425 2107 ἀνεκαίνισεν
1442 2081 1498 2115 (l2)
1515 2081 1580 2116 ἡμῖν
1591 2080 1640 2116 τὴν
1654 2080 1707 2107 ἀπὸ
1720 2079 1824 2115 φθορᾶς
1843 2081 1883 2111 εις

1094 2126 1248 2162 ἀφθαρσίαν
1259 2126 1393 2159 διάϐασιν,
1407 2126 1454 2154 καὶ
1468 2126 1516 2161 τὴν
1526 2126 1579 2153 (hab
1588 2126 1642 2153 τῶν
1654 2127 1881 2162 ὲπηρεαζομένων

1095 2173 1164 2208 πρὸς
1176 2172 1210 2199 τὰ
1225 2172 1428 2207 άνεπηρέαστα,
1440 2171 1567 2207 καθαρῶς
1581 2171 1717 2206 ἐφύγομεν
1731 2171 1879 2205 Αἴγυπτον·

257 2212 332 2242 ptum
349 2207 461 2235 omnino
472 2208 600 2244 fugimus,
610 2217 664 2237 non
680 2210 760 2238 modo
775 2212 880 2245 peccati
894 2213 1044 2246 periculum

1097 2207 1125 2246 οὗ
1151 2219 1230 2254 μόνον
1251 2218 1295 2245 τὸν
1321 2218 1442 2245 κίνδυνον
1470 2218 1522 2252 τῆς
1537 2217 1674 2253 ἁμαρτίας
1696 2217 1880 2249 ἐκκλίναντες.

257 2254 386 2286 aversati,
404 2254 452 2282 sed
475 2255 561 2289 ipsam
582 2255 663 2282 etiam
688 2256 721 2282 ad
746 2260 886 2291 peccatum
903 2258 1042 2287 habitudi-

259 2307 319 2326 nem
343 2308 375 2327 ex
401 2301 492 2328 animo
517 2305 543 2328 et
569 2301 674 2333 sincere
699 2302 838 2330 detestati.
864 2302 920 2332 Hac
952 2309 1041 2333 autem

257 2350 346 2372 mente
359 2345 478 2381 praeditis
493 2346 681 2374 amarulentus
696 2347 821 2375 dominus
836 2349 972 2378 videbitur
986 2352 1042 2388 spi-

292 2423 330 2458 (l)
346 2422 512 2452 PSELLUS.
524 2424 557 2451 Et
565 2431 650 2460 postes
667 2426 839 2461 angebantur.
852 2428 929 2456 Actio
937 2431 1042 2459 scilicet

255 2462 282 2486 et
291 2460 565 2500 contemplatioﬁquge
575 2461 672 2500 mentis
684 2460 944 2500 siliitapparitrices.
955 2468 1042 2500 Atque

255 2501 315 2533 eam
328 2493 363 2521 oh
373 2493 483 2535 causam
494 2493 1042 2536 luxitﬂigyptuspriniogenita.’Primige;

257 2529 300 2555 nis
315 2537 386 2570 em_r_n
403 2529 693 2570 cogitatiipni_busnieis
706 2531 760 2570 Deo
778 2529 934 2570 immolatis.
951 2539 980 2562 ut
994 2529 1042 2570 per

255 2571 303 2591 eas
320 2564 411 2591 nullus
426 2565 582 2592 adversario
598 2570 688 2600 pateat
706 2567 805 2599 aditus,
821 2564 977 2597 universum
993 2564 1040 2597 ire-

255 2600 581 2669 ?Eiti:;_2t_pqrversitatis
595 2601 773 2637 caliginosum
787 2610 882 2638 agmen
897 2605 1044 2640 ingernuit.,

293 2642 310 2660 π
350 2643 356 2659 ι
380 2642 415 2661 ιο.

293 2642 310 2660 ,τ
327 2635 428 2668 mum.)

292 2668 329 2703 (2)
344 2668 418 2695 Orat.
435 2678 496 2700 xu,
514 2670 577 2697 olim
594 2678 659 2698 ιιιιι.

290 2705 327 2738 (5)
346 2703 520 2743 Ρὸίξμιυὸε
539 2705 623 2733 Hodie
639 2706 754 2741 fugimus
768 2705 910 2743 (Egyptum
933 2715 957 2737 et
978 2710 1043 2738 Pha-

255 2745 371 2780 ίαοιιειη.
396 2738 463 2780 Nam
488 2747 549 2767 cum
572 2738 679 2780 crassa'
693 2738 936 2780 corporis'r'noles,
962 2748 1041 2780 quasi

255 2771 360 2800 Pharao
376 2775 522 2814 quispiam,
538 2776 720 2814 principatum
740 2771 837 2805 anima!
851 2771 1040 2814 accepitfpra:

256 2816 350 2849 va-que
365 2810 545 2849 cogitationes
560 2810 636 2849 velut
652 2811 762 2849 quidam
787 2819 900 2847 operum
919 2810 1038 2849 praefecti

255 2847 362 2883 timent,
379 2843 570 2883 hominemque
584 2843 739 2883 interi-orem
755 2843 857 2883 cogunt
872 2843 1041 2879 munitiones

256 2877 463 2914 haudquaquam
487 2880 592 2909 divinas
615 2880 762 2916 aedificare,
775 2877 821 2918 pEr
836 2891 902 2919 quas
919 2892 996 2913 nicas
1009 2877 1035 2913 in

1095 2265 1164 2292 ἀλλὰ
1177 2265 1224 2291 καὶ
1237 2264 1322 2299 αὐτὴν
1333 2264 1383 2298 τὴν
1399 2263 1467 2298 πρὸς
1481 2263 1530 2299 τὴν
1545 2263 1682 2299 ἁμαρτίαν
1693 2263 1811 2290 διάθεσιν
1827 2264 1881 2290 ἀπὸ

1096 2309 1210 2346 καρδίας
1226 2308 1355 2344 καθαρῶς
1369 2310 1544 2344 μισήσαντες.
1561 2308 1639 2335 Οὕτω
1655 2309 1683 2335 δὲ
1698 2308 1881 2357 διακειμένοις

1097 2357 1173 2391 ἡμῖν,
1197 2355 1294 2391 πικρος
1321 2356 1444 2389 φανεῖται
1461 2354 1596 2389 δεσπόπις
1620 2356 1634 2381 ό
1658 2354 1752 2390 νοητὸς
1777 2353 1879 2390 Φαραὼ

1095 2433 1193 2460 corium
1208 2433 1342 2462 evehitur,
1360 2432 1516 2466 hujusmodi
1533 2433 1732 2460 exstructiones
1746 2440 1806 2467 qua:
1825 2441 1879 2459 mu-

1094 2468 1157 2495 nita:
1172 2467 1309 2498 videntur,
1326 2468 1383 2494 luto
1397 2471 1460 2495 sunt
1472 2468 1634 2502 persimiles,
1647 2468 1732 2494 coctis
1748 2468 1879 2495 lateribus

1094 2503 1234 2532 confecta),
1246 2503 1290 2536 qui
1303 2501 1410 2536 quidem
1422 2501 1494 2528 omni
1508 2509 1540 2529 ex
1553 2507 1630 2536 parte
1640 2502 1785 2537 perlinunt.
1797 2508 1877 2536 atque

1094 2537 1209 2565 inﬁrmis
1223 2537 1432 2573 cogitationibus
1449 2538 1527 2572 quasi
1542 2537 1625 2572 paleis
1641 2538 1795 2573 perexiguis
1808 2545 1880 2565 com-

1093 2573 1198 2608 posite.
1217 2571 1270 2606 (Ex
1277 2572 1389 2608 ABil/io.)

1129 2607 1168 2641 (4)
1192 2606 1350 2633 Ἀνανέωσιν
1365 2607 1424 2633 loco
1438 2606 1613 2641 άναγέννησιν
1627 2606 1655 2633 b.

1130 2642 1168 2676 (5)
1190 2641 1234 2673 Ὠς
1248 2641 1359 2676 ἀρέσκει
1373 2641 1432 2676 Θεῷ
1446 2642 1472 2673 1),
1485 2642 1556 2676 quod
1571 2641 1669 2676 probo.

1131 2678 1168 2710 (ti)
1186 2677 1219 2702 Δέ
1234 2677 1382 2710 interponit
1394 2677 1420 2703 h.

1131 2711 1169 2746 (7)
1193 2711 1344 2737 Ἀπώλοντο
1360 2711 1386 2738 b.
1429 2718 1433 2722 -

1130 2743 1168 2780 (8}
1184 2746 1327 2772 Βασιλικόν
1344 2746 1370 2772 b.
1386 2746 1516 2781 Βασιλική
1532 2743 1648 2772 refertur
1662 2745 1696 2772 ad
1712 2746 1838 2781 σφραγίς.

1132 2781 1170 2814 (9)
1190 2781 1335 2807 Κύκλωθεν
1352 2781 1378 2808 b.

1127 2815 1183 2852 (ιο)
1199 2816 1285 2852 ᾼςιτοῦ
1298 2815 1375 2852 abest
1391 2815 1420 2844 ι).
1463 2832 1469 2838 -

1126 2850 1181 2887 (ll)
1196 2851 1229 2887 ᾞ
1242 2850 1324 2887 αὑτοῦ
1340 2851 1366 2878 b.

1125 2885 1181 2923 (l2)
1194 2885 1374 2913 Ἑνεκαίνισςν
1387 2886 1413 2920 b,
1427 2885 1501 2922 quod
1514 2885 1610 2921 mehe.
