2022 3134
159 153 211 182 953

764 163 811 191 AD
831 164 859 192 S.
880 164 1044 194 GREGOBII
1059 166 1164 196 ORAT.
1179 168 1200 196 Ι.

1728 175 1781 203 95s

158 211 281 244 διάὸολος
290 221 297 227 ·
314 212 407 248 βαρεῖς
419 214 448 242 δὲ
462 215 614 249 ἐπιστάται,
627 218 652 244 oi
666 220 858 255 συνεργοῦντες
870 222 941 257 αὐτῷ

996 223 1103 251 ritualis
1117 224 1222 252 l'harao
1235 224 1371 258 diabolus,
1384 234 1479 261 graves
1491 228 1554 257 item
1569 234 1595 257 et
1607 231 1698 260 acerbi
1711 241 1782 268 prae-

159 258 301 303 δαίμονας
319 261 366 287 καὶ
389 261 406 296 ἡ
424 262 555 298 ἁμαρτία,
571 264 655 299 πηλὸς
673 265 720 292 καὶ
734 265 874 293 πλινθεία·
892 276 946 303 πη-

159 302 205 348 λὸς
219 303 270 339 μὲν
282 305 427 342 λεγομένη.
448 307 512 333 ὅταν
534 308 603 344 πρὸς
614 309 664 341 τὰς
678 310 775 345 ἡδονὰς
795 310 891 346 φαῦλοι
906 313 947 348 (1)

159 346 252 385 ὦμεν·
271 351 394 379 πλινθεία
410 353 448 386 δὲ,
467 354 532 381 ὅταν
548 355 638 387 ποσῶς
653 356 872 393 συστελλώμεθα.
889 346 945 395 Tn;

159 397 275 424 νικαῦτα
288 397 317 424 δὲ
332 399 378 426 καὶ
391 399 551 436 ἑορτάσιμος
565 402 632 437 ἡμῖν
646 402 722 430 ἔσται
733 404 749 439 ή
761 405 793 430 ἐκ
801 404 947 441 τῆςάμαρ-

159 442 220 474 τίας
246 443 315 478 πρὸς
329 444 377 480 τὴν
390 445 563 483 δικαιοσύνην
583 447 717 480 διάὸασις,
734 449 782 476 καὶ
795 450 896 485 ᾷσομεν
912 451 946 478 τὰ

158 489 248 523 ἐξὸδια
260 492 307 518 καὶ
320 491 493 528 διαϐατήρια,
506 494 597 521 οὐκέτι
608 494 776 531 κωλΜμενοι
793 496 943 531 ἑορτάζειν·

158 535 253 571 ὥσπερ
265 537 325 563 οὐδὲ
345 538 369 563 ol
391 537 555 574 Ἰσραηλῖται
575 540 646 574 μετὰ
659 541 710 575 τὴν
732 542 782 576 τῆς
811 542 945 578 Ἐρυθρᾶς

157 581 301 608 διάϐασιν
327 582 387 609 οὐδὲ
408 583 544 618 χρώμενοι
567 586 600 621 τῇ
626 586 762 622 σεσηπυίᾳ
780 588 828 614 καὶ
851 588 944 621 ὀξιῖιδει

158 627 231 664 ζύμῃ
248 629 298 663 τῆς
320 629 467 664 ἁμαρτίας,
488 630 544 656 ἀλλ’
564 631 601 662 ὡς
622 632 651 657 ἐν
666 632 736 659 ἑπτὰ
756 633 883 668 ἡμέραις,
906 634 944 670 τῷ

158 674 295 709 ἐπταδικῷ
307 675 394 710 τούτῳ
409 675 467 711 βιῳ,
479 676 530 711 τὴν
540 676 642 711 ἄζυμον
653 678 699 704 καὶ
711 679 834 714 καθαράν
844 680 943 716 ἀρετὴν

157 718 205 745 καὶ
220 718 359 753 θεολογίαν
377 720 524 754 μετιόντες.
544 720 708 756 Εὶλικρίνεια
724 722 778 757 γάρ
797 723 868 753 ἐστι,
885 722 943 757 βίου

157 764 313 800 καθαρότης
324 774 331 780 ·
348 765 459 800 ἀλήθεια
474 766 502 793 δὲ
513 787 519 797 ,
532 767 675 802 δογμάτων
691 767 816 803 ὀρθότης.
837 769 881 795 Ἐν
897 777 943 795 κε-

157 811 265 846 φαλαίῳ
284 810 331 838 οὖν
346 811 390 839 διὰ
406 812 456 847 τῆς
480 811 653 849 είλικρινείας
669 814 716 840 καὶ
732 813 872 849 ἀληθείας,
893 815 942 850 τὴν

156 857 314 894 πρακτικὴν
343 859 391 885 καὶ
419 859 577 894 θεολογικὴν
605 859 764 896 φιλοσοφίαν
793 861 941 896 ἐσήμανεν.

156 903 262 940 Ὠσπερ
279 904 307 931 δὲ
321 905 345 931 οἱ
364 905 528 940 Ἰσραηλῖται
546 906 578 932 ἐκ
592 905 643 941 τῆς
657 905 795 940 Αἰγύπτου
812 906 939 939 ἐξιόντες,
958 902 978 929 Β

155 950 230 977 οὐδὲν
245 951 412 986 ἐπεφέροντο
429 950 578 985 Αίγύπτιον
594 952 688 987 κρᾶμα
707 952 754 979 καὶ
769 951 895 988 φύραμα,
917 954 942 979 εἱ

157 996 193 1032 μὴ
206 997 287 1032 μόνον
298 997 408 1033 ἄλευρα·
418 996 490 1024 οὕτω
499 997 551 1033 χρὴ
562 998 609 1024 καὶ
619 998 692 1033 ἡμᾶς
703 999 735 1024 ἐκ
745 998 796 1033 τῆς
806 997 942 1033 ἁμαρτίας

154 1042 375 1078 ἀναχωροῦντας,
392 1043 429 1078 μὴ
441 1043 585 1077 φυλάττειν
599 1052 626 1070 τι
637 1045 685 1079 τῆς
696 1043 832 1079 προτέρας
843 1044 942 1076 κακίας

153 1089 289 1124 λείψανον,
305 1089 373 1116 ἀλλά
386 1090 435 1125 τὴν
452 1090 553 1125 ἀρετὴν
566 1090 670 1126 ἄζυμον
687 1090 769 1126 ἔχειν,
792 1091 829 1126 μὴ
853 1100 941 1126 φυρα-

154 1134 247 1161 θεῖσαν
258 1134 274 1168 ἢ
289 1134 499 1170 ἀνακραθεῖσαν,
511 1132 556 1161 οἶά
568 1144 621 1161 τινι
634 1134 718 1170 ζύμῃ,
733 1136 765 1171 τῇ
777 1134 880 1170 παλαιᾷ
894 1135 942 1162 καὶ

154 1181 241 1216 mqu
265 1180 338 1212 ἕξει,
368 1181 401 1215 ἢν
428 1180 606 1216 ἐσιτούμεθα,
632 1181 676 1207 ὅτε
701 1181 730 1207 ἐν
755 1180 884 1216 Αἰγύπτῳ
906 1182 940 1217 τῇ

154 1226 276 1262 ἁμαρτίᾳ
293 1227 434 1262 διήγομεν.
452 1227 485 1253 Τί
510 1226 538 1252 δὲ
561 1225 592 1252 τὸ
610 1226 796 1261 Αἰγυπτιακδν
814 1226 939 1262 φύραμα,

153 1273 234 1305 αὐτὸς
250 1274 264 1300 ὁ
278 1272 408 1308 Θεολὸγος
425 1272 582 1309 ἐρμηνεύει,
598 1273 639 1299 ὅτι
659 1272 696 1299 Τὸ
709 1272 789 1299 ἄθεον
806 1271 904 1307 δόγμα,
922 1271 939 1307 ἢ

153 1318 182 1345 τὸ
197 1319 335 1345 σκοτεινὸν
351 1319 398 1345 καὶ
415 1319 536 1354 ῥυπαρὸν
551 1318 642 1354 ἔργον.

995 267 1076 301 fecti,
1102 270 1152 297 hoc
1176 275 1235 303 est,
1259 271 1396 300 daemones
1419 273 1505 308 ipsius
1521 275 1677 310 adjutores,
1699 267 1782 314 grave

995 314 1076 342 etiam
1086 315 1171 342 lutum
1178 320 1205 343 et
1213 316 1360 344 lateritium
1368 325 1448 353 opus,
1456 319 1481 346 id
1489 324 1532 348 est
1542 327 1693 355 peccatum,
1707 324 1780 360 quod

995 360 1104 395 quidem
1120 361 1206 389 lutum
1222 362 1333 395 dicitur,
1357 371 1420 391 cum
1440 365 1626 400 voluptatibus
1647 368 1782 404 ﬂagitiose

996 406 1184 442 indulgemus;
1201 409 1348 437 lateritium
1366 414 1455 438 autem
1476 419 1556 446 opus,
1574 420 1635 440 cum
1657 414 1777 450 aliquan-

995 451 1081 478 tuluru
1102 460 1151 480 nos
1165 453 1238 488 ipsos
1250 454 1412 489 colligimus.
1431 454 1499 483 Tum
1515 465 1580 484 vero
1595 458 1674 486 nobis
1688 463 1780 488 trans-

995 496 1050 524 ilus
1060 497 1102 524 ille
1116 506 1130 524 a
1146 503 1257 533 peccato
1272 500 1304 527 ad
1320 500 1453 535 justitiam
1469 509 1532 529 cum
1548 503 1719 532 solemnitate
1732 513 1779 533 ce-

995 541 1143 570 lebraudus
1155 544 1217 575 erit,
1230 549 1311 579 atque
1325 545 1440 581 hymnos
1452 548 1601 581 egressioni
1615 552 1642 575 et
1654 550 1781 577 transilui

994 592 1176 622 congruentes
1191 591 1373 625 cantabimus,
1389 599 1442 619 non
1456 592 1512 627 jam
1530 600 1544 620 a
1564 601 1700 629 quoquam
1718 603 1782 630 pro-

994 632 1072 660 hibiti
1087 635 1234 669 quominus
1249 636 1347 664 festum
1360 638 1538 672 celebremus,
1551 641 1780 674 quemadmodum

994 687 1044 706 nec
1058 679 1185 708 lsraelitae
1201 686 1261 717 post
1276 684 1360 711 maris
1373 683 1457 711 Rubri
1474 686 1630 719 transitum,
1645 695 1694 715 nec
1708 689 1780 722 putri

994 727 1142 763 {calidoque
1163 732 1265 764 peccati
1288 731 1421 759 fermento
1438 737 1556 766 utentes,
1577 743 1670 762 verum
1692 735 1718 762 in
1735 743 1780 763 se-

993 775 1117 807 ptenaria
1132 774 1183 802 hac
1196 776 1259 806 vita,
1275 777 1354 810 quasi
1367 777 1394 804 in
1413 782 1516 812 srptem
1532 780 1706 814 paschalibus
1720 780 1781 808 die-

993 819 1044 846 bus
1058 819 1182 846 fermenti
1196 825 1333 855 expertem
1350 829 1500 858 puramque
1520 824 1648 851 virtutem
1660 832 1691 851 ac
1705 825 1781 852 theo-

993 864 1091 899 logiam
1106 870 1305 893 consectantes.
1329 866 1479 896 Sinceritas
1494 871 1577 901 enim,
1595 874 1637 897 est
1654 870 1715 897 vita:
1731 879 1781 905 pu-

992 909 1075 943 ritas;
1101 911 1200 939 veritas
1224 917 1314 938 autem
1338 913 1470 941 doctrina:
1499 914 1614 949 ﬁdeique
1638 916 1780 950 integritas

990 958 1017 981 et
1034 955 1177 982 rectitudo.
1197 955 1229 983 -ln
1251 965 1356 984 summa
1379 959 1469 994 itaque
1487 967 1534 994 per
1550 960 1735 988 sinceritatem
1753 966 1780 989 et

991 1001 1129 1028 veritatem
1147 1003 1262 1029 activam
1283 1007 1310 1030 et
1330 1004 1508 1040 theologicam
1527 1007 1687 1041 sapientiam
1705 1008 1779 1035 desi-

990 1048 1092 1082 gnavit.
1114 1048 1200 1076 Porro
1216 1051 1443 1084 quemadmodum
1462 1052 1590 1080 Israelita:
1609 1061 1640 1080 ex
1663 1053 1780 1089 [Egypto

989 1094 1152 1122 ercedentes
1176 1095 1278 1122 nullam
1302 1104 1394 1124 secum
1412 1097 1601 1134 Egyptiacam
1624 1099 1778 1128 mistionem

990 1147 1022 1167 ac
1034 1141 1256 1175 conspersionem
1269 1147 1367 1177 praeter
1379 1142 1495 1171 farinam
1507 1146 1592 1172 solam
1605 1145 1778 1173 deferebant:

990 1185 1030 1212 sic
1047 1185 1126 1213 nobis
1146 1187 1238 1220 etiam,
1259 1195 1320 1215 cum
1338 1196 1352 1215 a
1372 1193 1483 1224 peccato
1504 1190 1669 1224 recedimus,
1690 1191 1780 1226 provi-

989 1230 1106 1258 dendum
1132 1235 1193 1263 est,
1219 1240 1253 1259 ne
1276 1241 1344 1268 quas
1370 1234 1491 1269 pristinaa
1517 1235 1625 1262 malitiae
1650 1236 1780 1270 reliquias

989 1282 1140 1309 servemus,
1154 1285 1248 1304 verum
1263 1282 1292 1304 ut
1310 1278 1527 1307 infermenlatam
1539 1280 1665 1308 virtutem
1680 1281 1780 1308 hahea-

989 1327 1050 1347 mus
1073 1327 1127 1348 non
1155 1328 1332 1357 consparsam
1358 1331 1390 1351 ac
1418 1326 1576 1358 permistam
1602 1333 1664 1353 cum
1694 1326 1780 1361 veteri

154 1367 234 1400 atque
264 1371 357 1391 amara
387 1363 470 1391 animi
497 1363 674 1395 habitudine,
702 1362 781 1397 quasi
809 1361 945 1408 fermento
965 1364 1095 1398 quodam,
1108 1373 1164 1401 quo
1177 1368 1367 1400 vescebamur,
1380 1377 1441 1397 eum
1455 1369 1481 1396 in
1494 1375 1617 1405 peccato,
1650 1377 1779 1408 tanquam

153 1409 181 1438 in
193 1409 324 1446 Egypto,
338 1416 581 1437 commoraremur.
597 1408 667 1442 Quid
699 1412 790 1435 autem
824 1407 1066 1444 sitEgyptiacum
1092 1410 1269 1447 fermentum,
1295 1412 1449 1451 Theologus
1483 1417 1542 1451 ipse
1574 1407 1779 1453 interpretatur,

154 1457 236 1493 impia
261 1464 358 1492 nempe
381 1457 519 1488 doctrina,
542 1460 589 1484 aut
616 1456 759 1484 tenebrosa
784 1459 811 1482 et
830 1455 940 1483 sordida
959 1456 1045 1484 actio.

187 1504 248 1532 Col.
269 1503 322 1531 ’59⁵1
339 1503 360 1529 Β
385 1503 411 1530 3.
439 1502 513 1535 Χθὲς
536 1502 841 1536 συνεσταυρούμην...
861 1508 936 1528 συν-

152 1550 308 1585 εγείρομαι.
325 1549 361 1576 re.
377 1549 440 1584 χθὲς
456 1548 567 1576 δύναται
586 1548 634 1575 καὶ
651 1548 712 1575 ὅλον
727 1548 772 1574 τὸν
784 1547 880 1583 καιρὸν
888 1547 938 1583 τῆς

153 1595 381 1630 Τεσσαρακοστῆς
403 1594 580 1621 αἰνίττεσθαι.
594 1593 665 1624 Χθές
684 1590 745 1624 οὖν,
762 1592 861 1628 φησὶν,
875 1601 938 1618 συν-
952 1607 973 1636 c

152 1640 286 1678 εσταυρού
291 1650 345 1676 μην
366 1640 477 1676 Χριστῷ
488 1660 496 1671 ,
515 1639 570 1666 τῶν
588 1638 690 1675 γηΐνων
709 1638 776 1674 ὁψού
781 1647 860 1674 μενος
869 1657 875 1669 ,
892 1638 939 1664 καὶ

151 1689 199 1724 τῆς
216 1688 278 1715 κατ’
299 1687 440 1722 ἐνέργειαν
455 1686 594 1722 ἁμαρτίας
609 1685 793 1720 ἀπεχόμενος,
808 1684 857 1710 καὶ
878 1692 941 1711 συν-

151 1732 321 1770 ενεκρούμην
329 1732 376 1760 καὶ
388 1731 595 1766 συνεθατττόμην
605 1731 651 1757 καὶ
661 1730 728 1766 πρὸς
741 1730 811 1757 αὐτὰ
820 1730 854 1756 τά
866 1729 939 1764 πάθη

151 1781 199 1806 καὶ
215 1779 266 1815 τὴν
287 1778 358 1806 κατὰ
375 1777 438 1804 νοῦν
453 1777 590 1813 ἁμαρτίαν
607 1777 694 1812 μένων
706 1776 803 1819 νεκρὸς
817 1775 864 1801 καὶ
880 1775 940 1801 dixi-

150 1834 239 1861 γητος.
266 1825 390 1860 Σήμερον
415 1823 579 1860 ἐνεργοῦμαι
602 1822 633 1848 τὸ
648 1820 806 1854 δοξάζεσθαι
828 1821 858 1847 τὸ
873 1820 940 1853 ζωο-

153 1871 299 1903 ποιεῖσθαι,
314 1871 344 1898 τὸ
359 1869 560 1904 ἐξανίστασθαι.
578 1869 655 1896 Κατά
673 1868 808 1895 ἀντίθεσιν
826 1867 854 1894 δὲ
873 1876 940 1902 σχη-

153 1919 261 1955 ματίζει
282 1918 328 1944 τὸν
350 1917 427 1951 λόγον
444 1918 458 1943 ὁ
479 1915 621 1950 Θεολόγος.
644 1915 808 1942 ’Δντίκειται
828 1916 882 1949 γὰρ
906 1915 938 1948 τῇ

153 1965 201 2000 μὲν
214 1963 307 1998 ἀδοξίᾳ
321 1962 368 1990 τοῦ
385 1962 514 1999 σταυροῦ,
536 1963 554 1997 ἡ
570 1961 644 1994 δόξα,
668 1962 701 1996 τῇ
718 1960 746 1987 δέ
762 1959 906 1995 νεκρώσει,
921 1961 938 1995 ἡ

151 2010 219 2046 ζωὴ,
234 2011 268 2045 τῇ
283 2009 312 2036 δὲ
328 2010 412 2044 ταφῇ,
431 2009 447 2044 ὴ
460 2009 619 2039 ἀνάστασις.
634 2007 688 2034 Καὶ
697 2007 748 2042 ὅρα
760 2005 938 2033 ἀκολουθίαν

151 2057 262 2092 Πρῶτον
277 2056 331 2091 γὰρ
347 2055 510 2090 σταύρωσις,
527 2055 594 2090 ὅπερ
614 2053 672 2080 ἐστὶ
686 2052 804 2083 κώλυσις
818 2051 867 2086 τῆς
878 2051 938 2077 κατ’

151 2105 291 2139 ἐνέργειαν
305 2103 443 2140 ἁμαρτίας
453 2111 459 2118 ’
480 2102 605 2138 δεύτερον
621 2101 771 2136 νέκρωσις,
787 2100 871 2135 ἤγουν
894 2107 939 2125 συν

152 2150 234 2186 στολὴ
246 2150 296 2185 τῆς
306 2149 378 2176 κατὰ
392 2149 455 2176 νοῦν
470 2148 575 2183 φαύλης
588 2148 737 2183 κινήσεως·
750 2145 842 2182 τρίτον
855 2145 938 2179 ταφὴ.

150 2196 290 2224 τουτέστιν
313 2195 456 2230 ἀναίρεσις
479 2195 527 2221 καὶ
540 2194 625 2228 αὐτῆς
648 2193 697 2228 τῆς
718 2191 787 2227 πρὸς
805 2191 839 2218 τά
865 2191 938 2225 πάθη

149 2242 308 2279 ἐνεργείας·
334 2242 480 2277 τέταρτον,
501 2241 659 2271 ἀνάστασις.
687 2239 773 2265 ’Ὀταν
797 2237 851 2273 γὰρ
873 2238 940 2263 ἀπο-

1027 1501 1093 1530 Heri
1109 1512 1167 1530 cum
1185 1504 1291 1532 Christo
1308 1506 1334 1532 in
1352 1514 1454 1533 crucem
1468 1507 1575 1542 agebar,
1593 1512 1647 1536 etc.
1663 1509 1715 1537 Per
1728 1509 1781 1540 hoc

991 1548 1167 1583 adverbium,
1188 1551 1262 1583 heri,
1288 1556 1378 1586 potest
1402 1556 1430 1580 et
1457 1557 1542 1581 totum
1562 1553 1781 1591 Quadragesimaa

989 1596 1097 1628 tempus
1113 1594 1271 1628 signiﬁcari.
1288 1595 1350 1623 lleri
1366 1596 1458 1632 igitur,
1480 1597 1578 1632 inquit,
1595 1607 1656 1626 cum
1671 1600 1782 1628 Christo

990 1639 1017 1666 in
1043 1647 1153 1667 crucem
1182 1641 1343 1677 sulligebar,
1368 1650 1383 1669 a
1410 1644 1528 1671 terrenis
1553 1644 1635 1673 rebus
1663 1651 1780 1674 mentem

990 1685 1160 1718 subvehens,
1185 1690 1268 1721 atque
1293 1687 1328 1714 ab
1355 1692 1418 1715 actu
1443 1690 1547 1724 peccati
1573 1691 1729 1723 abstinens,
1754 1696 1782 1718 et

989 1732 1190 1759 commoriebar
1212 1739 1239 1760 et
1270 1734 1491 1769 consepeliebar,
1525 1736 1655 1763 nimirum
1691 1737 1781 1772 quoad

990 1776 1065 1811 ipsos
1088 1778 1171 1804 etiam
1193 1777 1307 1806 all'ectus
1326 1783 1353 1806 et
1368 1781 1473 1814 peccati
1491 1781 1684 1816 cogitationem
1707 1791 1781 1810 mor-

991 1828 1055 1853 tuus
1067 1829 1148 1860 atque
1162 1826 1309 1855 immobilis
1326 1835 1448 1856 manens.
1464 1828 1550 1856 Hodie
1564 1829 1610 1857 Dei
1624 1832 1781 1865 operatione

989 1870 1138 1905 glorificor,
1164 1871 1288 1899 viviﬁcor
1311 1877 1338 1900 et
1363 1881 1487 1909 resurgo.
1512 1874 1663 1903 Antithesis
1692 1881 1780 1904 autem

990 1915 1075 1951 ﬁgura
1105 1917 1190 1944 utitur
1215 1917 1379 1953 Theologns.
1404 1919 1502 1947 Crucis
1528 1921 1601 1948 enim
1627 1922 1782 1957 ignominia:

989 1962 1138 1995 opponitur
1168 1963 1266 1998 gloria,
1298 1964 1502 1992 mortiﬁcationi
1532 1967 1604 1998 vita,
1635 1969 1782 2002 sepultura:

989 2008 1165 2035 resurrectio.
1181 2010 1220 2035 Ac
1242 2008 1314 2041 vide,
1331 2017 1412 2044 quam
1434 2015 1499 2046 apto
1512 2012 1608 2038 ordine
1627 2012 1684 2040 lucc
1699 2013 1782 2041 verba

989 2050 1123 2085 disposita
1140 2052 1205 2079 sint.
1221 2053 1355 2081 Praecedit
1371 2055 1442 2081 enim
1467 2057 1620 2090 cruciﬁxio,
1640 2057 1665 2084 id
1681 2061 1734 2090 est,
1749 2066 1780 2086 ea

990 2096 1041 2127 vis,
1053 2104 1105 2132 qua
1123 2105 1172 2125 nos
1191 2098 1264 2133 ipsos
1281 2099 1433 2133 frenamus,
1449 2109 1484 2129 ne
1500 2107 1642 2137 peccatum
1658 2104 1686 2131 in
1703 2108 1782 2132 actus

989 2147 1078 2170 exeat.
1107 2142 1236 2178 Sequitur
1268 2145 1454 2177 mortiﬁcatio,
1474 2147 1526 2175 hoc
1547 2152 1600 2182 est,
1621 2149 1781 2176 vitiosorum

990 2188 1073 2214 animi
1092 2193 1215 2216 motuum
1240 2192 1419 2225 compressio.
1443 2191 1512 2221 Huic
1535 2195 1656 2229 proxima
1679 2199 1720 2222 est
1737 2203 1782 2223 se-

991 2234 1109 2267 pultura,
1128 2234 1154 2261 id
1171 2239 1223 2266 est,
1243 2236 1330 2271 ipsius
1354 2246 1462 2273 quoque
1486 2239 1559 2267 circa
1580 2240 1663 2267 animi
1685 2241 1782 2268 turbu-

152 2277 280 2324 σχῶμεθα
294 2287 342 2314 τοῦ
359 2287 421 2314 κατ’
434 2286 574 2322 ἐνέργειαν
588 2284 765 2320 ἁμαρτάνειν,
778 2281 837 2310 εἶτα
849 2281 937 2309 ἐντεῦ-

991 2278 1078 2306 lentos
1093 2285 1183 2306 motus
1199 2282 1315 2309 actionis
1329 2283 1486 2312 exstinctio.
1503 2285 1672 2313 Postremum
1692 2287 1781 2314 locum

150 2334 197 2361 θεν
211 2333 396 2370 προχόψωμεν
407 2334 446 2364 εἰς
461 2332 491 2358 τδ
507 2331 575 2367 μηδὲ
588 2331 660 2358 κατά
673 2330 735 2357 νοῦν
748 2328 937 2364 πολεμεῖσθαι,

150 2380 219 2407 ἀλλὰ
242 2381 333 2407 πᾶσαν
350 2380 458 2414 κίνησιν
481 2377 670 2413 ἀμαρτητικὴν
693 2376 775 2403 οἱονεὶ
797 2375 937 2410 θάψωμεν,

150 2427 210 2454 τότε
223 2428 237 2453 ὁ
256 2427 334 2460 λόγος
351 2426 430 2461 μόνος
446 2426 474 2452 ἐν
487 2426 564 2460 ἡμῖν,
580 2424 675 2459 ὥσπερ
694 2424 727 2450 ἐκ
745 2422 851 2458 νεκρῶν
873 2424 938 2458 ἐγη-

150 2473 294 2510 γερμένος,
311 2472 503 2507 ἀναφαίνεται.

183 2599 255 2627 Ibid.
271 2598 298 2626 ϐ.
325 2597 412 2624 Ἀλλὰ
427 2618 435 2626 .
453 2618 459 2623 .
481 2617 487 2623 .
505 2597 696 2623 οἰκειότατον.
725 2593 867 2621 Ἐντεῦθεν
889 2594 936 2619 ἐπὶ

150 2646 180 2674 τὸ
197 2646 247 2682 τῆς
261 2644 418 2680 συμϐουλῆς
435 2642 503 2675 εἶδος
525 2643 610 2678 χωρεῖ
626 2642 641 2668 ό
661 2641 747 2677 μέγας
764 2640 870 2675 Πατὴρ,
890 2638 936 2665 καὶ

153 2691 336 2727 προτρέπεται
355 2689 467 2725 Χριστῷ
480 2688 675 2727 καρποφορεῖν.
690 2687 799 2713 Δίκαιον
814 2685 878 2720 γὰρ,
893 2685 935 2711 ὅτι

153 2739 199 2765 καὶ
210 2738 292 2769 αὐτὸς
305 2737 376 2772 ὑπὲρ
391 2736 468 2772 ἡμῶν
482 2735 593 2765 ἔπαθεν.
606 2734 651 2761 ἴνα
665 2734 714 2769 τὴν
725 2732 859 2765 ἀπάθειαν
871 2733 938 2767 ἡμῖν

153 2783 316 2818 προξενήσῃ,
335 2782 382 2809 καὶ
399 2782 468 2817 ὑπὲρ
481 2780 559 2816 ἡμῶν
572 2780 682 2815 ἀνέστη,
700 2779 810 2815 ἀπαρχὴ
824 2778 938 2813 γενόμε-

153 2837 197 2861 νος
209 2829 392 2860 ἀναστάσεως,
406 2828 450 2854 ἴνα
465 2827 577 2862 βεϐαίαν
589 2826 695 2862 ἔχωμεν
710 2825 760 2861 τὴν
778 2825 873 2852 ἐλπίδα
887 2825 936 2859 τῆς

154 2874 336 2905 ἀναστάσεως.
353 2873 409 2909 Τῆς
424 2873 477 2908 γὰρ
491 2873 612 2908 κεφαλῆς
625 2872 791 2907 ἀναστάσης,
807 2872 849 2898 δετ
868 2871 936 2898 πάν-

988 2329 1061 2352 tenet
1088 2328 1264 2354 resurrectio.
1294 2327 1362 2355 Nam
1390 2337 1452 2356 cum
1484 2330 1518 2357 ab
1543 2331 1672 2366 operibus
1701 2333 1781 2359 malis

988 2369 1212 2403 abstinuerimus,
1232 2379 1264 2399 ac
1280 2372 1378 2401 deinde
1394 2381 1426 2401 eo
1442 2376 1578 2409 progressi
1597 2376 1738 2408 fuerimus,
1751 2381 1781 2403 ut

986 2423 1022 2443 ne
1050 2416 1077 2443 in
1108 2417 1201 2444 animo
1227 2417 1337 2453 quidem
1370 2428 1576 2456 oppugnemur,
1605 2423 1653 2450 sed
1685 2431 1780 2451 omnes

986 2460 1102 2489 vitiosos
1134 2468 1224 2490 motus
1249 2464 1449 2499 exciderimus,
1476 2470 1503 2494 et
1531 2467 1606 2494 velut
1639 2469 1779 2502 sepultura

988 2505 1177 2539 all'ecerimus,
1204 2512 1261 2536 tum
1286 2510 1396 2538 demum
1419 2513 1477 2540 sola
1506 2512 1533 2540 in
1560 2513 1639 2540 nobis
1663 2514 1737 2541 velut
1764 2522 1780 2541 a

988 2557 1077 2579 morte
1093 2554 1210 2581 excitata
1226 2556 1297 2583 ratio
1311 2557 1410 2584 elucet.

1024 2597 1132 2626 διάη...
1151 2601 1266 2628 maxime
1288 2603 1433 2636 propriam,
1453 2609 1505 2631 etc.
1531 2604 1643 2633 Transit
1662 2605 1718 2640 jam
1745 2607 1779 2634 ad

988 2644 1155 2672 deliberativi
1169 2647 1276 2681 generis
1291 2649 1409 2682 speciem
1428 2649 1450 2676 Τ
1453 2650 1593 2686 heologus.
1609 2656 1690 2687 atque
1713 2652 1778 2680 bor-

989 2693 1072 2722 tatur,
1097 2695 1127 2718 ut
1149 2691 1258 2720 Christo
1281 2701 1394 2722 munera
1417 2694 1587 2724 aderamus:
1606 2705 1712 2732 :equum
1737 2703 1779 2725 est

985 2736 1072 2768 enim,
1090 2737 1218 2771 quoniam
1244 2738 1303 2773 ipse
1323 2747 1433 2774 quoque
1456 2746 1551 2770 nostra
1576 2750 1658 2770 causa
1680 2751 1778 2778 passus

986 2785 1042 2814 est;
1057 2786 1088 2808 ut
1104 2782 1184 2810 nobis
1207 2783 1367 2818 passionum
1384 2785 1584 2815 immunitatem
1602 2789 1777 2822 conciliaret;

986 2833 1019 2852 ac
1042 2833 1092 2861 pro
1114 2827 1194 2855 nobis
1218 2830 1379 2864 resurrexit,
1402 2832 1530 2866 primitiae
1545 2833 1670 2862 videlicet
1684 2842 1777 2862 resur-

987 2872 1117 2901 rectionis
1147 2872 1253 2907 factus,
1281 2879 1310 2903 ut
1334 2875 1439 2905 {inuam
1465 2880 1675 2909 resurrectionis
1700 2888 1777 2916 spem

189 2935 229 2971 (ι)
257 2935 357 2964 Χαῠνοι
377 2936 405 2972 b,
426 2937 498 2973 quod
521 2937 608 2973 magis
627 2936 760 2975 convenit
783 2935 822 2972 τῷ
849 2935 1054 2966 συστέλλεσθαι»
