2022 3134
136 157 189 186 957

748 159 790 188 AD
811 158 841 188 S.
861 159 1025 188 (ΗΠ-260811
1043 159 1149 188 οιιιιτ.
1170 160 1190 188 Ι.

1723 160 1778 189 958

135 218 222 252 λέγει,
242 217 280 254 μὴ
291 217 440 252 γινώσκειν
453 218 547 245 ἑαυτὸν
561 218 607 245 διὰ
622 219 671 255 τὴν
689 220 843 248 ἀλλοίωσιν.
861 221 926 248 Γνῶ

985 225 1056 252 mus,
1072 219 1181 254 qualem
1194 219 1312 253 primum
1328 219 1498 254 accepimus.
1509 219 1580 247 Nam
1594 227 1668 248 nunc
1681 220 1728 248 alii
1739 228 1774 248 ex

138 272 188 301 μεν
202 261 260 295 οὖν,
273 264 362 300 ἡλίκοι
377 263 452 299 παρὰ
465 264 532 291 Θεοῦ
546 265 697 301 γεγόναμεν
711 267 758 293 καὶ
771 266 802 293 τὸ
815 267 930 303 ἀρχέτυ-

137 318 186 337 πον
202 311 364 346 τιμήσωμεν
377 311 406 337 ὲν
422 310 464 346 τῷ
479 312 573 347 τηρεῖν
589 311 638 347 τὴν
658 311 752 338 εἰκόνα
766 312 927 347 ἀμόλυντον.

136 357 244 383 Γίνεται
257 356 285 382 δὲ
298 356 367 392 αὓτη
382 357 399 392 ἡ
414 357 491 392 τιμὴ,
505 357 549 383 διὰ
567 357 616 392 τῆς
631 357 865 393 ἀπηκριὸωμένης
883 367 930 394 μι-

138 405 259 439 μήσεως,
281 403 328 430 καὶ
351 403 416 430 ὃταν
431 403 462 429 τὸ
480 403 656 439 παράδειγμα
676 404 770 438 ὅμοιον
790 403 829 438 τῷ
845 404 930 439 ἀρχε-

136 451 214 485 τύπῳ
243 449 384 484 φαίνηται.
413 449 524 486 Γνῶμεν
549 451 597 476 καὶ
621 450 668 476 τοῦ
701 450 851 486 μυστηρίου
880 450 930 485 τὴν

135 495 268 532 ᾶὲναμιν,
293 497 417 529 τουτέστι
437 496 487 531 τῆς
512 497 609 532 ἑορτῆς
629 496 679 532 τὴν
703 497 794 523 αἰτίαν
817 497 864 524 καὶ
884 497 930 523 τὸν

138 543 249 570 σκοπόν.
275 543 314 569 Δι’
342 543 416 578 ἡμᾶς
442 543 495 578 γὰρ
519 544 593 569 πᾶσα
619 543 636 578 ἡ
667 543 858 579 φιλάνθρωπος
881 542 929 569 τοῦ

136 588 274 614 Δεσπὸτο.)
293 589 434 624 οἰκονομία
452 589 559 623 γέγονε,
584 589 631 615 καὶ
649 589 720 624 ὑπὲρ
743 589 822 624 ἡμῶν
847 589 930 623 σαρκὶ

137 633 253 660 Θανάτου
271 633 404 667 ἐγεύσατο
413 635 427 660 ὀ
440 634 584 667 ἀθάνατος.
597 633 742 669 Γενώμεθα
754 634 791 665 ὡς
801 634 928 670 Χριστὸς,

136 679 196 705 ἐπεὶ
213 679 261 706 καὶ
277 679 395 714 Χριστὸς
410 679 447 711 ὡς
466 680 557 715 ἡμεῖς.
580 680 609 706 ’0
624 680 774 716 κορυφαῖος
791 688 857 714 φησι
876 680 929 706 Πέ-

136 733 210 760 τρος,
233 725 274 751 ὅτι
287 725 415 759 Χριστὸς
433 725 544 753 ἔπαθεν
558 725 634 760 ὑπὲρ
650 725 745 760 ἡμῶν,
761 725 834 760 ἡμῖν
856 727 930 753 ὑπο-

135 770 293 806 λιμπάνων
313 772 517 806 ὑπογραμμὸν.
534 772 632 806 Γέγονε
646 771 701 807 γὰρ
717 773 731 798 ὁ
752 771 848 807 Σωτὴρ
863 771 930 798 ὑπο-

136 817 266 853 γραμμὸς
297 819 354 849 τοῖς
380 817 545 853 ἀνθρώποις,
572 817 743 853 τυπούμενος
766 818 856 849 αὐτοῖς
883 818 929 844 καὶ

135 863 284 899 λαμϐάνων
301 863 415 896 ἀπαθῶς
435 864 469 891 τὰ
487 865 612 900 νοήματα
626 864 673 891 τοῦ
695 865 798 899 κόσμου
821 863 927 890 τούτου.

982 265 1043 293 aliis
1063 265 1128 292 facti
1149 269 1257 293 uosmet
1276 265 1486 300 haudquaquam
1505 266 1692 300 agnoscimus,
1710 273 1774 301 per-

981 311 1045 339 inde
1062 319 1130 339 sane
1154 319 1186 338 ac
1212 311 1235 338 si
1261 312 1322 346 quis
1346 310 1374 338 in
1393 311 1477 338 alium
1500 312 1637 339 hominem
1656 311 1775 339 translao

983 361 1039 390 tus.
1050 358 1168 385 afﬁrmet
1181 366 1211 385 se
1223 358 1276 385 sibi
1293 357 1345 392 ipsi
1359 357 1482 392 ignotum
1491 365 1563 388 esse.
1577 362 1690 393 propter
1701 357 1775 392 ejus-

981 404 1054 431 modi
1073 404 1300 432 immutatiouem.
1325 403 1510 439 lutelligamus
1534 404 1626 439 igitur,
1636 403 1731 438 quales
1755 411 1770 430 a

981 450 1037 478 Deo
1051 451 1136 477 creati
1157 458 1261 482 smnus,
1278 455 1360 485 alque
1382 451 1521 484 exemplar
1539 454 1663 477 nostrutn
1682 450 1770 476 hono-

980 505 1084 527 remus,
1101 497 1229 523 nimirum
1248 497 1393 533 imaginem
1405 505 1424 524 a
1435 497 1562 524 vitiorum
1576 496 1705 524 sordibus
1720 496 1771 522 im-

981 552 1093 571 munem
1109 544 1255 572 servando.
1276 544 1363 572 Porro
1380 545 1424 571 hie
1442 544 1530 571 honor
1551 545 1578 570 in
1594 543 1773 570 accuratissi-

982 598 1024 617 ma
1038 590 1190 617 imitatione
1207 590 1344 621 consistit.
1357 598 1419 616 cum
1436 591 1590 625 cxernplum
1606 588 1773 623 exemplaris

981 636 1024 663 sui
1052 636 1261 663 similitudinem
1291 637 1428 664 retulerit.
1448 636 1509 663 Vim
1533 636 1617 663 etiam
1645 635 1771 671 mysterii

979 689 1190 717 cognoscamus,
1208 682 1233 709 id
1247 687 1298 714 est,
1325 683 1387 710 festi
1410 690 1520 710 causam
1534 686 1561 709 et
1576 689 1700 717 sel-pum.
1719 681 1773 708 No—

980 732 1036 755 stra
1061 729 1161 756 etenim
1185 736 1268 756 causa
1293 732 1378 756 totum
1399 728 1599 756 incarnationis
1622 728 1772 756 Dominica

980 773 1141 808 mysterium
1158 774 1290 808 contigit,
1307 778 1389 808 atque
1407 773 1571 800 immortalis
1593 774 1639 801 ille
1656 778 1772 801 mortem

981 827 1032 854 pro
1049 820 1128 847 nobis
1153 825 1285 855 quantum
1306 820 1339 847 ad
1362 828 1474 846 caruem
1493 819 1659 854 degustavit.
1678 819 1772 848 Simus

980 871 1010 894 ut
1029 866 1167 898 Christus,
1186 867 1316 901 quoniatn
1339 867 1468 894 Christus
1486 874 1598 902 quoque
1619 867 1692 894 sicut
1708 875 1771 896 nos.

135 909 172 936 Τὺ
184 908 242 941 οὖν,
264 910 412 946 Γενώμεθα
428 910 465 942 ὡς
482 911 609 945 Χριστὸς,
625 911 697 938 οὕτω
710 913 826 946 νοήσεις·
842 910 926 936 Γενώ-

980 913 1079 941 Petrus
1103 914 1288 948 apostolorum
1310 913 1439 948 princeps
1457 913 1495 939 ait
1513 912 1657 940 :C/tristus
1675 921 1771 948 passus

137 956 206 991 μεθα
227 956 343 992 καθαροὶ
361 957 409 984 καὶ
434 956 568 989 ἀπαθεῖς,
592 957 654 983 ἐπεὶ
671 958 718 984 καὶ
741 957 858 992 Χριστὸς
876 965 926 982 τα-

135 1003 273 1034 πεινώσας
294 1004 389 1030 ἑαυτὸν
404 1005 451 1031 καὶ
471 1004 647 1039 συγκαταϐὰς
662 1005 743 1039 ἡμῖν,
760 1004 926 1039 μεμένηκεν,

134 1049 202 1084 ὅπερ
221 1047 267 1084 ἦν,
282 1049 402 1085 καθαρὸς
419 1051 466 1076 καὶ
481 1049 603 1084 ἀπαθής
629 1049 785 1084 Ἀλιαρτίαν
804 1049 857 1085 γὰρ
871 1050 928 1076 οὐκ

134 1095 290 1129 ἐποίησεν,
306 1095 370 1122 οὐδ’
382 1095 488 1130 εὑρέθη
508 1095 600 1128 δόλος
619 1096 654 1122 ὲν
672 1094 712 1128 τῷ
732 1096 857 1130 στόματι
873 1096 927 1122 αὑ-

135 1142 196 1168 τοῦ.
220 1142 250 1168 '0
268 1142 318 1177 μὲν
334 1141 401 1174 Θεὸς
413 1141 460 1173 ὢν,
477 1141 621 1178 ἄνθρωπος
633 1141 741 1176 γέγονε.
755 1142 802 1168 Δεῖ
818 1139 865 1169 οὖν
881 1142 928 1168 καὶ

134 1189 226 1223 ἡμᾶς,
245 1188 325 1220 θεοὺς
349 1188 487 1223 γενέσθαι.
516 1188 585 1214 Ἀλλ’
602 1189 706 1220 ἐκεῖνος
724 1188 773 1223 μὲν
795 1188 828 1214 δι’
854 1188 928 1223 ἡμᾶς

135 1234 293 1271 ἄνθρωπος,
310 1236 390 1270 ἡμεῖς
405 1235 433 1261 δε
450 1235 520 1270 ὑπὲρ
536 1234 640 1261 ἑαυτῶν
663 1234 729 1261 θεοί.
755 1235 809 1261 Καὶ
824 1235 928 1266 ἐκεῖνος

136 1281 184 1315 μὲν
200 1281 261 1307 ἀντὶ
278 1281 328 1315 τῆς
345 1281 500 1316 ἀκροτάτης
514 1280 609 1316 δόξης,
624 1280 674 1316 τὴν
691 1281 846 1316 ἀκροτάτην
863 1282 929 1308 ἀναν

135 1326 283 1362 λαϐόμενος
301 1327 413 1361 ἀτιμίαν
425 1335 431 1341 δ
449 1328 529 1362 ἡμεῖς
554 1326 592 1359 δὲ,
612 1328 673 1354 ἀντὶ
695 1327 745 1362 τῆς
771 1327 928 1362 ἀκροτάτης

135 1373 257 1408 ἀτιμίας,
273 1373 324 1409 τὴν
344 1374 499 1409 ἀκροτάτην
518 1374 611 1409 τιμήν.
630 1374 764 1405 Κάκεῖνος
782 1374 831 1410 μὲν
847 1374 927 1408 φύσει

134 1420 279 1454 γενόμενος
302 1419 455 1456 ἄνθρωπος,
482 1421 564 1455 ἡμεῖς
580 1420 609 1446 δὲ
634 1420 708 1446 Θέσει
737 1420 803 1448 θεοί.
828 1421 926 1454 Γέγονε

133 1466 196 1502 γὰρ,
214 1467 229 1493 ὃ
245 1468 339 1502 ἐσμεν,
358 1466 418 1493 κατ’
442 1466 610 1502 οἰκονομίαν,
627 1467 660 1493 ἵν’
675 1467 756 1502 ἡμεῖς
769 1466 924 1502 γενώμεθα,

133 1513 147 1539 ὅ
159 1514 233 1540 ἐστιν
249 1513 517 1549 ἀντιμετρουμένης,
531 1513 569 1545 ὡς
589 1510 660 1540 οἶδεν
674 1513 765 1545 αὐτὸς,
783 1515 817 1549 τῇ
842 1513 925 1541 αὑτοῦ

134 1558 247 1586 κενώσει
268 1559 318 1594 τῆς
334 1559 388 1585 τῶν
408 1560 500 1595 χάριτι
518 1559 680 1594 σωζομένων
695 1559 831 1592 θεώσεως,
856 1560 924 1587 ὅλων

136 1603 258 1631 ἓεοειδῶν
271 1605 320 1632 καὶ
331 1605 401 1632 ὃλων
418 1605 486 1632 Θεοῦ
499 1606 662 1641 χιυρητικῶν
681 1606 730 1632 καί
745 1607 824 1642 μόνου
842 1616 920 1643 γενη-

134 1651 267 1686 σομένων.
281 1651 367 1679 Τοῦτο
379 1651 460 1687 γάρὴ
475 1652 624 1684 τελείωσις,
638 1652 706 1688 πρὸς
718 1653 751 1688 ἣν
765 1653 924 1680 σπεύδουσιν

132 1697 156 1723 oi
164 1697 267 1732 ταύτην
279 1696 387 1732 ἀληθῶς
400 1697 509 1724 ἔσεσθαι
521 1698 571 1733 τὴν
584 1698 750 1733 ἐπαγγελίαν
763 1699 924 1727 πιστεύσαν-

132 1752 185 1775 τες.

938 1585 961 1617 C

978 965 1017 987 est
1027 967 1075 994 pro
1093 959 1178 992 nobis,
1194 960 1342 994 relinquens
1358 960 1431 986 nobis
1443 959 1589 993 exemplum
1599 959 1631 986 ιθ.
1646 959 1772 985 Salvator

978 1006 1050 1033 enim
1069 1005 1230 1032 mortalibus
1251 1005 1406 1039 exeiuplum
1428 1004 1518 1030 l'actus
1545 1008 1598 1035 est,
1626 1003 1695 1038 ipsis
1710 1010 1772 1030 sese

980 1051 1144 1082 informatus,
1156 1058 1187 1077 ac
1207 1050 1301 1076 mundi
1318 1049 1399 1083 hujus
1419 1049 1612 1084 cogitationes,
1625 1049 1698 1075 circa
1713 1052 1772 1075 tur-

978 1098 1108 1125 bulentos
1122 1101 1214 1124 tamen
1237 1097 1320 1123 animi
1347 1100 1448 1127 motus,
1467 1095 1634 1129 suscipieus.
1660 1094 1771 1121 Efﬁcia-

978 1153 1040 1172 mur
1058 1150 1086 1172 ut
1097 1144 1234 1173 Christus.
1249 1143 1295 1177 qui
1312 1150 1341 1170 se
1357 1142 1444 1176 ipsum
1458 1142 1494 1168 ita
1508 1140 1671 1174 humiliavit,
1688 1144 1771 1175 atque

978 1192 1012 1219 ad
1037 1191 1221 1218 inﬁrmitatem
1243 1193 1366 1217 nostram
1385 1188 1504 1219 demisit,
1530 1191 1560 1214 ut
1576 1191 1678 1216 tamen.
1693 1185 1768 1221 quod

978 1242 1053 1270 erat,
1077 1241 1259 1272 permaneret,
1283 1242 1378 1270 nempe
1399 1242 1495 1269 purus.
1518 1237 1545 1260 et
1566 1232 1687 1267 turpium
1705 1232 1772 1260 alre-

978 1289 1071 1312 ctuum
1083 1291 1191 1318 expers.
1208 1282 1350 1310 Peccatum
1362 1281 1431 1307 enim
1442 1289 1494 1307 non
1507 1282 1578 1314 (etii,
1591 1287 1636 1306 nec
1650 1280 1770 1306 iuremus

977 1336 1016 1358 est
1033 1331 1110 1358 dolus
1136 1331 1222 1357 inore
1246 1330 1302 1363 ejus
1319 1329 1352 1355 “.
1379 1328 1468 1362 Atque
1493 1327 1539 1354 ille
1559 1326 1681 1361 quidem,
1707 1332 1769 1352 cum

978 1378 1050 1405 Deus
1069 1383 1152 1409 esset.
1171 1377 1253 1404 homo
1274 1376 1363 1402 factus
1381 1379 1433 1402 est.
1453 1373 1572 1400 Proinde
1590 1380 1641 1399 nos
1657 1378 1768 1406 quoque

976 1424 1044 1452 deos
1060 1423 1119 1451 ﬁeri
1133 1426 1253 1458 oportet.
1264 1421 1399 1448 Ca'terum
1418 1420 1464 1447 ille
1478 1423 1590 1454 propter
1606 1426 1657 1445 nos
1674 1418 1768 1448 homo.

977 1477 1028 1496 uos
1043 1472 1134 1496 autern
1153 1471 1265 1502 propter
1280 1466 1464 1499 nosmetipsos
1481 1464 1518 1492 dii
1537 1473 1544 1491 :
1568 1467 1650 1498 atque
1664 1463 1708 1490 ille
1721 1470 1771 1497 pro

977 1522 1083 1542 summa
1096 1514 1182 1549 gloria
1194 1520 1330 1540 summam
1344 1511 1522 1547 ignominiam
1536 1510 1704 1545 suscipiens,
1720 1516 1771 1536 nos

976 1566 1065 1589 autem
1075 1568 1124 1596 pro
1130 1558 1404 1594 extremaiguominia
1413 1565 1548 1586 sumntqu
1560 1557 1703 1584 honorem.
1714 1555 1771 1582 lloc

978 1614 1108 1644 praeterea
1118 1607 1244 1636 interest,
1261 1604 1335 1640 quod
1348 1604 1394 1632 ille
1408 1609 1506 1631 natura
1519 1603 1602 1631 homo
1615 1602 1704 1630 factus
1716 1605 1770 1634 est,

978 1662 1029 1682 nos
1044 1657 1135 1680 autem
1148 1651 1296 1687 adoptione
1306 1650 1356 1677 dii.
1366 1649 1424 1677 lloc
1435 1649 1509 1676 enim
1521 1647 1681 1685 consilitrid
1698 1647 1771 1683 quod

978 1707 1074 1727 sumus
1090 1698 1178 1725 lactus
1194 1700 1247 1729 est,
1267 1701 1296 1723 ut
1314 1703 1365 1723 uos
1376 1695 1414 1728 id,
1430 1695 1503 1730 quod
1520 1695 1579 1730 ipse
1596 1699 1649 1726 est.
1667 1694 1772 1722 efﬁcia-

977 1754 1050 1776 mur,
1066 1748 1242 1779 compensata
1256 1742 1387 1770 nimirum
1405 1741 1495 1776 ipsius
1511 1739 1662 1768 inanitione
1676 1748 1772 1774 quem-

134 1792 281 1820 admodum
314 1793 373 1828 ipse
412 1794 498 1825 novit,
521 1801 583 1821 cum
606 1802 714 1826 eorum,
745 1795 790 1829 qui
817 1803 865 1830 per
899 1795 1015 1830 gratiam
1040 1793 1156 1821 salutem
1181 1794 1402 1824 consequuntur,
1424 1788 1638 1820 deilicationem,
1670 1787 1707 1814 ita
1743 1791 1773 1814 ut

134 1838 353 1870 totideil'ormes,
385 1842 412 1866 et
428 1839 475 1866 toti
496 1838 542 1866 Dei
569 1846 696 1873 capaces,
723 1840 773 1867 toti
792 1840 909 1874 denique
930 1840 1018 1875 ipsius
1035 1838 1117 1866 unius
1139 1837 1238 1865 simus.
1277 1835 1335 1863 Hoc
1356 1834 1432 1861 enim
1460 1837 1550 1862 estea
1568 1833 1714 1869 perfectio,
1737 1833 1771 1859 ad

133 1892 214 1919 quam
233 1888 373 1919 properat,
387 1884 433 1919 qui
448 1886 519 1912 hanc
533 1886 756 1920 pollicitationem
772 1891 847 1913 certa
863 1887 915 1914 [ide
932 1889 1104 1921 exspectant.
1340 1888 1343 1890 '

168 1930 228 1957 Col.
243 1930 296 1957 597
311 1930 332 1957 C
344 1931 369 1958 7.
384 1930 590 1964 Hpoa'é.la6‘e...
605 1931 746 1965 πτώματι.
759 1932 820 1958 Εἰσὶ
832 1931 866 1958 τὰ
879 1932 926 1967 ῥή-

136 1984 206 2010 ματα
223 1975 308 2002 ταῦτα
330 1976 402 2011 σαφῆ
421 1977 468 2002 καὶ
487 1977 616 2011 οὐδεμιᾶς
631 1977 780 2012 ἑρμηνείας
799 1977 924 2013 δεόμενα.

134 2021 291 2057 Προσέλαῦε
309 2022 363 2057 γὰρ
384 2023 398 2048 ὁ
412 2022 530 2057 Χριστὸς
548 2022 578 2049 τὸ
597 2024 698 2058 χεῖρον,
715 2023 764 2058 τὴν
784 2023 928 2058 Mpr

134 2076 213 2104 τητα,
228 2068 273 2095 ἵνα
286 2068 323 2104 δῷ
339 2068 370 2095 τὸ
385 2068 500 2103 βέλτιον,
517 2069 567 2103 τὴν
588 2069 712 2104 θεότητα.
729 2070 784 2096 Καὶ
802 2070 927 2102 πλούσιος

133 2111 170 2139 ὢν
184 2114 218 2148 τῇ
231 2112 350 2148 θεότητι,
372 2113 529 2148 ὲπτώχευσε
546 2115 579 2149 τῇ
596 2115 687 2149 σαρκὶ,
703 2114 735 2140 ἵν’
751 2115 829 2150 ἡμεῖς
843 2115 924 2142 πλου-

134 2160 259 2195 τὴσωμεν
274 2160 324 2192 τὴν
341 2159 463 2194 θεότητα.
480 2160 535 2187 Καὶ
550 2159 644 2187 δούλου
661 2160 767 2196 μορφὴν
782 2161 923 2196 ὲφόρεσεν,

135 2205 165 2231 υ
177 2206 261 2240 ﬂuet;
277 2204 325 2240 τὴν
342 2205 396 2232 ἀπὸ
412 2205 462 2240 τῆς
475 2205 597 2238 δουλείας
607 2206 655 2233 τοῦ
670 2207 792 2235 διαϐόλου
809 2207 856 2234 καὶ
870 2207 925 2234 τῶν

1010 1929 1161 1962 Αεειιιηρείι
1174 1930 1243 1964 quod
1258 1928 1372 1955 deterius
1389 1931 1457 1959 erat.
1476 1931 1504 1953 ut
1518 1927 1572 1958 del,
1585 1930 1639 1953 etc.
1658 1924 1770 1960 Perspi-

976 1985 1026 2004 cua
1045 1977 1179 2004 sunthaec
1195 1975 1288 2007 verba,
1306 1982 1356 2001 nec
1376 1975 1430 2001 ulla
1451 1973 1680 2008 interpretatione
1701 1979 1773 2007 opus

976 2022 1089 2049 habent.
1111 2021 1225 2055 Accepit
1241 2020 1314 2047 enim
1336 2018 1465 2046 Christus
1489 2018 1562 2053 quod
1580 2017 1703 2044 deterius
1719 2022 1772 2048 est,

976 2067 1177 2095 humanitatem
1191 2066 1309 2096 scilicet,
1329 2069 1359 2092 ut
1375 2065 1421 2092 det
1435 2065 1508 2099 quod
1521 2063 1700 2099 praestantius
1715 2067 1771 2094 est,

977 2122 1075 2149 nempe
1092 2113 1266 2140 Divinitatem
1286 2121 1292 2138 :
1312 2116 1340 2138 et
1359 2118 1422 2138 cum
1446 2110 1523 2137 dives
1538 2113 1622 2141 essd,
1636 2112 1772 2144 quantmu

979 2161 1011 2187 ad
1028 2159 1215 2190 Divinitatem,
1229 2165 1342 2193 pauper,
1355 2161 1488 2192 quantum
1500 2155 1534 2182 ad
1545 2163 1668 2188 carnem,
1683 2154 1772 2181 factus

977 2211 1030 2237 est,
1049 2210 1078 2232 ut
1103 2213 1154 2233 nos
1178 2204 1335 2231 Divinitatis
1356 2210 1422 2238 opes
1455 2209 1669 2236 consequamur.
1694 2200 1773 2227 Seni

134 2237 228 2277 παθιίιν
242 2237 401 2286 ὲλευδερίαν
415 2237 542 2286 λάὸωμεν
552 2259 558 2266 ν
577 2237 646 2287 ὅπερ
659 2251 744 2287 δηλοῖ,
758 2252 800 2278 ὃτι
815 2252 925 2288 εἴχομεν

978 2257 1107 2289 praeterea
1124 2252 1240 2278 formam
1260 2250 1389 2289 gestavit,
1410 2253 1439 2276 ut
1457 2256 1508 2275 nos
1530 2256 1564 2275 ex
1586 2247 1688 2275 diaboli
1708 2246 1772 2274 all'e-

133 2296 163 2328 ἑξ
176 2297 262 2332 ἀρχῆς
275 2295 324 2331 τὴν
339 2296 495 2332 ἐλευθερίαν
509 2297 692 2332 ἀπωλέσαμεν
705 2297 733 2324 δὲ
749 2298 862 2332 ταύτην.
880 2300 926 2325 Δεῖ

133 2341 179 2369 οὖν
195 2343 356 2374 ἀπολιπεῖν,
368 2344 401 2378 ἣν
413 2343 519 2378 ἔχοντες
532 2343 716 2378 ἀπεϐάλομεν.
735 2344 844 2380 Κατέὄη
858 2345 926 2380 πρὸς

133 2389 206 2422 ἡμᾶς
223 2390 237 2415 ό
256 2388 399 2423 Ὗψιστος,
419 2389 453 2415 ἵν’
466 2390 546 2424 ἡμεῖς
565 2390 590 2416 ol
612 2390 735 2416 ταπεινοὶ
761 2390 923 2426 ὑψωθὼμεν,

135 2433 337 2469 ὺπεραρθέντες
355 2434 406 2469 τῆς
424 2433 478 2461 τῶν
493 2434 600 2470 γεηρῶν
617 2435 735 2470 σχέσεως
756 2436 804 2463 καὶ
821 2445 926 2472 πτερω-

135 2479 226 2511 οέντες
248 2480 316 2515 πρὸς
336 2480 370 2507 τά
387 2481 512 2516 οὐράνια.
537 2481 704 2518 Ἐπειράσϐη
725 2483 754 2508 ὲν
776 2484 809 2518 τῇ
830 2483 926 2518 ἐρήμῳ

135 2527 174 2557 εἰς
191 2528 432 2562 γαστριμαργίαν,
449 2516 862 2564 φιλοδοξίαν.φιλοχρηματίαν..
873 2516 926 2556 καί

135 2573 278 2607 νενίκηκεν
297 2573 325 2599 ὲν
344 2574 377 2608 τῇ
393 2573 472 2609 τρίτῃ
480 2573 564 2609 ταύτῃ
579 2573 714 2609 προσϐολῇ
728 2575 775 2601 καὶ
787 2575 868 2610 πείρα
880 2575 925 2601 τὸν

137 2617 298 2654 πειραστὴν,
313 2619 379 2653 ἡμῖν
395 2618 444 2653 τὴν
459 2619 538 2654 νίκην
552 2620 823 2655 πραγματευόμενος.
845 2621 926 2647 Ἀλλὰ

135 2663 275 2698 ἡτιμάσθη
288 2664 302 2690 ό
316 2663 367 2698 τῆς
380 2663 459 2699 δόξης
476 2664 587 2699 Κύριος,
607 2665 649 2691 ἴνα
666 2665 766 2702 δοξάσῃ
785 2666 848 2698 τοὺς
865 2667 925 2693 ἀτί-

137 2717 204 2743 μους
222 2710 313 2744 ἡμᾶς’
329 2709 475 2741 ἀπέθανεν,
496 2710 539 2737 ἴνα
554 2710 592 2746 τῷ
610 2710 717 2746 θανάτῳ
731 2711 814 2737 αὑτοῦ
831 2711 925 2738 σωθῶ-

137 2763 200 2790 pur
224 2755 328 2790 ητέῦη
349 2756 396 2782 καὶ
417 2756 512 2792 ἀνέϐη,
538 2756 582 2783 ἵνα
602 2757 682 2792 ἡμεῖς
699 2757 926 2793 ἁκολουθὴσωμεν

137 2801 221 2837 αυτῷ,
242 2803 289 2829 καὶ
303 2802 346 2829 ἵνα
361 2803 436 2829 κάτω
451 2803 595 2838 κειμένους
616 2804 644 2829 ἐν
668 2803 706 2838 τῷ
725 2804 775 2839 τῆς
790 2804 927 2840 ἁμαρτίας

974 2304 1124 2333 ctuumque
1140 2297 1273 2325 servitute
1299 2296 1327 2323 in
1347 2296 1501 2322 libertatem
1521 2301 1690 2321 asseramur.
1712 2292 1772 2320 Non

974 2345 1055 2378 dixit,
1069 2345 1223 2371 libertatem
1237 2342 1421 2377 accipiamus,
1433 2341 1482 2370 sed
1495 2341 1678 2375 recipiamus;
1691 2343 1720 2366 ut
1732 2340 1774 2367 iu-

974 2391 1046 2418 dicet
1060 2398 1111 2417 nos
1132 2397 1147 2416 a
1167 2388 1303 2424 principio
1318 2387 1429 2423 quidem
1452 2388 1609 2414 libertatem
1629 2386 1772 2418 habuisse,

974 2445 1074 2465 verum.
1082 2443 1141 2463 eam
1154 2435 1294 2462 amisisse.
1308 2434 1399 2467 Quare
1411 2434 1491 2460 nobis
1505 2440 1538 2459 ea
1548 2432 1705 2466 recipienda
1717 2436 1772 2463 est,

975 2491 1056 2518 quam
1073 2483 1204 2510 habentes
1214 2481 1393 2516 perdidimus.
1407 2479 1551 2507 Descendit
1571 2479 1605 2505 ad
1622 2486 1672 2505 nos
1686 2478 1770 2505 Altis-

976 2530 1063 2557 simus
1079 2529 1136 2560 ille,
1153 2533 1181 2554 ut
1200 2535 1251 2554 nos
1264 2527 1365 2561 abjecti
1380 2530 1407 2553 et
1422 2525 1541 2552 humiles
1558 2525 1586 2551 in
1599 2524 1718 2551 sublime
1735 2525 1773 2552 fe.-

976 2583 1082 2607 ramur,
1095 2582 1178 2609 supra
1191 2577 1366 2600 terrenarum
1382 2579 1473 2599 rerum
1486 2571 1656 2598 aﬂeetionem
1671 2570 1770 2601 evecti,

976 2625 1058 2656 atque
1073 2621 1106 2648 ad
1121 2620 1244 2648 coelestia
1261 2624 1392 2654 tanquam
1412 2617 1511 2653 pennis
1530 2616 1644 2644 sublati.
1668 2615 1770 2642 Teuta-

977 2671 1022 2695 tus
1042 2671 1096 2699 est,
1112 2673 1144 2693 ac
1161 2665 1263 2700 triplici
1280 2664 1461 2692 tentatiouum
1482 2662 1537 2689 telo
1551 2661 1579 2688 in
1594 2661 1706 2688 deserto
1721 2668 1769 2694 pe-

978 2713 1045 2740 titus
1064 2716 1108 2740 est
1123 2712 1252 2739 Christus
1266 2718 1281 2737 a
1293 2710 1416 2741 diabolo,
1428 2709 1498 2744 gula:
1513 2715 1620 2742 nempe,
1640 2707 1770 2733 ambitio-

975 2758 1019 2786 nis
1041 2762 1068 2785 et
1092 2757 1218 2784 avaritiae
1236 2766 1243 2783 :
1269 2759 1353 2790 atque
1380 2754 1407 2782 in
1425 2754 1478 2781 hoc
1497 2752 1598 2788 triplici
1616 2751 1770 2780 certamine

977 2807 1142 2830 tentatorem
1160 2802 1312 2837 superavit,
1330 2800 1410 2828 nobis
1424 2798 1551 2826 videlicet
1561 2797 1705 2825 victoriam
1723 2803 1767 2822 ac-

140 2847 266 2884 πτώματι
294 2849 362 2883 πρὸς
389 2849 485 2875 ἑαυτὸν
514 2848 631 2885 ἐλκύσῃ,
662 2850 699 2882 ὡς
727 2851 744 2886 ἡ
770 2851 926 2885 ὑπόσχεσις.

982 2850 1105 2885 quirens.
1123 2848 1193 2881 Quin
1206 2847 1287 2875 etiam
1304 2849 1480 2881 contemptus
1495 2849 1537 2872 est
1550 2843 1595 2871 ille
1607 2843 1700 2879 gloria:
1711 2841 1767 2876 Do-

176 2924 216 2950 “l
231 2923 305 2952 Petr.
327 2932 357 2958 ιι,
379 2925 405 2953 5.
447 2926 466 2941 ιι
486 2922 549 2953 ibid.
568 2926 611 2952 22.
