2022 3134
254 163 307 191 959

900 162 1048 190 NICETAS
1067 161 1262 190 SERRONIUS

1833 164 1890 190 960.

256 226 359 254 minus,
377 225 406 248 ut
420 228 470 248 nos
487 219 604 247 infames
617 223 697 247 ornet
717 224 798 255 atque
815 219 942 247 illustrat.
967 220 1041 248 Mor—
1059 247 1063 255 ,

1112 219 1298 255 Επηγγείλατο
1323 218 1376 254 γὰρ
1397 218 1502 252 λέγων’
1521 218 1614 244 Ὅταν
1635 218 1752 252 ὑψωθῶ,
1776 218 1888 253 πάντας

257 273 321 296 tuus
335 271 388 298 est,
406 271 434 293 ut
453 273 501 301 per
515 265 575 300 ejus
587 269 702 292 mortem
719 266 835 292 salutem
849 272 1041 300 assequamur.

1096 266 1217 292 ἑλκύσω
1233 266 1308 299 πρὸς
1321 266 1460 300 ἐμαυτόν.

257 313 402 341 Descendit
419 316 502 347 atque
513 311 648 344 ascendit,
664 315 694 338 ut
715 319 766 339 nos
780 312 868 347 ipsum
884 319 1044 348 sequamur,
1064 316 1147 347 atque
1159 318 1187 339 ut
1203 312 1277 339 humi
1294 312 1417 345 jar-entes
1432 312 1459 338 in
1478 311 1582 346 peccati
1601 310 1707 346 lapsum
1740 311 1773 337 ad
1811 312 1885 346 seip-

259 366 319 386 sum
355 359 455 392 trahat,
476 359 705 394 quemadmodum
744 366 774 385 se
811 358 949 385 facturum
966 358 1080 393 recepit,
1115 359 1210 385 dicens
1237 357 1331 385 :Cum
1349 358 1483 384 excitatus
1495 357 1581 391 luero,
1608 358 1697 384 omnia
1722 358 1827 384 traham
1857 358 1889 384 ad

258 407 386 441 meipsum
402 407 433 433 ".

297 453 393 481 Omnia
413 453 544 488 quispiam
570 453 659 484 donet,
681 461 769 480 omma
787 453 828 485 ei,
850 456 904 480 etc.
933 452 1052 480 Enume-

261 499 332 525 ravit
346 506 395 530 ea,
412 506 474 533 qua
488 498 615 525 Christus
646 505 695 532 pro
716 498 794 525 nobis
814 506 914 532 passus
936 501 989 528 est.
1005 497 1053 524 be-

262 545 416 579 neficiaque
427 544 454 571 in
467 552 518 572 nos
532 544 645 576 collata,
657 549 686 570 ιιι
700 544 796 579 probet
810 551 859 571 nos
876 551 929 570 non
942 551 973 570 ex
991 551 1053 578 gra-

261 592 332 618 tuita
355 590 542 618 muniﬁcentia
569 590 597 617 in
620 598 683 617 eum
706 590 835 617 liberales
860 597 931 622 esse,
954 590 1000 617 sed
1019 597 1052 616 ex

263 638 368 665 debito.
387 637 420 663 Et
435 637 546 672 quidem
563 639 692 671 superius
703 637 847 663 videbatur
869 643 960 662 rerum
976 643 1053 663 cras-

264 691 358 712 sarum
376 687 404 710 et
419 687 591 710 terrenarum
612 682 779 710 oblationem
799 689 913 717 prorsus
930 681 1055 716 rejicere,

264 737 326 756 cum
345 729 455 756 dicebat
478 737 486 755 :
509 728 614 755 Aurum
631 727 750 755 fortasse
769 728 871 763 putatis
891 735 933 755 me
953 728 1056 759 dicere,

265 779 313 802 aut
327 775 492 810 argentum?
510 775 565 801 imo
581 775 709 810 uosipsos
731 774 785 802 Deo
804 775 962 802 oﬁ'eramus.
981 775 1058 802 Nunc

266 826 356 848 autent
373 821 493 848 ostendit
516 828 546 848 se
562 829 618 848 non
635 821 748 848 omnino
772 820 930 855 hujusmodi
945 829 1058 848 munera

266 867 433 902 improbare,
457 867 504 894 sed
522 866 596 902 quod
621 867 709 900 majus
733 871 775 894 est
798 866 946 898 anteferre,
961 875 1058 901 nempe

266 916 297 938 ut
311 912 440 947 nosipsos
462 911 625 939 offeramus.
640 912 686 938 Ait
703 912 797 946 igitur,
812 911 910 938 Omnia
924 911 969 938 det
986 913 1060 946 quis-

266 957 340 992 piam
355 978 363 990 ,
379 961 406 984 et
422 965 519 983 ³111⁵11111
533 961 560 984 et
571 964 693 991 gemmas
703 961 728 983 et
742 961 832 983 νεειεε
842 979 848 990 ,
864 956 910 983 det
921 961 1012 983 autent
1026 965 1059 984 ex

266 1005 360 1032 debito
375 1013 381 1030 :
397 1003 619 1039 quandoquidem
639 1004 746 1038 priores
762 1003 948 1030 beneficentiae
968 1008 1059 1038 partes

266 1050 395 1078 Christus
410 1057 562 1085 occupans,
583 1054 699 1077 mortem
723 1057 773 1084 pro
793 1050 872 1077 nobis
893 1051 1011 1085 excepit,
1027 1058 1059 1077 ac

268 1097 390 1130 seipsum
404 1103 454 1131 pro
469 1096 549 1123 nobis
561 1096 588 1123 in
601 1095 766 1124 sacriﬁcium
783 1095 857 1122 Patri
871 1095 977 1123 obtulit.
992 1096 1057 1123 Nam

266 1142 306 1169 illi
323 1150 545 1177 peccaveramus,
561 1141 709 1176 etproinde
719 1141 770 1176 ipsi
784 1146 884 1169 nostrae
898 1142 1061 1177 redemptio-

266 1188 313 1215 nis
329 1189 449 1223 pretium
467 1188 681 1223 persolvendum
698 1193 768 1220 erat,
784 1193 814 1215 ut
826 1197 878 1216 nos
893 1189 1059 1216 condemna-

269 1231 343 1257 tione
360 1233 540 1258 solveremur.
556 1231 635 1259 Absit
656 1233 730 1259 enim
754 1237 784 1259 ut
805 1236 923 1268 tyranno
949 1232 1059 1260 diabolo

268 1275 378 1302 Domini
395 1277 507 1311 sanguis
526 1277 635 1304 oblatus
658 1278 750 1304 fuerit.
765 1277 886 1305 Pretium
904 1283 995 1306 autent
1014 1286 1059 1305 re-

269 1321 436 1357 demptionis
451 1331 500 1358 pro
515 1323 593 1350 nobis
608 1323 738 1351 Christus
754 1328 807 1354 est.
825 1329 853 1352 et
864 1325 951 1359 culpae
964 1325 1058 1352 succi-

269 1368 386 1398 daneus.
402 1373 495 1404 utpote
505 1370 553 1404 qui
571 1373 698 1396 naturam
710 1375 833 1398 nostram
848 1371 946 1398 salutis
958 1377 1060 1399 nostra

270 1421 355 1441 causa
376 1415 540 1449 susceperit,
561 1415 674 1450 perinde
700 1423 731 1442 ac
754 1417 776 1443 si
802 1417 865 1451 quis
885 1423 936 1451 pro
950 1424 997 1443 reo
1012 1421 1060 1443 aut

271 1459 380 1494 captivo
394 1460 514 1494 seipsum
528 1461 688 1492 substituat,
704 1461 736 1488 ad
747 1469 777 1488 ea
795 1462 981 1496 perpetienda,
999 1469 1060 1497 quae

271 1505 349 1532 illum
369 1506 424 1540 pati
442 1514 555 1533 necesse
570 1511 639 1533 erat.
661 1507 822 1541 Quanquam
842 1511 942 1539 autem,
958 1508 1057 1542 inquit.

273 1550 346 1578 bona
362 1551 398 1578 sit
413 1552 504 1579 omnis
519 1552 633 1584 oblatio,
647 1560 728 1587 quam
744 1553 880 1588 quispiam
901 1553 970 1581 bene
986 1554 1020 1581 de
1033 1561 1062 1581 se

273 1597 372 1623 merito
390 1597 502 1624 Christo
518 1597 623 1630 fecerit,
649 1599 718 1625 nihil
745 1604 835 1626 tamen
858 1603 913 1626 tam
933 1600 1064 1627 eximium

273 1641 388 1670 daturus
403 1645 457 1671 est,
473 1650 555 1677 quant
571 1643 594 1671 si
610 1644 730 1678 seipsum
745 1644 877 1672 obtulerit
890 1645 972 1679 hujus
990 1653 1065 1681 mys-

275 1690 336 1717 terii
363 1691 498 1718 rationem
530 1691 740 1727 intelligentem,
770 1693 796 1720 id
821 1697 875 1724 est.
898 1695 1064 1729 cogitantem

274 1743 335 1770 qua:
349 1735 572 1765 Resurreetionis
591 1745 674 1765 causa
699 1740 744 1769 sit.
760 1739 882 1775 quidque
898 1741 1063 1768 mortalibus

275 1781 373 1808 afferre
385 1782 483 1817 possit,
500 1790 616 1818 eamque
638 1785 825 1819 cognitionem
845 1786 1000 1813 actionibus
1017 1787 1065 1814 de-

275 1827 430 1858 claraverit,
457 1836 489 1855 ac
510 1833 623 1863 propter
647 1830 722 1856 illum
747 1831 837 1857 omnia
861 1831 950 1858 factus
973 1832 1064 1866 fuerit,

275 1881 448 1909 quascunque
462 1875 521 1909 ipse
536 1881 646 1910 propter
656 1885 706 1904 nos
720 1876 809 1905 factus
825 1883 878 1910 est,
895 1878 921 1904 id
932 1883 985 1911 est,
1005 1880 1065 1907 sine

276 1921 488 1954 reprehensione
501 1922 631 1950 incedens
648 1931 696 1958 per
712 1931 807 1951 omnes
823 1923 924 1952 Christi
932 1929 1027 1954 anates
1038 1932 1067 1954 et

1140 453 1198 480 Col.
1214 452 1267 480 400
1280 453 1302 480 Α
1317 453 1342 480 5.
1365 452 1466 480 Πάντα
1485 473 1492 479 .
1513 472 1521 480 .
1540 472 1547 479 .
1567 453 1738 487 γενόμενον.
1775 453 1890 487 Ἀπηρι-

1101 499 1224 534 θμὴσατο
1238 498 1272 525 τὰ
1291 499 1324 525 δι’
1341 499 1414 534 ἡμᾶς
1425 498 1500 533 πάθη
1516 498 1564 525 τοῦ
1585 498 1703 533 Χριστοῦ
1720 499 1766 525 καὶ
1782 499 1832 530 τὰ;
1848 499 1891 525 δο-

1102 545 1195 576 θείσας
1209 545 1275 580 ἡμῖν
1298 544 1468 580 εὐεργεσίας,
1493 544 1537 570 ἵνα
1560 544 1635 580 δείξῃ
1663 544 1700 579 μὴ
1717 545 1788 570 κατὰ
1813 544 1892 580 χάριν

1102 590 1177 626 αὐτῷ
1194 590 1456 626 καρποφοροῦντας,
1472 590 1541 616 ἀλλὰ
1561 590 1633 617 κατὰ
1648 590 1737 625 χρέος.
1760 591 1816 617 Καὶ
1838 591 1892 618 ἄνω

1105 637 1154 672 μὲν
1170 637 1256 663 ἐδόκει
1267 636 1358 663 τέλεον
1371 636 1512 663 ἐκϐάλλειν
1523 636 1573 672 τὴν
1587 636 1630 662 διὰ
1641 636 1696 662 τῶν
1707 635 1779 662 ὑλῶν
1791 644 1893 672 καρπο-

1105 682 1201 718 φορίαν
1210 703 1218 714 ,
1232 683 1261 708 ὲν
1275 679 1317 714 οἷς
1339 681 1431 716 ἓλετεο
1449 681 1556 717 Χρυσόν
1575 690 1608 717 με
1624 682 1689 712 ἴσως
1703 681 1791 708 οἴεσθε
1805 681 1892 715 λέγειν

1106 727 1122 762 ἢ
1147 728 1277 762 ἄργυρον,
1297 727 1555 762 καρποφορήσωμεν
1578 727 1652 761 ἡμᾶς
1674 725 1789 757 αὐτούς·
1804 727 1852 752 νῦν
1867 726 1893 753 δὲ

1105 773 1250 804 δείκνυσιν,
1264 772 1305 798 ὅτι
1319 772 1350 798 οὐ
1361 771 1502 803 παντελῶς
1516 771 1711 806 ἀποδοκιμάζει
1724 772 1759 798 τὰ
1771 772 1892 804 τοιαῦτα,

1107 819 1175 846 ἀλλὰ
1189 819 1308 854 προτιμᾷ
1328 818 1359 844 τὺ
1378 817 1480 853 μεῖζον,
1500 817 1622 844 τουτέστι
1636 818 1666 844 τὸ
1685 818 1799 849 ἑαυτοὺς
1813 826 1894 853 προσ-

1074 855 1095 884 Β
1109 865 1273 899 ἀγειν.Φησὶ
1294 863 1370 898 γοῦν·
1388 864 1480 890 Πάντα
1498 863 1592 889 διδότω
1605 872 1657 895 τις,
1673 863 1719 890 καὶ
1734 864 1834 898 χρυσὸν
1850 864 1895 890 καὶ

1110 910 1200 942 λίθους
1214 910 1262 936 καὶ
1274 910 1436 945 ὑφάσματα·
1447 909 1542 936 διδότω
1555 910 1583 936 δὲ
1598 909 1668 936 κατὰ
1678 910 1798 944 ὀφειλὴν.
1821 910 1895 936 Ἐπεὶ

1111 956 1253 992 προλαϐὼν
1268 957 1282 982 ὁ
1296 955 1412 991 Χριστὸς
1427 956 1473 982 τὸν
1488 956 1558 991 ὑπὲρ
1572 955 1649 991 ἡμῶν
1661 955 1801 987 ἀνεδέξατο
1815 956 1895 983 θάνα-

1109 1012 1166 1034 τον,
1181 1003 1229 1030 καὶ
1243 1002 1339 1029 ἑαυτὸν
1357 1002 1396 1037 τῷ
1416 1003 1504 1038 Πατρὶ
1521 1003 1689 1037 προσέφερεν
1708 1002 1803 1028 θυσίαν
1827 1002 1895 1038 ὑπὲρ

1111 1049 1198 1084 ἡμῶν.
1216 1048 1295 1084 Αὐτῷ
1309 1048 1364 1084 γὰρ
1381 1048 1673 1083 πεπλημμελήκαμεν,
1687 1047 1735 1074 καὶ
1749 1047 1828 1074 αὑτδν
1844 1047 1896 1074 ἔδει

1109 1096 1140 1121 τὸ
1154 1095 1225 1130 ὑπὲρ
1239 1094 1317 1130 ἡμῶν
1331 1094 1428 1129 λύτρον
1443 1093 1569 1127 δέξασθαι
1593 1095 1641 1120 καὶ
1657 1093 1742 1125 ὅντως
1758 1094 1832 1129 ἡμᾶς
1851 1094 1896 1121 λυ-

1110 1139 1189 1175 θῆναι
1204 1140 1253 1175 τῆς
1264 1139 1463 1175 κατακρίσεως,
1475 1138 1521 1174 Μὴ
1535 1138 1590 1174 γὰρ
1605 1138 1711 1172 γένοιτο
1725 1138 1764 1173 τῷ
1775 1138 1896 1173 τυράννῳ

1109 1188 1140 1214 τὺ
1157 1187 1203 1213 τοῦ
1218 1187 1355 1213 Δεσπότου
1377 1183 1447 1221 αἷμα
1469 1186 1693 1222 προσενεχθῆναι.
1713 1185 1819 1221 Δὸτρον
1842 1185 1869 1212 δὲ
1883 1187 1897 1212 ὁ

1110 1233 1227 1268 Χριστὸς
1240 1234 1286 1260 καὶ
1300 1232 1488 1266 ἀντάλλαγμα,
1496 1232 1534 1263 ὡς
1545 1231 1578 1258 τὰ
1589 1232 1666 1267 ἡμῶν
1675 1231 1744 1267 ὑπὲρ
1753 1231 1830 1267 ἡμῶν
1835 1233 1898 1258 ἀνα-

1109 1279 1263 1314 δεξάμενος·
1273 1279 1366 1314 ὦσπερ
1375 1279 1423 1306 ὲάν
1432 1287 1473 1310 τις
1482 1278 1552 1314 ὑπὲρ
1558 1277 1604 1304 τοῦ
1616 1278 1765 1310 ὐπευθύνου
1774 1278 1790 1313 ἢ
1801 1279 1899 1312 αἰχμαο

1110 1325 1195 1352 λώτου
1201 1324 1270 1359 ἐκδῷ
1279 1324 1386 1355 ἑαυτὸν,
1396 1323 1467 1350 ὥστε
1481 1323 1584 1357 παθεῖν,
1593 1323 1611 1351 ἃ.
1621 1325 1724 1350 ἐκεῖνον
1731 1324 1785 1350 ἔδει
1793 1324 1897 1350 παθεῖν.

1110 1373 1188 1408 Καλὴ
1207 1375 1257 1408 μὲν
1277 1370 1334 1403 οὖν,
1357 1372 1433 1407 φησὶ,
1451 1372 1498 1398 καὶ
1513 1373 1589 1398 πᾶσα
1610 1370 1794 1407 καρποφορία,
1818 1370 1853 1405 ἢν
1866 1369 1897 1395 ἂν

1110 1419 1181 1455 δώσῃ
1196 1427 1238 1451 τις
1252 1418 1291 1454 τῷ
1306 1418 1437 1454 εὐεργέτῃ
1451 1417 1572 1453 Χριστῷ·
1590 1417 1665 1444 οὐδὲν
1678 1416 1707 1443 δὲ
1718 1415 1837 1442 τοιοῦτον
1851 1414 1902 1441 δώ-

1111 1473 1153 1491 σει
1175 1465 1256 1500 μέγα,
1278 1462 1333 1491 οἷον
1347 1464 1442 1491 ἑαυτὸν
1462 1464 1509 1491 τοῦ
1534 1463 1683 1499 μυστηρίου
1703 1461 1829 1488 συνιέντα
1842 1469 1900 1488 του-

1075 1524 1097 1552 c
1112 1510 1187 1536 τέστι
1211 1509 1334 1540 νοοῦντα,
1350 1509 1392 1541 τίς
1406 1511 1422 1544 ἡ
1439 1509 1489 1544 τῆς
1510 1509 1683 1540 ἀναστάσεως
1703 1508 1789 1540 αἰτία,
1810 1507 1857 1534 καὶ
1876 1505 1902 1532 τί

1113 1557 1224 1584 δύναται
1244 1555 1405 1591 χαρίζεσθαι
1423 1557 1480 1587 τοῖς
1493 1554 1658 1590 ἀνθρώποις,
1679 1554 1726 1581 καὶ
1739 1554 1788 1589 τὴν
1803 1552 1903 1587 γνῶσιν

1113 1602 1216 1637 ταύτην
1234 1602 1376 1629 δεικνύντα
1393 1602 1439 1628 ἐπὶ
1456 1602 1509 1628 τῶν
1525 1601 1650 1637 πράξεων
1662 1621 1670 1632 ,
1685 1601 1731 1627 καὶ
1750 1600 1841 1626 πάντα
1859 1607 1903 1633 γε-

1114 1649 1226 1683 νόμενον
1240 1647 1284 1674 διὰ
1296 1647 1424 1684 Χριστὸν,
1439 1648 1490 1674 ὅσα
1503 1648 1605 1678 ἐκεῖνος
1620 1647 1654 1673 δι’
1669 1647 1753 1681 ἡμᾶς,
1767 1645 1903 1671 τουτέστιν

1114 1694 1267 1730 ἀμέμπτως
1280 1694 1405 1720 ὀδεύοντα
1415 1694 1458 1720 διὰ
1473 1693 1570 1720 πασῶν
1584 1692 1638 1720 τῶν
1653 1692 1770 1728 ἡλικιῶν
1784 1690 1902 1727 Χριστοῦ

1115 1741 1162 1767 καὶ
1172 1740 1324 1774 δυνάμεων,
1339 1739 1517 1776 ἁγνιζόμενον
1527 1738 1729 1774 πνευματικῶς,
1742 1736 1904 1773 περιτεμνό-

1117 1796 1197 1823 μενον
1217 1788 1266 1822 τὴν
1286 1788 1314 1814 ὲν
1338 1786 1439 1822 καρδίᾳ
1462 1785 1613 1822 περιτομὴν
1636 1784 1796 1811 διδάσκοντα
1819 1784 1849 1809 ὲν
1866 1782 1905 1816 τῷ

1117 1835 1194 1871 ἱερῷ,
1219 1835 1282 1866 τοὺς
1297 1833 1482 1868 θεοκαπήλους
1503 1831 1651 1858 ἐλαύνοντα
1667 1829 1853 1864 λιθαζόμενον,
1872 1828 1905 1854 τὰ

1116 1881 1184 1908 ἄλλα
1196 1879 1327 1906 ποιοῦντα
1337 1880 1353 1914 ἢ
1370 1879 1520 1914 πάσχοντα,
1533 1878 1582 1903 ὃσα
1593 1877 1640 1903 καὶ
1651 1876 1732 1908 αὐτὸς
1748 1875 1818 1911 ὑπὲρ
1829 1876 1845 1909 ἠ
1850 1874 1906 1909 μῶν

1117 1926 1244 1961 ἐποίησεν
1260 1925 1276 1960 ἢ
1290 1924 1400 1955 ἔπαθεν,
1419 1924 1484 1959 ἡμῖν
1503 1921 1699 1956 ὑπολιμπάνων
1713 1918 1904 1954 ὑπογραμμὸν.

277 1970 423 2003 potentias,
439 1971 619 2004 spiritualiter
631 1972 800 2007 puriﬁcatus,
817 1974 900 2001 corde
915 1974 1107 2007 circumcisus,
1132 1975 1159 2002 in
1191 1973 1292 2008 templo
1321 1972 1441 2004 docens,
1475 1969 1675 1997 nundinatores
1711 1967 1838 2001 eiiciens.
1871 1966 1907 1990 Ιει-

277 2015 395 2049 pidatus,
413 2016 521 2051 aliaque
536 2018 637 2049 omnia,
653 2019 751 2053 partim
768 2020 881 2053 faciens,
901 2022 1000 2055 partim
1021 2022 1137 2056 patiens,
1161 2027 1222 2056 quae
1237 2020 1296 2055 ipse
1311 2022 1406 2046 nostra
1433 2024 1528 2048 causa,
1561 2015 1605 2042 vel
1638 2013 1712 2046 fecit,
1734 2012 1777 2039 vel
1809 2019 1909 2046 passus

277 2066 330 2092 est,
343 2062 424 2090 nobis
436 2064 591 2099 exemplum
612 2065 785 2100 relinquens.

314 2110 352 2135 Ac
366 2109 436 2136 vobis
451 2110 566 2144 quidem,
578 2116 606 2137 ut
619 2113 736 2144 cernitis,
748 2117 840 2146 pastor
850 2113 891 2140 hic
905 2113 999 2145 bonus,
1013 2118 1067 2142 etc.

279 2155 428 2183 Auditores
443 2156 477 2183 ad
490 2156 596 2184 fructus
609 2157 665 2184 Deo
677 2157 830 2186 offerendos
843 2159 969 2188 excitans
979 2159 1068 2187 Theo-

1157 2112 1224 2139 lbid.
1239 2111 1260 2138 Β
1277 2111 1302 2138 1.
1320 2107 1508 2145 Καρποφορεῖ
1521 2127 1527 2134 .
1545 2127 1551 2134 .
1568 2128 1576 2134 .
1599 2106 1779 2140 πνεύματος.
1805 2103 1907 2137 Διετεὶο

1123 2168 1176 2195 ρων
1190 2158 1254 2189 τοὺς
1268 2157 1417 2187 ἀκούοντας
1437 2156 1476 2187 εἱς
1493 2154 1524 2180 τὸ
1539 2152 1724 2188 καρποφορεῖν
1739 2152 1754 2177 ὁ
1768 2150 1908 2183 Θεολότος.

281 2197 373 2236 logtts,
391 2201 443 2229 hoc
456 2201 612 2229 faciendum
626 2211 689 2231 esse
711 2205 819 2238 probat,
838 2209 896 2232 tum
913 2213 928 2232 a
953 2213 1063 2240 persona

1122 2203 1322 2235 κατασκευάζει
1339 2202 1369 2229 τὸ
1390 2202 1445 2228 δεῖν
1466 2199 1546 2227 τοῦτο
1565 2197 1692 2233 γενέσθαι
1717 2197 1765 2223 καὶ
1788 2195 1843 2222 ἀπὸ
1863 2195 1909 2248 τοῦ

281 2246 396 2280 Christi,
423 2255 486 2275 cum
505 2247 575 2275 dixit
597 2256 659 2276 eum
690 2257 740 2284 pro
763 2250 961 2286 redemptionis
983 2251 1070 2286 pretio

283 2292 404 2327 seipsum
426 2293 505 2321 nobis
525 2294 642 2326 dedisse,
657 2299 714 2322 tum
731 2303 806 2322 nunc
824 2298 908 2323 etiam
924 2304 938 2322 a
952 2305 1070 2331 persona

283 2338 384 2371 Patris,
400 2339 517 2371 addens,
529 2339 662 2376 Quoniam
680 2341 724 2368 hic
738 2349 848 2376 quoque
863 2346 999 2377 pastorem
1015 2343 1072 2369 sive

284 2385 443 2420 episcopum
460 2393 502 2412 me
512 2385 662 2420 dispensat.
678 2385 823 2422 Presbyter
833 2388 934 2414 etenim
946 2387 1000 2422 jam
1011 2395 1072 2415 sum

285 2434 369 2464 atque
385 2429 438 2457 hoc
458 2433 545 2464 pater,
566 2438 620 2457 non
641 2435 743 2466 sperat,
765 2431 813 2459 sed
836 2432 928 2460 videt:
951 2432 1072 2460 nondum

287 2479 378 2502 autem
397 2483 457 2502 sum
473 2477 629 2510 episcopus,
645 2476 693 2503 sed
709 2485 752 2505 me
767 2482 828 2512 post
852 2483 968 2505 mortem
994 2485 1071 2505 suam

288 2520 413 2548 futurum
429 2525 522 2555 sperat
534 2525 622 2556 pater,
639 2526 781 2557 optalque,
795 2527 824 2549 ut
839 2523 998 2558 huiusmodi
1014 2532 1074 2550 mu-

288 2572 355 2592 nere
365 2564 467 2599 dignus
486 2567 549 2598 sim,
569 2571 600 2593 ut
619 2574 674 2593 non
691 2568 878 2595 mercenarius
899 2569 963 2600 sim,
985 2576 1075 2602 neque

289 2610 348 2642 fur,
366 2611 413 2638 sed
441 2615 557 2646 pastor:
574 2616 656 2646 atque
677 2620 693 2639 a
716 2613 805 2644 vobis,
821 2614 868 2648 qui
885 2614 919 2640 ab
935 2621 968 2641 eo
985 2614 1076 2648 pasci-

290 2657 369 2690 mini,
385 2658 462 2692 petit,
480 2662 509 2685 ut
526 2666 569 2685 me
589 2666 653 2685 cum
677 2666 692 2685 a
713 2660 768 2686 vita
783 2660 917 2694 migrat-it,
938 2664 1074 2695 pastorem

292 2703 445 2738 accipiatis,
462 2704 644 2740 morigerique
666 2705 749 2732 animi
766 2706 903 2740 specimen
922 2707 1075 2740 prtebeatis.

294 2748 414 2784 A‘Jquum
432 2754 475 2777 est
496 2755 599 2783 autem,
626 2754 656 2778 ut
674 2757 793 2786 paterna:
820 2752 945 2787 petitioni
962 2752 1076 2779 cedatis.

295 2793 392 2821 Pastor
405 2795 507 2822 etenim
521 2795 608 2823 bonus
625 2800 667 2824 est
684 2797 767 2832 (quod
783 2797 817 2825 de
844 2797 936 2832 seipso
952 2796 1079 2824 Christus

299 2840 466 2876 praedicavit)
480 2841 656 2878 animamque
671 2851 748 2871 suam
762 2851 811 2879 pro
827 2843 908 2872 nobis
919 2843 1016 2871 ovibus
1031 2851 1079 2878 po-

338 2914 360 2929 "
371 2911 451 2940 Joan.
464 2919 514 2944 ιιι,
532 2911 577 2939 52.

1122 2250 1252 2286 Χριστοῦ,
1273 2248 1367 2280 εἰπὼν,
1379 2248 1419 2274 ὃτι
1437 2246 1562 2276 κάκεῖνος
1579 2244 1677 2279 λύτρον
1689 2242 1791 2269 ἔδωκεν
1812 2241 1909 2268 ἑαυτὸν

1119 2297 1188 2331 ὑπὲρ
1201 2295 1290 2330 ἡμῶν.
1305 2291 1514 2323 Κατασκευάζει
1533 2291 1562 2318 δὲ
1583 2290 1630 2317 νῦν
1647 2289 1693 2316 καὶ
1707 2288 1760 2315 ἀπὺ
1779 2287 1828 2314 τοῦ
1845 2287 1908 2314 ἰδίου

1120 2342 1236 2378 Πατρὸς,
1251 2340 1395 2377 προσθεὶς,
1408 2339 1449 2365 ὃτι
1467 2337 1515 2364 καὶ
1532 2333 1610 2368 οὗτος
1626 2336 1677 2371 ἐμὲ
1693 2335 1759 2370 ὑμῖν
1778 2333 1908 2369 ποιμένα,

1121 2389 1208 2414 εῐτουν
1219 2387 1378 2416 ἐπίσκοπον,
1396 2385 1643 2420 προμνηστεύεται.
1656 2380 1847 2416 Πρεσϐύτερος
1857 2380 1910 2414 γὰρ

1122 2435 1173 2470 ήδη
1186 2433 1243 2468 ειμι
1257 2441 1263 2448 ·
1279 2432 1326 2459 καὶ
1342 2430 1420 2458 τοῦτο
1433 2431 1447 2456 ὁ
1462 2428 1556 2464 Πατὴρ
1567 2428 1617 2455 οὐκ
1636 2426 1751 2458 ἐλπίζει,
1768 2425 1838 2452 ἀλλὰ
1852 2425 1910 2460 βλέ-

1122 2488 1181 2508 πει·
1197 2479 1273 2506 οὔπω
1287 2478 1317 2504 δέ
1331 2479 1388 2512 εἰμι
1405 2476 1562 2506 ἐπίσκοπος,
1590 2473 1660 2500 ἀλλὰ
1677 2472 1757 2499 τοῦτο
1782 2472 1798 2497 ὁ
1815 2471 1910 2506 Πατὴρ

1123 2523 1228 2556 ἐλπίζει
1248 2522 1374 2557 γενέσθαι
1402 2530 1436 2556 με
1455 2519 1523 2555 μετὰ
1544 2518 1589 2545 τὸν
1607 2517 1690 2544 αὑτοῦ
1707 2516 1839 2547 θάνατον,
1866 2515 1911 2541 καὶ

1124 2570 1242 2606 εὔχεται,
1260 2568 1335 2600 ἄξιόν
1353 2576 1387 2603 με
1404 2566 1531 2600 γενέσθαι
1549 2565 1596 2591 τοῦ
1623 2564 1794 2599 πράγματος,
1819 2561 1858 2592 ὡς
1876 2560 1911 2595 μὴ

1127 2616 1260 2652 μισθωτὸν
1278 2612 1358 2645 εἶναι,
1381 2612 1448 2648 μηδὲ
1463 2611 1584 2645 κλέπτην
1610 2609 1678 2636 ἀλλὰ
1699 2608 1829 2643 ποιμένα.
1859 2607 1912 2633 Kal.

1126 2663 1190 2698 παρ’
1205 2661 1282 2696 ὑμῶν
1302 2660 1372 2687 αἰτεῖ
1385 2659 1439 2686 τῶν
1462 2657 1508 2684 ὑπ’
1524 2655 1608 2683 αὑτοῦ
1625 2654 1854 2689 ποιμαινομένων,
1870 2653 1912 2678 ἴνα

1128 2717 1161 2744 με
1178 2708 1234 2743 μετ’
1255 2706 1335 2741 αὑτὸν
1356 2705 1402 2732 τὸν
1416 2703 1594 2738 ποιμαίνοντα
1609 2700 1721 2736 δέξησθε
1738 2701 1786 2726 καὶ
1803 2699 1853 2734 τὴν
1868 2699 1913 2744 sit:

1127 2743 1247 2780 πείθειαν
1261 2750 1441 2785 ὲπιδείξησθε.
1450 2749 1554 2775 Δίκαιοι
1565 2747 1586 2774 δ’
1603 2746 1636 2773 ἂν
1647 2747 1731 2781 εἴητε,
1743 2745 1863 2772 αἰτοῦντι
1875 2743 1911 2779 τῷ

1127 2798 1210 2833 πατρὶ
1222 2795 1372 2823 πείθεσθαι.
1387 2794 1492 2830 Ποιμὴν
1503 2793 1558 2828 γάρ
1574 2794 1632 2819 ἐστι
1647 2791 1728 2822 καλὸς
1746 2790 1772 2822 (ὃ
1786 2791 1852 2826 περὶ
1865 2790 1911 2816 αὺ-

1127 2844 1174 2870 τοῦ
1194 2845 1208 2871 ὸ
1222 2843 1316 2878 Σωτὴρ
1330 2839 1413 2875 εἷπε),
1427 2841 1473 2868 καὶ
1490 2840 1538 2875 τὴν
1554 2838 1642 2874 ψυχὴν
1655 2835 1738 2864 αὑτοῦ
1753 2835 1824 2872 ὑπὲρ
1836 2835 1909 2870 ὑμῶν
