2022 3134
153 186 198 212 91η

737 188 782 214 ΛΠ
802 188 831 215 S.
852 185 1017 215 GREGORH
1038 187 1142 214 ORAT.
1164 187 1183 213 Ι.

1723 192 1776 219 95!

151 244 203 270 τῶν
216 244 362 280 προὸἀτων
378 239 480 281 τίθησι.
501 245 600 274 Δίόωοίι
612 241 640 273 δὲ
654 247 701 274 καὶ
715 247 810 273 ἑαυτὸν
829 246 940 273 διπλοῦν

996 245 1041 271 nit.
1059 244 1129 278 Quin
1145 249 1172 272 et
1195 253 1245 279 pro
1261 245 1378 278 simplici
1402 245 1536 280 duplicem
1554 248 1630 275 vobis
1655 249 1774 284 seipsum

151 290 214 325 ὑμῖν
230 290 289 317 ἀνθ’
303 291 399 318 ἁπλοῦ.
413 292 494 327 Κάμὲ
512 292 566 328 γὰρ
579 293 618 324 εἰς
634 292 682 328 τὴν
695 293 862 328 προστασίαν
878 292 938 327 μεθ’

152 335 248 361 ἑαυτοῦ
263 334 341 367 ἔταξε
355 344 361 350 '
377 336 454 370 κάγὼ
468 336 565 372 διπλῆν
579 337 653 372 αὐτῷ
670 337 758 372 μέλλω
770 337 863 372 χρείαν
876 337 940 372 πλη-

153 380 227 415 ροῦν,
244 381 292 406 καὶ
317 381 363 408 τοῦ
386 382 479 417 γήρως
501 382 635 418 βακτηρία
652 383 795 418 γενόμενος
822 383 869 409 καὶ
893 382 940 408 τοῦ

152 426 319 459 πνεύματος.
337 427 527 463 ’Υποστηρῐιζω
541 437 571 454 τε
583 429 637 464 γὰρ
650 428 695 454 τὸν
712 429 819 463 πατέρα
833 436 940 463 κεκμη-

152 471 217 497 κότα
233 471 273 506 τῲ
288 471 386 507 χρόνῳ,
404 473 450 499 καὶ
464 473 514 504 τὰς
531 475 719 508 πνευματικὰς
738 473 812 508 αὐτῷ
833 474 879 500 καὶ
895 474 940 500 ἐκ-

152 517 349 552 κλησιαστικὰς
363 519 561 552 συνεισενέγκω
575 519 728 554 φροντίδας.

187 563 247 590 Col.
269 563 322 590 400
338 563 359 589 Β
372 563 399 590 6.
416 564 469 590 Καὶ
488 565 667 598 προστίθησι
683 586 689 592 .
707 586 713 592 .
732 586 738 593 .
762 566 858 597 ἀξιον.
884 566 940 593 Καὶ

152 605 207 638 δύο,
222 607 298 642 φησι,
314 607 394 638 ναοὺς
408 608 471 642 ὑμῖν
487 609 502 634 ὁ
523 609 614 644 πατὴρ
630 609 784 645 ἐχαρίσατο.
806 610 874 636 Ἕνα
892 609 940 645 μὲν

152 652 267 687 ἄψυχον,
280 652 309 678 ὃν
328 653 357 678 ἐν
373 652 515 688 Ναζιανζῷ
538 646 846 691 φιλοτίμωξὰνήγειρε,
864 664 939 691 περι-

153 698 238 733 καλλῆ
258 707 318 725 τινα
338 699 384 725 καὶ
407 699 541 734 οὐράνιον.
557 701 688 735 Οὐράνιον
710 702 737 727 δὲ
753 700 828 728 εἶπεν
849 702 939 734 αὑτὸν,

153 745 222 780 τάχα
240 745 290 780 μὲν
306 745 349 771 διὰ
364 746 393 772 τὸ
408 746 484 780 ὕψος.
505 747 574 782 τάχα
589 747 616 773 δὲ
642 747 686 774 διὰ
699 748 729 774 τὸ
746 748 941 783 ήμισφαιρικὸν

156 791 249 825 σχῆμα
269 790 317 825 τῆς
333 791 436 825 ὀροφῆς
449 811 456 822 .
474 791 539 823 ἴσως
561 791 589 818 δὲ
604 793 652 819 καὶ
673 793 717 819 διὰ
731 793 762 819 τὺ
784 794 828 820 τὸν
853 794 942 821 πάντα

153 837 216 862 ναὸν
229 835 313 862 τύπον
323 836 475 868 ἀποσώζειν
488 836 534 863 τοῦ
550 838 663 872 οὐρανοῦ
682 847 689 853 ·
709 840 803 874 ἕτερον
813 839 841 865 δὲ
855 839 941 874 ἐμψυ-

153 890 209 916 χον.
227 881 339 907 Ἑαυτὸν
355 881 382 908 δὲ
397 882 467 908 οὕτω
482 882 555 917 λέγει
570 884 584 909 6
594 883 722 917 Θεολόγος
740 886 809 911 κατὶι
829 885 860 911 τὸ
876 885 942 911 ἀπο-

989 290 1068 317 oll‘ert
1086 300 1092 317 :
1110 298 1172 316 nam
1187 298 1230 317 me
1241 298 1350 325 quoque
1364 291 1396 317 ad
1412 299 1459 318 vos
1474 292 1606 327 regendos
1617 295 1720 321 socium
1732 303 1775 323 as-

990 337 1072 364 ciscit
1091 346 1096 363 :
1113 340 1194 371 atque
1219 337 1277 371 ipse
1293 344 1342 371 ego
1357 336 1492 372 duplicem
1513 347 1591 366 usum
1608 345 1689 375 atque
1710 349 1775 377 ope-

990 389 1048 408 ram
1058 381 1096 408 illi
1107 381 1254 416 praestabo,
1264 381 1395 408 nimirum
1413 386 1440 409 et
1456 385 1607 412 senectutis
1621 385 1774 414 subsidium

990 427 1090 457 factus.
1114 432 1140 454 et
1157 427 1281 461 spiritus.
1302 426 1369 454 Nam
1388 431 1416 454 et
1434 432 1537 462 patrem
1559 435 1697 458 senectute
1720 431 1776 458 fra-

990 477 1063 499 ctum
1079 477 1106 500 et
1123 472 1278 499 conlectum
1296 472 1417 506 fulciam,
1427 478 1453 501 et
1467 474 1623 509 spirituales
1636 480 1717 512 atque
1726 486 1775 505 ec-

990 519 1158 546 clesiasticas
1173 526 1254 545 curas
1271 526 1332 545 cum
1349 518 1409 553 ipso
1425 521 1578 549 sustinebo.

996 566 1003 585 ι
1031 559 1266 593 Atqueiuanimato
1275 563 1369 596 templo
1378 564 1534 597 animatum.
1547 567 1779 604 etc.Dttotcmpl.I.

993 602 1093 639 inquit,
1104 609 1180 639 pater
1190 607 1265 634 vobis
1273 607 1344 634 dono
1352 609 1436 642 dedit,
1447 611 1561 638 alterum
1570 613 1679 647 quidem
1690 602 1779 642 inani-

994 657 1037 677 me
1051 650 1123 684 quod
1141 650 1268 679 Naxianzi
1289 654 1430 688 magniﬁce
1449 658 1602 688 exstruxit,
1619 659 1778 694 perelegans

992 695 1128 729 quoddam
1142 700 1169 722 et
1178 697 1298 724 caeleste.
1308 698 1426 727 Cwleste
1438 705 1531 727 autem
1545 702 1632 736 ipsum
1641 703 1721 734 dixit,
1733 705 1776 731 vel

992 741 1335 775 propteraltitudinemmel
1344 749 1454 779 propter
1465 746 1699 775 semicircularem
1710 749 1774 776 tecti

992 787 1115 822 ﬁgurant,
1126 788 1256 814 velctiam
1272 789 1388 817 fortasse
1398 791 1461 825 quia
1477 792 1606 826 templum
1622 801 1703 820 omne
1712 794 1775 821 cmli

991 832 1101 868 ﬁguram
1114 834 1337 866 servat,allerum
1348 840 1437 862 autem
1454 837 1614 868 animalum.
1633 839 1673 866 sie
1683 844 1773 867 alitem

990 879 1109 913 seipsum
1119 880 1245 914 appellat,
1257 881 1406 907 secundum
1418 881 1483 908 illud
1494 882 1615 917 Apostoli
1626 893 1631 911 τ
1644 883 1773 916 Nescitis,

156 929 292 955 στολικόν·
316 930 376 955 Οὐκ
394 929 502 961 οἴδατε,
524 930 568 956 ὅτι
588 931 661 962 ναὸς
680 931 754 958 Θεοῦ
776 932 864 964 om;
886 933 941 958 Καὶ

996 927 1058 961 ῖιιοά
1077 926 1198 960 templum
1213 925 1261 952 Dei
1269 926 1378 953 estis”?
1394 927 1431 953 Ac
1449 927 1555 961 cogitur
1571 927 1691 962 quidem,
1708 933 1735 954 ιιι
1751 928 1778 954 in

153 974 338 1008 ἀναγκάζεται
360 975 416 1010 μὲν.
442 975 480 1007 ὡς
501 977 530 1002 ὲν
551 976 709 1012 συγκρίσει,
734 978 822 1004 εἰπεῖν
847 977 942 1004 ἑαυτὸν

154 1021 244 1056 πολλῷ
271 1019 383 1056 μείζονα
410 1021 457 1047 καὶ
481 1021 645 1058 ὑψηλότερον
669 1023 715 1049 τοῦ
741 1023 845 1058 ἀψύχου
861 1023 940 1050 ναοῦ·

155 1067 214 1092 ἐπεὶ
232 1066 260 1093 δὲ
279 1067 406 1102 φορτικόν
429 1067 487 1093 ἐστι
502 1067 533 1094 τὸ
556 1068 651 1094 ἑαυτὸν
673 1069 803 1100 ἐπαινεῖν,
825 1069 942 1096 ἐκκλίνει

154 1112 202 1147 τὴν
219 1112 453 1147 περιαυτολογίαν,
474 1113 521 1139 καὶ
535 1113 624 1148 μέσως
635 1122 692 1146 πως
706 1114 788 1148 λέγει,
802 1115 842 1141 ὅτι
858 1123 940 1150 προσ-

154 1157 243 1193 1501131.
262 1157 301 1192 τῷ
324 1158 419 1193 ἀψύχῳ
438 1158 499 1193 μὲν,
529 1160 688 1194 περικαλλεῖ
704 1160 732 1186 δὲ
751 1160 817 1195 ναῷ,
835 1161 884 1194 ἐμὲ
899 1160 942 1186 τδν

152 1203 294 1229 {immite-3v
318 1204 364 1230 καὶ
384 1204 487 1239 ἡλίκον,
514 1204 652 1231 τουτέστιν
673 1203 728 1232 οἷον
750 1206 782 1232 ἂν
811 1207 857 1233 καὶ
881 1207 943 1233 ὅσον

155 1248 240 1284 κρίνοι
253 1257 303 1280 τις.
315 1249 389 1284 Πλὴν
404 1251 495 1282 ὁποῖος
506 1250 539 1277 ἃν
554 1251 601 1277 καὶ
615 1251 683 1287 εἵην,
698 1251 736 1286 τῷ
753 1252 836 1286 πατρί
849 1251 932 1286 τιμιώ

156 1302 236 1325 τατος
253 1295 356 1330 σφόδρα
374 1295 441 1331 εῐμί.
458 1296 583 1323 Τοιοῦτον
593 1295 638 1324 οὖν
651 1306 683 1333 με
697 1298 761 1333 παρ’
779 1297 853 1332 αὑτῷ
869 1297 942 1327 ὄντα,

155 1340 217 1374 ὑμῖν
232 1340 389 1367 ἐπιδέδωκε.
407 1341 460 1368 Καὶ
473 1342 522 1368 οὐκ
537 1342 611 1368 ἔστιν
626 1343 723 1373 εἰπεῖν,
737 1343 777 1368 ὅτι
793 1344 832 1374 εἰς
851 1342 900 1378 μὲν
914 1343 945 1369 τὸ

155 1386 293 1421 ἀνεγεῖραι
310 1386 356 1412 τὸν
370 1387 473 1422 ἄψυχον
487 1387 552 1414 ναὸν
565 1387 662 1414 πολλοῦ
682 1388 765 1414 πόνου
781 1388 828 1414 καὶ
841 1388 945 1414 ἀναλω-

157 1432 247 1466 μάτων
263 1432 356 1467 ὲδέησε
371 1432 408 1467 τῷ
423 1433 516 1468 πατρὶ,
532 1435 571 1464 εἰς
584 1434 634 1468 ἐμὲ
646 1433 674 1460 δὲ
687 1433 755 1468 οὐχί·
769 1433 876 1464 πολλοῖς
890 1433 945 1468 γὰρ

155 1476 230 1510 κάγὼ
255 1477 347 1512 ἱδρῶσι
365 1478 412 1504 καὶ
433 1478 534 1510 πόνοις,
550 1480 605 1511 τοῖς
631 1478 684 1505 τῶν
711 1478 892 1514 μαθημάτων,
908 1478 942 1505 δι’

154 1522 298 1557 ἀσκήσεως
311 1523 429 1554 τοιοῦτος
453 1524 655 1558 συνετελέσθην.
684 1524 760 1550 Ἐπεὶ
774 1524 801 1550 δὲ
816 1524 945 1555 πολλάκις

156 1567 216 1594 τινὰ
233 1567 289 1595 τῶν
309 1569 480 1604 πραγμάτων
499 1570 549 1595 οὐκ
566 1569 627 1601 ἄξια
643 1569 697 1596 τῶν
721 1570 811 1596 πόνων
830 1569 945 1596 ἀποϐαι-

155 1622 258 1646 νουσιν,
271 1615 285 1641 ὀ
299 1614 429 1648 Θεολόγος
444 1615 525 1650 μέσος
536 1615 641 1650 χωρῶν,
653 1614 714 1642 οὔτε
728 1615 844 1651 κρύπτει
855 1615 943 1647 τοῦτο,

153 1659 195 1686 ὃτι
207 1660 283 1692 ἄξιος
303 1660 393 1695 ἀπέϐη
409 1661 463 1687 τῶν
475 1661 574 1694 πόνων,
588 1660 649 1687 οὕτε
663 1661 743 1687 πάλιν
760 1660 944 1687 ἅπαυϐαδειά-

157 1704 241 1737 ζεται,
261 1705 319 1732 ἀλλ’
336 1705 480 1741 ἐπεύχεται
501 1706 597 1741 μόνον·
620 1706 664 1741 εἴη
678 1706 707 1732 δὲ
723 1707 820 1740 εἰπεῖν,
841 1706 881 1732 ὄτι
899 1707 944 1732 καὶ

156 1751 209 1778 τῶν
227 1752 316 1778 πόνων
329 1751 414 1783 ἄξιον.

993 972 1293 1006 eomparationemnilto
1300 972 1428 1006 majorem
1434 972 1649 1000 etsublimiorcm
1658 973 1778 1008 seipsum

993 1018 1142 1044 inanimato
1155 1018 1257 1052 templo
1276 1019 1377 1045 dicere.
1393 1018 1488 1046 Verum
1503 1019 1631 1053 quoniam
1644 1027 1725 1054 grave
1738 1024 1781 1047 est

993 1063 1156 1098 invidiaeque
1187 1063 1295 1098 plenum
1319 1066 1444 1099 proprias
1459 1064 1553 1091 laudes
1571 1065 1727 1099 prazdicare.
1746 1065 1780 1092 ad

992 1108 1132 1135 vitandam
1153 1109 1344 1136 ostentationis
1361 1109 1477 1143 speciem
1493 1109 1582 1136 medio
1594 1109 1781 1144 quodammo-

993 1154 1028 1180 do
1049 1155 1086 1180 ait
1104 1163 1110 1180 :
1128 1154 1242 1180 Inanimi
1261 1155 1369 1189 quidem
1386 1155 1457 1186 huic,
1476 1159 1605 1182 caeterum
1624 1158 1781 1191 peregregio

993 1201 1096 1234 templo
1126 1200 1250 1235 adjungit
1280 1209 1332 1231 me,
1364 1201 1585 1236 qualemcunque
1613 1202 1721 1229 tandem
1754 1206 1781 1229 et

994 1247 1275 1281 quantulumcunque.
1291 1247 1316 1273 id
1331 1251 1382 1279 est,
1399 1247 1508 1281 qualem
1522 1252 1548 1274 et
1559 1251 1692 1281 quantum
1705 1247 1781 1281 judi-

995 1292 1134 1319 caveritis.
1165 1291 1266 1319 Verum
1292 1288 1491 1328 qualiscunque
1516 1293 1579 1324 sint,
1600 1293 1669 1327 patri
1692 1300 1782 1320 tamen

996 1346 1055 1365 sum
1069 1338 1262 1369 charissimus,
1281 1343 1307 1365 et
1320 1338 1614 1366 commenxlatis~imus.
1631 1337 1724 1365 Talem
1739 1346 1783 1366 me

996 1385 1080 1419 igitur
1092 1389 1169 1419 pater
1189 1385 1312 1419 tantique
1325 1384 1396 1419 apud
1411 1392 1440 1412 se
1455 1385 1545 1419 pretii.
1557 1385 1634 1411 vobis
1646 1385 1780 1419 porrexit.

995 1430 1050 1457 Nec
1064 1437 1128 1457 rero
1141 1430 1192 1457 hoc
1206 1430 1260 1457 dici
1277 1431 1372 1465 possit,
1391 1430 1424 1457 ad
1438 1430 1597 1464 erigendum
1616 1430 1723 1464 quidem
1742 1430 1784 1456 in-

997 1477 1145 1504 animatum
1168 1477 1298 1511 templum
1317 1476 1402 1503 multo
1429 1475 1521 1502 labore
1546 1476 1693 1510 multisque
1710 1483 1786 1503 sum-

997 1523 1090 1558 ptibus
1110 1530 1180 1557 opus
1205 1522 1291 1550 fuisse
1316 1523 1404 1556 patri;
1419 1522 1451 1548 ad
1470 1529 1513 1548 me
1527 1525 1616 1548 autem
1633 1530 1687 1548 non
1708 1522 1783 1549 item.

1000 1569 1091 1596 Multis
1103 1569 1175 1596 enim
1188 1569 1246 1604 ipse
1261 1576 1371 1603 quoque
1382 1568 1539 1601 sudoribus,
1555 1571 1610 1594 tum
1627 1568 1786 1603 disciplina-

998 1622 1069 1645 rum.
1086 1618 1145 1641 tum
1176 1614 1227 1648 piae
1245 1613 1463 1646 exercitationis,
1490 1613 1551 1640 talis
1574 1613 1688 1642 eiTectus
1712 1621 1784 1641 sum.

997 1659 1131 1694 Quoniam
1147 1663 1236 1687 autent
1250 1660 1412 1694 plerumque
1426 1659 1536 1690 accidit,
1553 1665 1581 1686 ut
1598 1660 1720 1694 quaedam
1737 1668 1787 1687 ne-

996 1713 1132 1741 quaquam
1143 1713 1191 1740 pro
1204 1705 1327 1732 laborum
1336 1705 1440 1731 ratione
1453 1707 1613 1736 succedant,
1627 1705 1786 1741 Theologus

999 1751 1118 1778 medium
1135 1751 1187 1777 iter
1202 1753 1309 1783 tenens,
1327 1758 1377 1777 nec
1395 1750 1447 1777 hoc
1467 1750 1575 1782 reticet,
1592 1751 1664 1785 quod
1684 1751 1788 1778 labori«

158 1799 208 1826 Lus
229 1807 243 1825 a
261 1803 338 1834 patre
360 1799 499 1834 susceptis
516 1800 697 1835 responderit,
717 1807 767 1827 nec
789 1808 888 1828 rursus
903 1800 955 1827 hoc
975 1802 1135 1833 arroganter
1146 1797 1272 1829 aﬂirmat,
1293 1804 1387 1824 verum
1405 1804 1461 1824 rem
1478 1797 1568 1831 potius
1592 1797 1702 1831 optandi
1731 1797 1788 1824 for—

158 1851 199 1870 ma
215 1845 354 1879 exprimit.
373 1845 461 1879 Atque
480 1847 584 1872 utinam
603 1846 742 1873 laboribus
758 1854 867 1880 qttoque
885 1846 996 1882 dignum
1015 1844 1114 1871 addere
1134 1843 1223 1870 liceat.

193 1890 261 1918 Ibid.
284 1891 326 1917 11.
346 1892 399 1918 Καὶ
417 1913 422 1918 .
441 1913 447 1919 .
460 1912 468 1918 .
490 1893 728 1927 μεγαλοψυχίας.
754 1894 814 1920 Ἔτι
833 1894 943 1929 ἐμφιλο-

159 1937 241 1970 χωρεῖ
254 1937 267 1962 ὀ
282 1936 410 1970 Θεολόγος
427 1937 465 1971 τῷ
480 1937 551 1972 λόγῳ
569 1937 607 1971 τῷ
623 1938 686 1973 περὶ
701 1939 750 1974 τῆς
772 1939 819 1969 τοῦ
842 1940 945 1975 πατρὸς

159 1981 303 2013 ἐπιδόσεως
315 1990 322 1996 ·
340 1982 387 2009 καὶ
403 1982 498 2012 εἰπὼν,
513 1983 554 2009 ὅτι
575 1983 667 2010 Πάκντα
684 1984 861 2020 προστίθησιν
882 1985 946 2019 ὑμῖν

160 2028 192 2053 sit
213 2028 328 2060 ἑαυτοῦ,
358 2029 422 2064 πρὶν
450 2028 536 2055 ταῦτα
565 2029 823 2065 ἀπαριθμήσασθαι,
846 2030 947 2064 μεταξὺ

158 2073 298 2109 ἐθαύμασε
318 2075 366 2100 καὶ
386 2075 588 2109 ἀνεφθέγξατο,
612 2076 642 2100 Ὢ
661 2075 710 2110 τῆς
728 2075 945 2110 μεγαλοψυχίαςε

160 2121 207 2154 τῆς
222 2120 289 2154 πρὸς
303 2119 352 2155 τὴν
367 2121 554 2155 καρποφορίαν
564 2120 662 2156 δηλαδὴ
676 2121 837 2156 ἁπλότητος.
851 2122 881 2147 υἱ
899 2121 947 2156 μὲν

161 2167 212 2202 γάρ
230 2166 282 2198 ἔξω
303 2166 380 2200 σοφοὶ
398 2165 600 2201 μεγαλοψυχίαν
616 2166 762 2201 ὁρίζονται,
778 2167 866 2201 ψυχῆς
881 2167 947 2202 ἀρε-

161 2213 218 2247 τὴν,
239 2212 300 2239 καθ’
325 2213 358 2248 ἥν
382 2221 453 2244 τινες
475 2211 504 2239 εὖ
520 2213 648 2238 δύνανται
667 2213 759 2248 φέρειν
777 2213 811 2239 τὰ
831 2212 947 2247 συμϐαί-

160 2266 238 2284 νοντα
249 2265 255 2272 ·
272 2257 296 2283 0!
314 2256 341 2283 δὲ
362 2257 491 2292 ἡμέτεροι
505 2257 670 2290 διδάσκαλοι,
689 2257 726 2288 ὼς
740 2257 886 2283 ἐπιτοπολὺ
899 2256 949 2291 τὴν

163 2303 368 2338 ἐλευθεριότητα
384 2303 430 2329 καὶ
443 2303 658 2338 μεγαλοδωρίαν,
677 2302 879 2337 μεγαλοψυχίαν
894 2303 951 2328 ὀνο-

163 2347 304 2382 μάζουσιν.
320 2347 425 2383 ’Ὠσπερ
440 2345 486 2374 οὖν
498 2347 545 2374 καὶ
557 2348 605 2374 νῦν
616 2348 631 2373 ὀ
645 2347 774 2381 Θεολόγος
791 2347 836 2374 τὸν
852 2347 950 2374 ἑαυτοῦ

164 2393 270 2428 πατέρα
284 2391 481 2427 μεγαλόψυχον,
499 2392 587 2418 εἴτουν
600 2392 796 2428 μεγαλόδωρον,
811 2392 949 2418 ἐκάλεσεν·

162 2438 244 2464 οἱονεὶ
254 2438 282 2463 δὲ
298 2437 545 2472 ὲπιδιορθούμενος,
561 2438 575 2464 ὃ
588 2435 674 2470 εἶπεν,
691 2438 721 2464 οὐ
737 2437 950 2472 μεγαλοψυχίαν,

164 2484 229 2510 ἀλλὰ
245 2483 345 2518 μᾶλλον
359 2484 540 2517 φιλοτεκνίαν,
557 2484 586 2510 ea
603 2485 718 2519 πρᾶγμα
739 2484 948 2519 προσαγορεύει.

164 2530 213 2556 Διὰ
229 2529 284 2564 γὰρ
297 2529 346 2564 τὴν
362 2529 481 2564 ἀγάπην,
500 2530 592 2564 φησιν,
614 2529 701 2564 ὑμῶν,
718 2530 773 2556 τῶν
798 2537 950 2564 πνευματι-

164 2575 220 2602 κῶν
235 2575 319 2601 αὐτοῦ
334 2575 448 2608 τέκνων,
469 2576 604 2610 τοσαύτην
626 2575 782 2607 ἐπεδείξατο
795 2575 844 2611 τὴν
866 2575 950 2601 ἀπλόη

164 2630 241 2656 τητα.
258 2621 335 2647 Ἐπεὶ
349 2620 394 2648 οὖν
407 2622 423 2656 ὴ
439 2622 593 2656 φιλοτεκνία
604 2622 678 2647 αἰτία
688 2622 783 2655 γέγονε
796 2622 845 2656 τῆς
864 2629 948 2656 μεγα-

164 2666 294 2702 λοψυχίας
311 2667 357 2693 καὶ
371 2667 420 2702 τῆς
436 2667 596 2702 ἁπλότητος,
613 2666 780 2702 κυριώτερον
799 2666 832 2693 ἂν
851 2667 905 2702 εἴη,
921 2667 951 2693 τὸ

167 2713 218 2739 πᾶν
233 2713 401 2746 φιλοτεκνίαν
416 2713 516 2746 λέγειν,
533 2713 586 2739 ἀπὸ
598 2713 647 2748 τῆς
661 2713 750 2743 αἰτίας
761 2712 807 2738 καὶ
817 2712 848 2738 τδ
862 2713 949 2738 αἰτια-

168 2759 211 2784 τέιν
226 2758 419 2794 ονομάζοντας.
435 2759 512 2794 Τάχα
528 2760 549 2785 δ’
562 2759 594 2786 ἄν
610 2768 651 2791 τις
666 2760 712 2785 καὶ
726 2758 796 2785 κατὰ
819 2759 881 2789 τοὺς
898 2757 950 2789 ἔξω

170 2803 216 2838 τὴι
231 2805 433 2839 μεγαλοψυχίαν
452 2806 550 2839 νοήσας
564 2804 690 2834 ἐνταῦθα.
708 2805 761 2831 οὐδ’
774 2804 844 2830 οὕτω
859 2804 950 2834 κακῶς

170 2848 300 2876 ὲπιδαλεῖ.
324 2850 432 2886 Ἐπειδὴ
450 2851 504 2886 γὰρ
518 2852 583 2887 παρ’
603 2851 716 2883 ἐκείνοις
736 2851 750 2877 ό
767 2849 953 2886 μεγαλόψυχος

205 2923 228 2939 ⁸⁸
238 2924 248 2950 1
259 2923 323 2951 Cor.
339 2932 380 2957 ιιι,
403 2924 446 2951 lli.

1029 1891 1133 1926 Suoque
1142 1891 1229 1917 omnia
1243 1889 1313 1917 vobis
1327 1889 1459 1924 proponit,
1481 1893 1533 1917 etc.
1549 1889 1644 1917 Adhuc
1654 1889 1680 1917 in
1693 1889 1787 1918 eodem

996 1944 1121 1964 sermone
1134 1936 1167 1963 de
1190 1936 1276 1970 patris
1300 1936 1440 1963 oblatione
1465 1936 1648 1963 immoratur:
1670 1943 1789 1970 eumque

996 1984 1121 2014 dixisset.
1136 1982 1232 2009 Omnia
1247 1989 1296 2008 sua
1308 1981 1384 2008 vobis
1399 1982 1537 2016 proponit,
1561 1989 1720 2016 prmsquam
1731 1981 1787 2009 haec

997 2032 1151 2060 recenseat,
1171 2028 1275 2055 interea
1289 2035 1351 2053 cum
1375 2027 1557 2055 admiratione
1583 2028 1623 2055 sic
1645 2028 1787 2062 loquitur:

1001 2076 1023 2102 0
1038 2075 1134 2101 miram
1152 2073 1234 2100 animi
1261 2073 1489 2108 magnitudinem,
1507 2074 1532 2100 id
1547 2080 1598 2105 est.
1619 2082 1636 2100 υ
1656 2075 1789 2110 insignem

1000 2120 1026 2146 in
1040 2119 1180 2146 offerendo
1194 2110 1306 2145 munere
1317 2118 1527 2152 simplicitatem.
1538 2118 1647 2146 Externi
1658 2119 1731 2146 enim
1746 2127 1790 2146 sa-

999 2165 1103 2200 pientes
1127 2164 1340 2199 μεγαλοψυχίαν,
1361 2164 1386 2190 id
1404 2169 1445 2191 est
1468 2165 1725 2199 magnanimitatem,
1740 2166 1788 2192 de-

1001 2211 1098 2238 ﬁniunt
1113 2211 1211 2237 animae
1224 2210 1362 2242 virtutem,
1376 2217 1424 2244 per
1437 2217 1518 2244 quam
1535 2210 1657 2237 nonnulli
1673 2219 1733 2245 quae
1745 2219 1790 2238 ac-

966 2250 990 2278 υ
1003 2255 1109 2287 cidunt,
1125 2259 1200 2282 recte
1218 2253 1290 2281 ferre
1312 2258 1437 2289 possunt.
1461 2254 1495 2281 At
1512 2255 1600 2282 nostri
1614 2256 1741 2283 doctores
1762 2261 1791 2284 ut

1004 2302 1153 2336 plurimum
1171 2300 1332 2327 liberalitcm
1354 2304 1381 2327 et
1402 2300 1631 2335 magniﬁcentiam
1651 2302 1794 2336 magnania

1001 2347 1126 2374 mitatem
1139 2346 1292 2373 nominant.
1303 2345 1537 2378 Quemadmodum
1548 2346 1598 2373 hoc
1611 2354 1720 2381 quoque
1731 2347 1792 2374 loco

1001 2392 1156 2426 Tlteologus
1175 2393 1506 2427 patremmagnanimum,
1519 2391 1544 2418 id
1560 2398 1613 2426 est,
1632 2392 1791 2420 muniﬁcum

1000 2438 1118 2464 vocavit.
1139 2437 1272 2465 Caeterum
1290 2438 1369 2472 quasi
1385 2439 1527 2472 corrigens
1543 2437 1617 2472 quod
1632 2438 1720 2472 dixit,
1731 2445 1791 2464 eam

1003 2492 1060 2511 rem
1088 2492 1142 2510 non
1167 2484 1431 2518 magnanimitatem,
1460 2484 1507 2510 sed
1535 2489 1678 2518 paternum
1700 2483 1792 2518 potius

1003 2536 1123 2555 amorem
1145 2529 1273 2563 appellat.
1294 2528 1334 2555 0b
1353 2536 1473 2556 amorem
1489 2528 1561 2555 enim
1578 2528 1672 2560 vestri,
1691 2529 1791 2563 inquit.

1004 2575 1055 2601 hoc
1073 2579 1126 2605 est,
1143 2575 1326 2609 spiritualium
1347 2582 1458 2601 suorum
1480 2574 1609 2605 ﬁliorum,
1628 2578 1709 2600 tanta:
1723 2575 1791 2601 sim-

1004 2620 1135 2655 plicitatis
1146 2620 1285 2654 specimen
1306 2619 1400 2646 edidit.
1414 2618 1547 2652 Quoniam
1564 2620 1646 2654 igitur
1663 2624 1793 2654 paternus

1003 2673 1080 2692 amor
1096 2666 1308 2700 magnanimitati
1324 2669 1351 2692 et
1363 2665 1529 2699 simplicitati
1541 2673 1651 2692 causam
1667 2666 1792 2700 prazlxuit,

1004 2712 1107 2739 rectius
1119 2711 1200 2738 fuerit
1217 2715 1302 2738 totum
1316 2711 1367 2737 hoc
1384 2715 1524 2746 paternam
1538 2711 1733 2746 indulgentiam
1751 2712 1794 2738 di-

1004 2766 1078 2788 cere,
1107 2758 1237 2784 nimirum
1264 2765 1356 2784 causa:
1382 2764 1480 2783 nomen
1508 2756 1604 2784 olfacio
1628 2757 1791 2784 tribuentes.

1005 2803 1082 2836 Quod
1099 2804 1120 2830 si
1142 2803 1203 2837 quis
1223 2803 1304 2829 etiam
1324 2803 1403 2836 juxta
1419 2807 1594 2829 externorum
1612 2803 1793 2838 philosopho-

1007 2857 1067 2876 rum
1078 2848 1252 2881 sententiam,
1264 2848 1314 2875 hoc
1324 2849 1383 2875 loco
1395 2848 1643 2883 inagnanimitatem
1655 2849 1794 2877 iutellcxe~

1801 2927 1806 2943 l
