2022 3134
115 172 166 200 9ῦῦ
205 185 209 190 ι

708 172 753 199 AD
769 173 802 199 ὃ.
823 170 987 199 οιιεςοιιιι
1006 169 1109 198 ORAT.
1133 168 1153 195 1.

1695 165 1748 193 966

117 231 149 258 τὰ
161 230 232 258 καλὰ
247 231 409 268 γράμματα.
424 232 460 258 Οὐ
474 231 528 266 γὰρ
540 230 633 262 dolio;
656 231 730 267 πάσῃ
746 230 844 266 καρδία
863 231 902 255 ὲν⁸
921 255 923 259 ,

974 237 1020 255 rem
1043 231 1126 263 ponat
1149 228 1222 254 inter
1246 225 1384 261 lapideum
1405 232 1463 257 cor,
1488 223 1515 251 id
1531 228 1585 255 est,
1606 222 1705 249 durum
1721 225 1751 249 et

116 279 197 304 τυποῖ
209 279 273 309 τοὺς
295 277 383 309 θείους
400 277 497 311 λόγους
515 277 545 302 τὸ
560 277 672 312 Πνεῦμα
690 277 720 302 τὸ
736 277 821 310 ἆγιον,
839 276 907 302 ἀλλὰ

117 325 148 359 τῇ
165 324 284 360 σαρκίνῃ
295 344 302 355 ,
320 323 445 350 τουτέστι
459 325 492 358 τῇ
509 323 672 358 εὐαισθήτῳ,
691 322 794 358 Σαρκος
808 322 862 358 γὰρ
877 321 908 347 τὸ

117 369 294 396 αἰσθάνεσθαι
305 377 312 383 ⁸
328 368 404 395 λίθου
419 368 447 394 δὲ
466 368 532 394 ἴδιον
548 367 578 394 τὸ
598 367 770 402 ἀναίσθητον.
787 367 821 392 Ἢ
838 366 908 400 τάχα

119 416 164 442 καὶ
182 414 288 446 λιθίνας
301 415 349 441 καὶ
372 414 502 450 σαρκίνας
519 413 595 447 λέγει
610 413 659 445 τὰς
682 413 798 448 καρδίας
814 412 828 438 ό
844 413 910 438 Θεοί

118 461 195 494 λόγος
209 469 217 476 ⁸
233 460 338 492 λιθίνας
355 461 415 495 μὲν,
428 461 473 487 διὰ
495 461 525 487 τὸ
544 460 658 495 στερῤὸν
676 459 724 485 καὶ
745 459 776 485 τὸ
788 457 910 484 δυσαπά-

119 506 216 532 item-.41
230 504 300 532 εῖναι
317 506 351 533 τὰ
372 507 400 532 ἐν
416 507 511 538 αὐταῖς
531 506 683 542 γράμματα
694 513 700 520 ·
725 504 856 540 σαρκίνας
870 504 908 534 δὲ,

119 549 163 576 διὰ
177 549 209 576 τδ
225 549 394 585 αἰσθητικόν.
413 551 458 576 Διὸ
475 550 583 584 ἐπάγει,
600 551 640 577 ὅτι
654 551 682 576 ἐν
695 552 754 581 ταῖς
771 549 911 580 τοιαύταις

119 596 143 621 οι
167 595 244 628 λόγοι
266 595 317 622 οὐκ
335 596 363 628 ἐξ
380 596 512 631 ἐπιπολῆς
528 595 757 631 χαραχθήσονται,
776 594 836 621 οὐδὲ
857 592 911 620 οἷον

119 641 223 668 ἄνωθεν
247 641 511 677 ἐπιχρωσθήσονται,
534 642 578 668 ἵνα
603 642 649 668 καὶ
674 641 773 677 ῥᾳδίως
799 639 912 667 ἀπαλεί-

121 696 212 721 φοιντο
224 697 231 703 ·
251 688 309 714 ἀλλ’
322 689 362 720 εἰς
375 688 455 724 βάθος
471 688 734 724 ἐνσημανθήσονται,
752 689 820 716 ὥστε
827 697 914 725 παρα-

121 734 219 770 μένειν.
251 734 307 760 Καὶ
314 736 378 769 ὲνση
384 735 566 770 μανθήσονται
575 735 605 761 οὐ
616 735 722 768 μέλανι,
735 735 803 761 ἀλλὰ
811 734 912 770 χάριτι.

127 779 158 805 ’Π
175 779 225 814 μὲν
242 780 297 815 γὰρ
318 780 373 807 τῶν
388 781 499 807 δικαίων
513 781 626 816 καρδία,
644 781 681 813 ὣς
698 789 780 815 φησιν
799 781 813 806 ὁ
829 781 914 816 μέγας

123 825 279 858 Βασίλειος,
300 826 438 862 ΙῙνεύματι
463 827 529 854 Θεοῦ
554 826 654 859 ζῶντος
670 827 911 863 καταγέγραπται*

123 873 138 905 ἡ
156 872 184 898 δὲ
199 873 255 898 τῶν
272 873 371 899 ἀδίκων
389 873 497 906 καρδία,
513 873 544 899 οὑ
556 873 705 908 Πνεύματι,
724 873 791 900 ἀλλὰ
809 873 914 908 μέλανι,

123 919 162 954 τῷ
175 921 303 953 συγγενεῖ
320 919 367 945 τοῦ
386 920 499 950 σκότους
513 920 560 946 καὶ
579 919 669 956 ἐχθρῷ
685 919 732 946 τοῦ
746 920 844 954 φωτός.

960 273 1079 300 inflexile
1106 280 1138 299 ac
1164 272 1295 308 rigidum,
1322 276 1350 298 et
1373 271 1445 298 inter
1471 277 1614 300 carneunt.
1641 269 1667 295 id
1695 272 1751 301 est,

960 320 1041 346 molle.
1050 319 1183 354 facileque
1196 319 1306 351 cedens,
1322 319 1464 352 bonasque
1479 317 1584 343 litteras
1597 314 1748 350 excipiens.

961 364 1056 400 Neque
1072 365 1144 392 cttittt
1164 366 1233 391 citra
1246 364 1396 391 discrimen
1411 364 1439 390 in
1456 362 1530 390 omni
1545 361 1626 388 corde
1641 360 1752 387 divinos

961 419 1103 438 sermones
1125 410 1258 445 inSrulpit
1284 409 1405 444 Spiritus
1423 412 1547 441 sanctus,
1573 408 1620 436 sed
1641 408 1668 435 in
1692 415 1753 434 car-

961 466 1024 492 neo,
1045 458 1072 484 id
1087 462 1140 489 est,
1160 462 1234 484 recte
1256 462 1283 485 et
1302 457 1379 484 facile
1397 457 1543 484 sentiente.
1559 454 1659 482 Carnis
1678 455 1752 482 enim

961 508 1014 536 est,
1036 505 1155 537 sentire;
1175 504 1295 539 lapidum
1318 508 1408 530 autent
1430 502 1581 538 proprium.
1608 509 1691 528 sensu
1707 507 1755 528 ca—

961 557 1033 576 rere.
1051 549 1098 576 Vel
1127 550 1209 577 etiam
1238 550 1344 584 lapidea
1371 555 1398 576 et
1421 557 1523 576 carnea
1550 553 1662 583 pectora
1687 547 1755 574 dicit

962 594 1138 630 Tltcologus,
1168 595 1274 630 lapidea
1303 595 1412 630 quidem
1439 595 1475 622 ob
1505 594 1694 625 soliditatem,
1728 595 1756 619 et

962 642 1027 676 quia
1041 649 1112 676 aegre
1127 642 1322 673 obliterantur.
1341 649 1401 676 qua:
1417 642 1443 668 in
1460 641 1529 676 ipsis
1544 640 1755 670 inscribuntur;

963 696 1062 716 carnea
1092 694 1185 716 autem
1209 689 1245 716 ob
1269 690 1322 716 vim
1352 689 1523 716 sensibilem.
1561 686 1639 714 Unde
1671 687 1756 715 etiam

964 734 1107 769 subjungit
1125 744 1132 762 :
1150 735 1227 768 Quod
1245 735 1272 762 in
1295 735 1451 769 huiusmodi
1467 734 1597 762 cordibus
1612 739 1757 761 sermones

965 788 1020 807 non
1035 781 1131 808 leviter
1147 787 1174 808 et
1187 782 1332 816 superﬁcie
1345 786 1426 808 tenus
1442 781 1644 816 insculpenlur,
1657 787 1689 807 ac
1699 779 1756 806 vel-

966 831 994 852 ut
1011 834 1130 861 superne
1151 827 1304 860 illinentur,
1322 831 1351 854 ut
1367 827 1446 854 facile
1457 835 1566 862 quoque
1577 826 1681 854 aboleri
1695 833 1758 860 pos-

966 873 1032 904 sint,
1055 873 1102 900 sed
1128 873 1301 908 penitissime
1317 874 1566 908 consignabuntur,
1592 877 1623 900 ut
1646 879 1759 907 perma-

932 917 953 944 B
968 924 1050 946 neant
1066 929 1073 946 :
1087 923 1113 946 et
1130 919 1243 954 qutdent
1259 921 1509 955 consignabuntur,
1526 928 1581 947 non
1594 923 1758 950 atramento,

125 965 170 992 sed
187 965 288 1000 gratia.
303 965 444 992 Justorum
461 966 532 992 enim
550 970 656 1001 pectus,
673 971 703 993 ut
716 970 758 993 est
776 966 846 1000 apud
867 973 996 1000 magnum
1014 965 1157 998 Basilium,
1180 966 1279 1001 spiritu
1298 967 1344 994 llei
1358 967 1476 994 viventis
1493 967 1676 1002 perscriptum
1697 973 1758 995 esu

126 1011 292 1046 iniustorutu
312 1016 415 1043 autem,
433 1020 488 1039 non
510 1013 609 1048 spiritu
637 1013 684 1040 sed
715 1017 869 1040 atramento
882 1012 1056 1040 tenebrarum
1073 1018 1201 1047 cognato,
1220 1017 1245 1040 et
1263 1014 1332 1041 lucis
1349 1014 1437 1041 ltoste.

160 1059 220 1086 Col.
238 1058 292 1085 400
310 1058 331 1085 C
349 1059 373 1085 ’1.
402 1059 497 1085 Ταῦτα
517 1059 609 1093 μὲν...
635 1059 827 1094 ἐπαγγελίας.
852 1059 916 1085 Ἐπ-

128 1107 277 1141 εσφράγισε
292 1106 326 1133 τὰ
342 1107 458 1142 ρηθέντα
469 1106 514 1132 τοῦ
531 1107 634 1141 πατρὸς
649 1107 785 1142 ἐγκώμια,
800 1107 846 1133 καὶ
859 1107 918 1132 δευ-

128 1153 213 1188 τέρων
231 1151 309 1184 αὖθις
324 1153 435 1188 ἤρξατο,
461 1152 590 1188 ἐξομοιῶν
607 1152 687 1179 αὑτὸν
706 1153 744 1188 τῷ
772 1153 916 1188 Ἀϐραὰμ,

128 1199 228 1234 ὁμοίως
241 1198 339 1234 ἐκείνῳ
359 1199 408 1234 τὴν
423 1199 519 1235 πρώην
537 1199 642 1234 πλάνην
656 1199 853 1225 καταλιπόντα.
872 1199 919 1226 Ἐκ

130 1244 182 1278 γὰρ
196 1245 245 1279 τῆς
265 1243 318 1270 τῶν
342 1243 526 1279 ’Υψισταρίων
543 1243 693 1279 λεγομένης
713 1244 860 1279 αἱρέσεως,
880 1245 920 1276 είς

130 1291 178 1324 τὴν
197 1290 340 1316 εὐσέὸειαν
362 1289 555 1325 μετελήλυθεν.
577 1289 616 1316 Οὐ
634 1291 714 1325 μόνον
735 1291 763 1317 δὲ
784 1290 828 1316 διὰ
843 1291 921 1317 τοῦτο

139 1335 266 1371 Ἀϐραὰμ
280 1335 410 1370 ὀνομάζει
434 1336 480 1362 τὸν
495 1335 591 1362 ἑαυτοῦ
607 1336 723 1372 πατέρα,
737 1337 804 1363 ἀλλὰ
820 1337 866 1363 καὶ
885 1337 921 1368 ὡς

131 1383 254 1417 γηραιὸν,
270 1382 318 1408 καὶ
332 1381 370 1414 ὡς
392 1381 540 1416 φιλόξενον,
556 1383 604 1408 καὶ
618 1383 655 1413 ὡς
679 1383 852 1418 προσάγοντα
877 1383 922 1409 τὸν

132 1429 187 1456 υἱὸν
201 1429 241 1464 τῷ
254 1428 326 1464 Θεῷ,
341 1430 366 1456 εἰ
377 1430 425 1456 καὶ
441 1429 564 1461 ἑκούσιος
579 1427 613 1464 ἦν
624 1429 695 1464 αὕτη
707 1431 722 1464 ἡ
742 1430 921 1465 προσαγωγὴ,

133 1476 177 1502 1a.".
196 1475 258 1510 οὐχὶ
280 1475 351 1501 κατὰ
373 1475 423 1511 τὴν
446 1475 493 1502 τοῦ
523 1475 648 1511 Ἀϐραὰμ
673 1475 702 1508 ἐξ
726 1477 923 1511 ἐπιτάγματος.

135 1521 311 1557 Πατριάρχην
326 1521 354 1547 δὲ
377 1521 457 1548 αὐτὸν
475 1521 561 1553 καλεῖ,
577 1522 615 1553 ὡς
634 1521 740 1558 πατέρα
751 1522 797 1549 καὶ
808 1523 924 1558 ἄρχοντα

134 1568 182 1603 τῆς
196 1567 313 1599 πόλεως,
322 1568 384 1594 ὅσον
395 1568 440 1594 ὲπὶ
450 1569 506 1599 τοῖς
520 1567 757 1602 ἐκκλησιαστικοῖς
767 1569 923 1604 πράγμασι.

134 1613 242 1639 Κανόνα
256 1613 284 1639 δὲ
298 1614 348 1648 τῆς
366 1612 483 1648 ἀρετῆς,
498 1613 536 1644 ὡς
557 1614 647 1639 πᾶσαν
666 1614 695 1639 ὲν
717 1613 806 1649 ἑαυτῷ
824 1613 924 1640 συλλα-

135 1659 215 1686 6όντα
228 1660 279 1695 τὴν
293 1659 393 1694 ἀρετὴν
410 1659 458 1686 καὶ
472 1659 535 1691 τοὺς
556 1659 652 1691 ἄλλους
667 1659 735 1695 πρὸς
757 1660 860 1696 ταύτην
879 1660 924 1686 aia--

137 1705 260 1737 θύνοντα,
283 1705 330 1732 καὶ
350 1705 380 1732 τὸ
402 1706 450 1740 μὲν
471 1705 565 1740 ἄρτιον
582 1705 763 1740 δοκιμάζοντα
778 1707 826 1732 καὶ
857 1715 925 1732 κατ-

137 1753 243 1788 έχοντα,
262 1753 389 1787 καθάπερ
404 1754 418 1779 ό
435 1752 537 1785 κανὼν,
551 1753 581 1779 τὸ
594 1753 622 1779 δὲ
638 1753 764 1788 περιττὸν
780 1753 825 1780 καὶ
842 1753 926 1780 ὲλλεῖ-

138 1809 197 1832 πον,
212 1800 251 1831 ὡς
273 1799 383 1831 κακίαν,
398 1799 493 1832 ξέοντα
505 1799 552 1825 καὶ
569 1799 816 1834 ἁποδοκιμάζοντα.
832 1800 887 1835 Τῆς
900 1800 928 1826 δὲ

139 1845 288 1881 ἱερωσύνης
309 1845 459 1876 τελείωσιν,
484 1845 522 1877 ὡς
546 1846 634 1872 πάντα
650 1847 684 1873 τὰ
705 1846 754 1881 τῆς
779 1847 929 1883 ἱερωσύνης

139 1891 254 1922 ἐντελῶς
274 1890 376 1925 ἔχοντα.
399 1890 511 1916 Ἑαυτὸν
527 1890 618 1925 μέντοι
633 1892 765 1926 μονογενῆ
787 1892 928 1927 ὠνόμασεν

140 1937 153 1962 ὁ
165 1937 307 1970 Θεολόγος,
323 1936 486 1971 βιασάμενος
497 1938 542 1964 τὸν
557 1937 646 1972 λόγον.
662 1938 706 1964 ἵνα
721 1938 782 1974 μηδ’
800 1939 828 1964 ὲν
843 1938 930 1973 τούτῳ

141 1982 189 2017 τῆς
199 1982 272 2009 κατά
286 1982 330 2008 τὸν
350 1982 444 2008 Ἰσαὰκ
459 1983 623 2018 ἐλαττωθείη
643 1983 752 2015 θυσίας·
771 1985 931 2020 παρεμυθήο

143 2037 206 2054 σατο
222 2028 250 2054 δὲ
271 2028 320 2063 τὴν
339 2028 452 2064 τόλμαν,
474 2029 623 2063 ἐπαγαγὼν
639 2030 685 2056 τὸν
703 2029 733 2062 ἐξ
752 2031 928 2065 ἐπαγγελίας.

144 2073 174 2099 Et
186 2073 243 2108 γὰρ
253 2073 301 2099 καὶ
315 2073 352 2109 μὴ
366 2074 514 2108 μονογενὴς
524 2071 559 2109 ἦν
573 2074 644 2100 xui
656 2075 706 2109 τὴν
720 2074 857 2110 γέννησιν,
871 2076 932 2102 ἐπεὶ

147 2120 204 2154 μετ’
223 2119 306 2146 αὑτὸν
319 2119 367 2146 καὶ
381 2119 512 2155 Γοργονία
536 2119 583 2146 καὶ
607 2120 758 2155 Καισάριος
781 2120 931 2155 ἐγεννήθη,

145 2165 200 2192 ἀλλ’
222 2163 269 2193 οὖν
282 2165 354 2192 κατὰ
368 2165 417 2201 τὴν
434 2165 601 2200 ἐπαγγελίαν
617 2165 764 2201 μονογενὴς
779 2164 823 2201 ἦν.
850 2166 934 2198 Μόνος

144 2211 198 2247 γὰρ
210 2212 268 2243 τοῖς
283 2211 408 2245 γονεῦσιν
423 2211 452 2245 ἐξ
474 2212 639 2246 ἐπαγγελίας
652 2212 761 2247 ἐτέχθη,
779 2211 874 2248 ὥσπερ
887 2213 935 2240 καὶ

147 2259 160 2284 ὁ
183 2259 276 2293 Ίᾳαὰκ
290 2259 323 2294 τῇ
339 2258 433 2294 Hipp;
449 2259 496 2284 καὶ
514 2258 553 2294 τῷ
565 2258 703 2294 ’Δϐραάμη
719 2260 753 2285 Ἦ
771 2260 840 2294 τάχα
858 2268 935 2294 μονο-

147 2304 211 2338 γενῆ
227 2305 323 2330 ἑαυτὸν
333 2304 418 2338 λέγει,
433 2304 470 2335 ὡς
486 2304 564 2339 μόνον
579 2304 776 2338 ὑπολειφθέντα
786 2305 825 2341 τῷ
839 2307 933 2342 πατρὶ,

147 2350 199 2377 τῶν
208 2350 297 2377 ἄλλων
314 2350 364 2384 ἥδη
382 2351 485 2377 τέκνων
500 2350 742 2385 τετελευτηκότων.

1002 1054 1089 1094 Ἀιῳιε
1108 1060 1162 1086 lure
1181 1061 1253 1086 vobis
1271 1060 1346 1094 o/ferl
1371 1059 1532 1086 venerandus
1545 1060 1597 1092 Itt'c,
1612 1063 1664 1087 etc.
1682 1059 1762 1086 Post-

969 1112 1050 1139 quant
1073 1107 1230 1140 superiores
1248 1106 1334 1140 patris
1360 1105 1454 1133 Iaudes
1471 1106 1600 1137 absolvtt,
1626 1105 1762 1133 secundas

966 1151 1023 1185 jam
1043 1151 1197 1183 exorditur.
1220 1152 1336 1179 similem
1357 1160 1419 1179 eum
1434 1160 1496 1179 esse
1513 1153 1608 1179 dicens
1633 1152 1761 1182 Abrah-e,

971 1200 1001 1223 ut
1019 1197 1065 1231 qtti
1083 1205 1136 1224 non
1153 1206 1233 1226 secus
1248 1202 1330 1233 atque
1344 1199 1400 1231 ille,
1420 1199 1565 1233 pristinum
1580 1205 1700 1225 errorem
1721 1207 1764 1225 re-

970 1242 1093 1276 liquerit.
1105 1241 1173 1269 Nant
1191 1251 1225 1270 ex
1241 1251 1272 1270 ea
1289 1248 1376 1275 secta,
1393 1251 1454 1278 quae
1471 1243 1705 1279 Hypsistariorunt
1720 1244 1763 1269 di-

971 1288 1054 1319 citur,
1077 1289 1110 1315 ad
1134 1296 1204 1316 verte
1228 1289 1338 1324 pictatis
1356 1289 1511 1316 doctrittatn
1539 1289 1676 1324 migravit.
1709 1288 1765 1316 Nec

972 1341 1030 1360 eam
1050 1338 1155 1361 tantuut
1172 1336 1207 1362 ob
1226 1343 1336 1362 causam
1354 1341 1457 1369 patrem
1482 1343 1563 1361 suum
1581 1335 1698 1362 Abrahae
1714 1342 1764 1361 no-

973 1381 1046 1407 mine
1061 1382 1190 1416 appellat,
1208 1382 1254 1408 sed
1271 1382 1352 1408 etiam
1372 1385 1401 1408 ut
1421 1389 1524 1412 senem,
1540 1385 1570 1408 ut
1590 1381 1764 1416 hospitalem.

974 1431 1003 1453 ut
1021 1426 1076 1454 Deo
1095 1429 1179 1454 lilium
1202 1427 1359 1454 offerentem
1379 1436 1385 1454 :
1405 1427 1513 1454 tametsi
1534 1427 1687 1454 voluntaria
1709 1429 1767 1453 lue-

975 1473 1011 1499 rit
1027 1473 1083 1500 haec
1097 1473 1210 1504 oblatio,
1232 1480 1286 1500 non
1310 1478 1401 1500 autem
1423 1474 1567 1508 imperata,
1588 1473 1768 1508 quemadmo-

975 1519 1039 1546 dum
1066 1519 1112 1545 illa
1139 1520 1264 1546 Abrahae.
1294 1519 1482 1547 Patriarchant
1495 1524 1585 1547 autent
1598 1527 1659 1546 eutn
1676 1524 1765 1550 vocat.

977 1572 1006 1595 ut
1023 1572 1126 1603 patrem
1147 1572 1173 1595 et
1195 1569 1345 1603 principem
1357 1569 1488 1601 civitatis,
1507 1574 1640 1604 quantum
1655 1569 1766 1604 quidem

977 1615 1011 1641 ad
1030 1622 1073 1641 res
1097 1615 1301 1642 ecclesiasticas
1325 1615 1434 1642 attinet.
1452 1614 1568 1642 Virtutis
1592 1619 1684 1642 autent
1704 1614 1777 1641 nor?

979 1668 1050 1687 lnam
1076 1661 1168 1696 utqui
1189 1668 1284 1688 omnes
1298 1662 1409 1689 virtutis
1428 1667 1519 1696 partes
1539 1664 1701 1697 complexus
1722 1662 1769 1692 sit.

978 1707 1100 1741 aliosque
1121 1707 1154 1734 ad
1172 1715 1231 1734 eam
1249 1708 1358 1742 dirigat,
1376 1712 1404 1735 et
1426 1712 1528 1735 rectum
1544 1708 1653 1742 quidem
1671 1708 1771 1743 regulae

979 1752 1065 1778 instar
1080 1754 1203 1787 exploret
1229 1760 1261 1780 ac
1286 1754 1413 1784 retineat,
1439 1753 1606 1787 superfluunt
1627 1758 1717 1780 autem
1743 1759 1770 1779 et

979 1801 1110 1829 deﬁciens
1132 1800 1247 1826 abradat
1268 1805 1350 1834 atque
1375 1799 1522 1834 improbet.
1540 1799 1599 1826 .Iant
1623 1800 1770 1827 sacerdotii

980 1856 1090 1883 quoque
1111 1847 1308 1882 perfectionem
1331 1854 1392 1873 eum
1412 1850 1501 1878 vocat,
1527 1850 1556 1872 ut
1578 1846 1708 1873 omnibus
1729 1853 1771 1871 re-

980 1895 1043 1925 bus,
1060 1902 1120 1930 quas
1136 1894 1168 1920 ad
1187 1893 1373 1920 sacerdotium
1395 1893 1584 1927 requiruntur,
1605 1892 1712 1919 alzunde
1730 1892 1772 1918 itt-

981 1945 1127 1968 structutu.
1156 1939 1284 1974 Seipsum
1309 1943 1400 1965 tamen
1425 1938 1595 1973 unigenitum
1616 1937 1772 1968 Tlteolngus

982 1987 1144 2017 nominavit.
1162 1986 1216 2012 vim
1229 1985 1347 2012 orationi
1364 1984 1492 2015 afferens,
1506 1989 1580 2010 utne
1596 1984 1647 2011 ltac
1663 1991 1772 2018 quoque

982 2036 1060 2067 parte
1079 2031 1194 2058 inferius
1209 2030 1359 2065 quidquam
1376 2034 1454 2064 pater
1471 2029 1608 2056 sacriﬁcio
1623 2030 1669 2056 illo
1687 2028 1772 2056 lsaaci

983 2078 1092 2105 habeat.
1111 2076 1212 2104 Verum
1231 2077 1283 2104 hoc
1296 2076 1439 2111 aliquanto
1454 2075 1587 2102 audacius
1601 2076 1703 2102 dictum
1723 2075 1773 2101 mi-

984 2124 1091 2159 ligavit,
1107 2123 1223 2153 addens.
1243 2131 1274 2150 ex
1296 2122 1504 2158 pollicitatione.
1521 2121 1587 2148 Nam
1603 2121 1654 2149 etsi
1679 2122 1774 2155 unige-

985 2171 1061 2198 nitus
1076 2179 1131 2197 non
1152 2174 1222 2200 erat.
1239 2174 1372 2204 quantunt
1394 2167 1429 2195 ad
1454 2168 1634 2198 nativitatem,
1652 2167 1774 2202 quando-

985 2216 1094 2251 quidem
1107 2219 1168 2250 post
1184 2222 1246 2241 eum
1259 2219 1285 2241 et
1297 2213 1434 2248 Gorgonia
1450 2218 1476 2239 et
1491 2212 1630 2240 Caesarius
1647 2219 1774 2247 procrea-

987 2262 1006 2288 ti
1025 2265 1110 2289 sunt:
1129 2265 1231 2291 tamen,
1254 2261 1277 2287 si
1298 2259 1427 2294 promissi
1446 2258 1581 2285 rationem
1607 2263 1774 2293 spectemus,

988 2307 1146 2342 unigenitus
1160 2310 1230 2333 erat.
1248 2307 1331 2334 Solus
1346 2307 1419 2333 enim
1436 2313 1469 2334 ex
1484 2306 1682 2340 pollicitatione
1697 2315 1711 2333 ιι
1729 2315 1777 2341 pa-

952 2363 973 2390 ο
988 2354 1113 2380 rentibus
1139 2354 1300 2387 progenitus
1323 2357 1376 2383 est,
1398 2353 1627 2388 quemadmodum
1650 2352 1725 2380 Isaac
1743 2353 1777 2379 ab

154 2410 315 2437 Abrahamo
334 2415 361 2436 et
377 2409 456 2436 Sara.
476 2409 522 2436 Vel
547 2409 665 2436 fortasse
689 2410 858 2444 unigenitum
889 2421 918 2439 se
937 2413 1014 2455 dicit,
1041 2411 1113 2447 quod
1139 2412 1215 2438 solus
1233 2411 1303 2446 patri
1319 2411 1441 2446 reliquus
1454 2417 1528 2439 esset
1542 2411 1604 2438 aliis
1618 2411 1777 2445 liberisjam

149 2460 270 2483 extremo
286 2457 347 2482 vitae
361 2455 405 2483 die
422 2455 582 2490 perfunctis.

184 2562 253 2590 una.
271 2562 315 2589 ιε.
345 2562 464 2596 Ὑμεῖς.
535 2562 709 2594 ἐπιϐούλως.
732 2563 850 2599 Τοιαύτη
878 2565 938 2599 μὲν,

152 2609 242 2644 φησιν,
264 2609 280 2642 ἡ
295 2607 342 2634 τοῦ
365 2607 468 2643 πατρὸς
491 2607 673 2643 καρποφορία.
694 2608 739 2633 Δεῖ
759 2607 787 2633 δὲ
804 2608 850 2634 καὶ
867 2608 938 2642 ὑμᾶς

153 2654 336 2690 καρποφορεῖν
355 2653 394 2688 τῷ
416 2652 476 2687 Θεῷ
496 2653 543 2678 καὶ
565 2653 631 2687 ἡμῖν
653 2652 702 2684 τὴν
719 2652 875 2679 εὐπείθειαν
893 2655 940 2679 καὶ

152 2704 180 2725 τὸ
196 2699 286 2730 καλῶς
308 2697 508 2732 ποιμαίνεσθαι.
532 2697 729 2732 Ποιμανθείητε
754 2697 776 2723 δ’
791 2696 823 2724 ἂν
840 2697 938 2729 καλῶς,

153 2747 191 2776 εἰς
211 2744 260 2780 μὲν
276 2745 326 2779 τὴν
348 2744 502 2779 πρακτικὴν
521 2743 630 2779 ἀρετὴν,
645 2743 740 2778 ὥσπερ
756 2743 796 2774 εἰς
817 2742 941 2778 μαλακήν

153 2799 211 2818 τινα
232 2791 279 2818 καὶ
299 2789 414 2825 χλοερὰν
433 2789 544 2816 πεδιάδα
564 2788 832 2823 καταπκηνούμενοι,
850 2789 896 2814 καὶ
910 2788 940 2814 τὸ

154 2836 202 2870 τῆς
219 2836 309 2871 ψυχῆς
327 2835 477 2866 πιαίνοντες
495 2835 649 2870 πρόσωπον.
665 2835 703 2869 Τῇ
726 2834 753 2860 δὲ
773 2833 872 2867 γνώσει
893 2834 939 2860 λαὶ

154 2884 186 2916 τῇ
202 2882 304 2917 θεωρίᾳ
324 2881 370 2907 καὶ
393 2880 431 2916 τῷ
454 2881 561 2915 ποτίμῳ
584 2881 638 2906 τῶν
661 2880 740 2906 θείων
761 2879 887 2914 Γραῳῶν,
902 2879 939 2910 ὼς

155 2927 229 2956 ὕδατι
245 2927 425 2959 ἀναπαύσεως
440 2927 645 2962 ὲκτρεφόμενοι.
661 2926 698 2954 Οὐ
719 2926 798 2961 μόνον
820 2926 858 2958 δὲ,
874 2925 940 2952 ἀλλὰ

1033 2555 1084 2582 Vos
1104 2560 1201 2588 autem,
1225 2560 1249 2582 el
1270 2554 1335 2586 Deo,
1363 2562 1386 2581 et
1414 2554 1498 2584 nobis.
1523 2554 1550 2580 id
1573 2554 1699 2586 muneris,
1723 2558 1777 2581 etc.

988 2603 1077 2637 Atque
1100 2602 1270 2636 hujusmodi,
1295 2603 1394 2637 inquit,
1412 2605 1454 2629 est
1476 2602 1563 2636 patris
1586 2602 1639 2628 ntei
1664 2602 1777 2628 oblatio.

990 2647 1074 2676 Vobis
1094 2653 1184 2675 autem
1205 2647 1360 2674 faciendum
1382 2648 1464 2675 etiant
1483 2652 1535 2679 est,
1553 2652 1582 2674 ut
1604 2647 1668 2680 Deo,
1683 2653 1708 2674 et
1730 2655 1780 2674 nn—

989 2695 1043 2726 bis.
1066 2694 1230 2722 obedientia:
1248 2702 1350 2721 munus
1372 2694 1504 2725 offeratis.
1533 2699 1661 2728 recteque
1684 2702 1780 2729 pasca-

991 2748 1062 2768 mus.
1078 2740 1106 2768 ld
1123 2748 1204 2775 porro
1223 2740 1443 2775 consequemini,
1460 2742 1483 2767 si
1504 2740 1530 2766 itt
1544 2747 1575 2765 ea
1595 2741 1702 2770 virtute.
1721 2747 1780 2773 qua!

994 2788 1021 2814 in
1045 2787 1153 2814 actione
1170 2791 1306 2817 versatur,
1330 2791 1460 2821 tanquam
1477 2787 1503 2813 in
1526 2786 1600 2812 molli
1619 2786 1736 2820 qundam
1753 2789 1780 2812 et

993 2834 1073 2860 viridi
1085 2842 1183 2868 campo
1196 2833 1336 2862 habitetis.
1349 2834 1522 2867 animamque.
1536 2833 1678 2868 saginetis.
1691 2831 1781 2859 Scien-

993 2879 1031 2905 tia
1045 2883 1136 2905 atttettt
1152 2883 1179 2905 et
1194 2879 1381 2913 speculatione
1400 2885 1432 2904 ac
1448 2877 1605 2904 divinarunt
1622 2876 1780 2912 Scriptura-

995 2932 1056 2952 rum
1085 2924 1212 2952 dulcibus
1234 2923 1345 2952 ﬂuentis
1370 2928 1500 2954 tanquam
1526 2931 1596 2958 aqua
1624 2922 1782 2951 refectioni!
