2022 3134
234 174 288 202 967

862 170 1013 198 NICETAS
1031 168 1231 197 SERIXONIL'S

1813 162 1864 189 968

234 233 402 265 educentini,
430 236 558 267 recteque
581 235 719 267 pastorem
747 231 923 266 mgnoseatis
943 231 990 264 (tte
1012 237 1028 256 a

1092 230 1126 255 ιαὶ
1145 231 1190 255 τὸν
1203 228 1320 264 ποιμένα
1335 227 1426 257 καλῶς
1445 225 1636 260 γινώσκοντες,
1657 223 1726 249 ὥστε
1745 222 1783 256 μὴ
1797 222 1866 248 ἀπα-

239 279 317 307 l'alsis
331 279 471 314 magistris
495 277 684 312 decipiamini,
704 281 786 311 atque
807 276 834 303 in
855 276 930 311 ipsos
950 275 1028 310 quasi

240 327 267 352 in
289 330 412 360 pastores
435 324 575 355 incidatis,
595 331 656 350 cuttt
682 323 757 350 fures
776 322 832 350 sint
851 326 879 349 et
897 321 1029 354 latrones)

240 376 322 407 atque
345 379 360 398 a
385 377 498 406 pastore
521 368 739 404 cognoscamini,
766 375 821 395 non
846 367 1030 394 admiscentes

240 418 346 445 scilicet
358 426 406 445 vos
421 416 520 444 alienis
536 415 666 451 gregibus
682 415 755 450 (qua
770 421 814 441 res
830 413 1030 448 ignorationem

240 468 268 491 et
281 470 402 491 erroretn
419 462 577 497 pastoribus
597 460 688 496 parit),
703 467 797 487 verum
816 459 893 493 sigtta
909 463 937 485 et
953 462 1032 485 notas

240 507 470 535 circumferentes
487 514 555 541 quas
572 513 654 533 verus
673 510 768 540 pastor
786 505 866 532 vobis
885 504 979 538 injecit
993 508 1033 530 at-

243 562 298 589 que
318 553 468 588 impressit.
492 553 530 579 Ex
553 552 701 587 Evangelio
721 556 811 579 autem
841 551 897 578 haec
925 557 1034 585 quoque

242 599 450 635 paraphrastice
468 599 621 625 transtulit.
642 597 777 633 Cognosce
803 597 873 624 enim
894 604 975 628 meas,
993 596 1034 623 in-

242 646 302 679 quit
323 645 450 672 Christus
464 645 496 676 “‘,
519 650 543 671 et
561 652 705 678 cognoscor
719 652 735 670 ιι
758 645 822 670 meis
843 650 852 669 :
871 650 919 677 per
941 642 1035 677 cogni-

245 690 347 717 tionem
366 689 483 716 fortasse
497 689 654 716 aﬂinitatem
668 688 936 716 etnecessitudinem
955 688 1034 714 intel-

245 737 345 769 ligens,
368 735 447 770 quasi
473 735 601 762 diceret:
627 734 684 770 Ego
707 734 912 762 necessitudine
934 733 1036 768 jungar

245 781 344 808 ovibus
364 782 443 812 meis.
464 784 492 808 et
515 781 582 815 ipsae
605 780 672 807 mihi
692 780 851 815 jungentur.
877 779 1034 814 Sequamini

243 831 388 853 vocantem
404 825 577 860 pastoraliter
592 828 618 852 et
636 824 730 855 libere,
748 823 775 850 id
789 828 842 855 est,
855 823 926 850 citra
943 823 1035 849 fucum

241 876 272 899 et
295 876 408 907 aperte,
440 878 471 898 ac
490 878 541 905 pro
562 875 712 905 potestate,
736 873 767 897 ut
788 874 926 904 pastorem
948 868 1036 896 deet-t.

245 918 297 946 Per
321 919 422 945 ostium
440 922 543 947 autent,
561 918 586 944 id
606 921 660 949 est,
685 925 733 952 per
749 917 913 943 catholicam
932 915 1020 942 dectri
1052 909 1075 939 Β

245 973 321 996 nam,
350 973 410 1000 qua
435 965 562 992 ﬁdelibus
585 964 714 991 omnibus
737 967 832 999 aperta
855 967 907 994 est,
935 969 967 989 ac
991 969 1038 996 per

246 1012 332 1046 ipsam
352 1010 536 1046 Scripturant,
555 1019 604 1045 per
627 1018 708 1047 quam
729 1010 763 1037 ad
787 1009 867 1037 fidem
886 1008 1039 1036 introduci-

247 1067 309 1087 IMII‘
324 1068 331 1086 :
350 1059 391 1085 vel
409 1058 491 1086 etiam
507 1065 557 1093 per
568 1057 723 1088 Christum,
737 1057 786 1092 qui
801 1056 870 1084 dixit
883 1065 891 1083 :
906 1055 962 1090 Ego
980 1063 1039 1082 sunt

246 1104 390 1130 ouium".
415 1103 543 1130 Alienum
573 1107 664 1130 autem
689 1106 717 1130 et
741 1103 901 1130 mendacem
927 1102 1040 1129 minime

247 1147 412 1183 sequamini,
437 1147 485 1182 qui
514 1155 568 1174 ttott
592 1154 641 1182 per
664 1147 802 1182 Evangelii
827 1148 896 1174 viam
925 1147 1040 1178 incedit,

247 1202 298 1222 nec
324 1201 373 1228 per
394 1195 515 1225 ostium,
544 1194 596 1220 hoc
622 1198 680 1225 est,
707 1193 849 1220 Christum
876 1193 1039 1228 ingreditur,

249 1241 296 1268 sed
314 1240 472 1276 praedonum
494 1247 570 1267 more
585 1247 633 1274 per
653 1239 762 1266 caulam
778 1239 898 1274 prosilit.
915 1238 1041 1274 Praeceps

247 1287 321 1314 enitn
344 1291 370 1314 et
386 1287 524 1314 violentus
538 1292 581 1314 est
597 1283 789 1314 haereticorum
813 1286 936 1313 omniuttt
959 1286 1042 1321 impe-

248 1338 306 1364 tus,
327 1341 388 1364 nec.
413 1337 442 1359 ut
466 1332 619 1367 disciplinae
645 1333 717 1359 ratio
733 1333 867 1367 postulat,
884 1340 932 1367 per
954 1332 1043 1367 legiti-

249 1387 324 1406 munt
345 1381 446 1406 ostium
464 1379 497 1406 ad
525 1379 604 1406 fidem
621 1384 648 1406 et
668 1378 818 1406 Ecclesium
837 1378 1041 1413 ingrediuntur.

286 1425 343 1452 Nec
359 1431 496 1452 externam
513 1433 599 1452 vocem
625 1425 754 1456 audiatis,
778 1424 966 1458 stt/furantem.
988 1427 1041 1450 etc.

250 1471 324 1499 Dixit
341 1472 468 1499 Christus
487 1471 514 1498 itt
531 1471 677 1506 Evangelia
693 1480 700 1498 :
727 1470 793 1498 Oves
811 1478 875 1497 mea
894 1471 1042 1497 alienarunt

226 1528 230 1537 -
249 1526 336 1544 uocem
351 1526 403 1544 non
421 1522 518 1544 norunt
533 1517 566 1543 ".
584 1516 644 1544 Illic
664 1516 747 1551 igitur
761 1520 904 1544 ntutuatus
923 1515 1044 1543 Theolo-

251 1572 313 1599 gns.
341 1566 392 1592 hoc
414 1564 475 1592 loco
490 1565 539 1597 ait,
556 1571 607 1591 nec
626 1568 768 1591 externam
784 1572 880 1592 vocem
901 1564 1019 1591 audiatis
1034 1572 1041 1590 :

248 1594 322 1645 quae.
335 1610 444 1645 quidem
472 1594 581 1637 furatur
604 1614 630 1636 et
654 1609 767 1645 decipit,
794 1615 877 1646 atque
893 1611 927 1637 ab
943 1618 996 1638 una
1019 1594 1079 1638 etc

252 1656 365 1683 uniente
387 1657 502 1683 veritate
527 1655 556 1682 in
579 1655 705 1683 diversas
729 1657 875 1691 opiniones
899 1657 1043 1691 dispergit.

251 1710 313 1737 qua:
327 1702 436 1736 quidem
456 1702 491 1728 ob
519 1702 699 1729 acclivitatem
726 1707 834 1730 montes
858 1703 1046 1738 metaphorice

249 1748 394 1779 dicuntur.
428 1749 464 1775 ob
486 1749 658 1776 sterilitatem
683 1752 773 1776 autent
806 1749 980 1780 solitudines,
1010 1749 1046 1776 ob

251 1792 401 1826 praecipitia
415 1797 504 1819 autent
524 1793 664 1820 barathra.
684 1793 750 1820 Illud
769 1801 842 1826 vero,
858 1793 956 1825 Locos,
976 1802 1045 1829 quos

251 1846 308 1864 non
329 1838 423 1865 visitat
439 1838 584 1872 Dominus,
600 1839 692 1866 omnia
713 1847 774 1874 qua:
789 1840 862 1868 dicta
877 1845 943 1867 sunt
958 1840 1046 1876 expli-

251 1888 307 1910 cat.
328 1884 377 1910 llic
393 1890 483 1911 autem
501 1885 577 1912 loctts
594 1885 710 1913 ltabetur
737 1885 764 1913 in
788 1885 944 1913 Proverbiis
968 1886 1046 1913 Salo-

252 1930 343 1956 monis
359 1939 365 1956 :
385 1930 436 1963 Qui
450 1931 519 1956 enim
533 1931 638 1957 oberrat
653 1932 680 1958 in
704 1932 798 1965 portis,
818 1932 999 1958 demorabitur
1017 1933 1045 1958 in

252 1975 329 2005 locis.
345 1983 410 2010 quo:
424 1984 475 2002 non
493 1976 581 2002 visitat
594 1975 732 2004 mEternul.
747 1976 807 2003 Jam
820 1977 977 2011 hujusmodi
993 1986 1044 2004 vox

255 2021 445 2048 hmreticorum
463 2023 590 2049 homines
615 2030 630 2049 a
650 2030 714 2050 sana
734 2023 859 2050 doctrina
879 2027 906 2050 et
920 2023 972 2051 ﬁde
996 2024 1045 2051 ab-

254 2068 342 2098 ducit,
355 2076 416 2102 qua:
431 2071 474 2095 est
498 2069 526 2095 in
547 2073 671 2095 sanctam
688 2068 851 2096 Trinitatem
869 2079 876 2096 :
895 2078 977 2105 quant
995 2078 1044 2097 vo-

253 2120 315 2140 cem
333 2121 407 2140 sanae
431 2114 565 2141 doctrina:
584 2122 649 2142 oves
666 2123 733 2142 meae
756 2123 867 2151 semper
888 2117 1044 2146 audierunt.

255 2163 338 2192 atque
354 2159 457 2185 utinam
470 2160 596 2186 audiant.
619 2159 794 2194 Deprwdatur
809 2161 872 2188 item
892 2169 941 2188 vox
958 2161 1044 2188 haue-

255 2206 320 2235 «ιω.
342 2203 369 2231 id
381 2211 434 2236 est,
449 2206 522 2232 velut
544 2205 631 2240 spolia
646 2206 750 2241 diripit,
766 2214 799 2234 ac
813 2215 860 2241 per
875 2207 1045 2235 adulterinos

1080 275 1176 301 τᾶσυαι
1194 273 1269 309 παρὰ
1301 273 1354 300 τῶν
1387 271 1646 307 ψευδοδιδασκάλων,
1671 268 1737 304 μηδὲ
1758 268 1868 302 περιπί-

1081 329 1159 347 πτειν
1179 319 1327 352 αὑτοῖς,ὼς
1340 319 1460 354 ποιμέσι,
1475 319 1604 349 κλέπταις
1620 315 1679 344 οὖσι
1693 317 1739 343 καὶ
1746 316 1867 351 λῃσταῖς.

1082 367 1137 394 Καὶ
1150 367 1344 401 γινωσκόμενοι
1359 363 1437 397 αὖθις
1449 365 1501 391 ὑπὸ
1514 365 1560 391 τοῦ
1576 364 1714 399 ποιμένος,
1731 362 1768 399 μὴ
1781 369 1869 396 παρα-

1084 413 1226 448 μιγνύντες
1236 412 1357 448 δηλονότι
1365 413 1477 444 ἑαυτοὺς
1484 413 1539 443 τοῖς
1547 410 1870 446 ἀλλοτρίοιςθρεμμασιν.

1083 459 1112 492 ἐξ
1130 456 1167 485 ὧν
1179 460 1196 494 ἡ
1212 459 1307 492 ἄγνοια
1320 459 1376 488 τοῖς
1395 458 1506 493 ποιμέσι
1523 457 1638 491 γίνεται.
1661 456 1742 482 Ἀλλά
1762 456 1796 482 τὰ
1809 455 1872 481 ἐπί-

1085 514 1159 540 σημα
1174 505 1302 540 φέροντες
1313 504 1434 535 καὶτοὺς
1449 503 1637 539 χαρακτῆρας,
1652 501 1698 533 οὓς
1715 503 1729 528 6
1746 501 1873 536 ἀληθινὸς

1084 552 1186 587 ποιμὴν
1209 551 1273 586 ὑμῖν
1296 550 1462 585 ὲπιόέὸληκε
1479 550 1526 576 καὶ
1546 548 1727 576 ὲνετὺπωσεν.
1755 548 1803 574 Ἐκ
1825 546 1873 574 τοῦ

1086 597 1254 632 Εὑαγγελίου
1266 596 1295 623 δὲ
1315 596 1361 623 καὶ
1375 587 1718 631 ταῦτακπαραπέφρασται.
1731 593 1875 620 Γινώσκω

1085 643 1152 678 γὰρ,
1178 643 1260 678 φησιν
1284 643 1299 668 6
1321 642 1453 678 Χριστὸς,
1481 642 1517 669 τὰ
1535 642 1600 676 ἐμὰ,
1621 642 1669 668 καὶ
1694 641 1876 675 γινώσκομαι

1086 690 1144 716 ὑπὸ
1161 689 1219 716 τῶν
1231 688 1318 724 ἐμῶν.
1346 689 1448 715 Γνῶσιν
1464 688 1528 720 ῐσως
1545 688 1642 722 λέγων,
1663 687 1712 723 τὴν
1726 687 1875 720 οίκείωσιν,

1086 736 1208 762 τουτέστι
1218 734 1415 771 προσοικειωθή
1420 742 1501 769 σομαι
1509 735 1564 766 τοῖς
1570 732 1717 768 προὸάτοις
1723 734 1779 763 τοῖς
1787 732 1875 766 ἐμοῖς,

1087 782 1133 808 καὶ
1147 782 1215 809 αὐτὰ
1233 782 1294 817 ἐμοὶ
1309 781 1543 817 οὶκειωθήσονται.
1565 780 1710 814 Ἐπόμενοι
1724 779 1753 805 δὲ
1771 779 1819 806 καὶ
1837 778 1878 814 τῷ

1087 828 1215 855 καλοῦντι
1233 828 1400 863 ποιμενικῶς
1415 827 1462 853 καὶ
1478 826 1647 862 ἐλευθερίως,
1663 825 1803 852 τουτέστιν
1815 825 1877 851 ἀδό-

1088 874 1142 906 λως
1157 875 1204 900 καὶ
1220 874 1347 909 φανερῶς
1361 874 1407 900 καὶ
1423 873 1635 906 ἐξουσιαστικῶς
1649 872 1696 900 καὶ
1713 873 1751 903 ὼς
1773 871 1878 898 ἐλευθέ-

1090 929 1147 955 ροις
1166 920 1282 955 πρέπον.
1300 920 1349 946 Διὰ
1363 920 1413 954 τῆς
1431 919 1518 955 θύρας
1535 919 1580 952 δὲ,
1596 919 1679 954 ἤγουν
1703 918 1747 945 διὰ
1760 918 1816 944 τῶν
1829 926 1878 944 κα-

1089 965 1203 992 θολικῶν
1211 965 1420 1001 δογμάτων,τῶν
1429 965 1513 991 ἆπασι
1521 962 1625 996 πιστοῖς
1632 964 1877 999 ἀναπεπταμένων,

1090 1012 1136 1038 καὶ
1149 1011 1182 1038 δι’
1191 1011 1275 1046 αὐτῆς
1283 1012 1332 1047 τῆς
1346 1011 1467 1047 Γραφῆς,
1478 1011 1510 1037 δι’
1521 1009 1554 1046 ἦς
1567 1010 1660 1046 εἰςτὴν
1668 1010 1758 1036 πίστιν
1770 1010 1878 1044 εἰσαγό-

1091 1057 1171 1093 μεθα.
1189 1057 1222 1083 Ἦ
1242 1058 1289 1084 καὶ
1311 1057 1354 1084 διὰ
1370 1057 1417 1083 τοῦ
1432 1056 1550 1093 Χριστοῦ
1571 1056 1619 1084 τοῦ
1638 1057 1779 1088 εἰπόντος-
1807 1055 1880 1092 Ἐγώ

1089 1105 1146 1138 εἰμι
1159 1104 1177 1136 ἡ
1187 1104 1270 1137 θύρα.
1293 1103 1436 1138 ’Λλλοτρίῳ
1450 1103 1479 1129 δὲ
1494 1103 1541 1130 καὶ
1552 1102 1745 1138 ψευδοποιμένι
1765 1103 1803 1138 μὴ
1815 1104 1879 1130 ἀκο-

1090 1149 1259 1182 λουθοῦντες,
1283 1150 1357 1181 ὅστις
1380 1150 1411 1183 ού
1429 1150 1472 1176 διὰ
1488 1150 1538 1185 τῆς
1558 1149 1605 1176 τοῦ
1631 1150 1801 1184 Εὑαγγελίου
1820 1149 1880 1177 ὁδοῦ

1092 1195 1247 1231 πορεύεται,
1270 1195 1331 1222 οὐδὲ
1344 1195 1389 1222 διὰ
1402 1195 1451 1231 τῆς
1472 1195 1556 1231 θύρας
1575 1195 1693 1231 Χριστοῦ
1711 1196 1881 1231 εἰσέρχεται,

1091 1241 1158 1268 ἀλλὰ
1176 1240 1330 1278 λῃστρικῶς
1351 1241 1395 1268 διὰ
1422 1241 1507 1277 αὐλῆς
1532 1242 1686 1278 ὑπερπηδᾷ.
1711 1242 1804 1268 Βίαιον
1827 1241 1882 1277 γὰρ

1093 1287 1166 1313 ἆπαν
1180 1287 1236 1313 τῶν
1251 1286 1413 1322 ἑτεροδόξων
1425 1287 1455 1314 τὸ
1469 1288 1593 1323 ὅρμημα,
1608 1288 1656 1315 καὶ
1669 1289 1699 1315 οὐ
1719 1288 1791 1315 κατὰ
1805 1287 1883 1320 τάξιν

1092 1332 1137 1358 διὰ
1157 1332 1207 1367 τῆς
1227 1333 1344 1368 νομίμου
1366 1332 1451 1368 θύρας
1467 1334 1484 1369 ἡ
1507 1333 1575 1368 πρὸς
1590 1333 1640 1370 τὴν
1657 1333 1748 1360 πίστιν
1765 1334 1813 1360 καὶ
1833 1334 1884 1370 τὴν

1098 1379 1261 1415 Ἐκκλησίαν
1274 1380 1386 1412 εἴσοδος,

1127 1426 1188 1453 Col.
1212 1426 1261 1453 401
1285 1426 1307 1453 Α
1324 1427 1350 1454 1.
1374 1426 1459 1462 Μηδὲ
1484 1427 1712 1462 ξένης...ὐμήν.
1737 1428 1855 1464 Εῐρηκεν
1870 1429 1885 1455 6

1093 1471 1210 1507 Χριστὸς
1225 1472 1254 1499 ὲν
1267 1471 1306 1507 τῷ
1330 1473 1500 1508 Εὑαγγελίῳ,
1516 1474 1557 1500 ὅτι
1578 1474 1615 1500 Τὰ
1631 1475 1764 1508 ,πρόϐατα
1778 1475 1815 1500 τὰ
1829 1474 1885 1509 ἐμὰ

1093 1519 1149 1544 οὐκ
1164 1518 1262 1545 οἴδασι
1274 1518 1334 1545 τῶν
1354 1519 1520 1553 ἀλλοτρίων
1544 1519 1600 1554 τὴν
1622 1520 1737 1554 φωνήν.
1766 1521 1886 1548 Ἐκεῖθεν

1094 1561 1140 1591 οὖν
1155 1564 1244 1591 λαϐὼν
1261 1566 1277 1591 6
1292 1565 1421 1599 Θεολόγος
1438 1566 1520 1600 φησὶν
1542 1566 1669 1600 ἐνταῦθα,
1689 1567 1731 1593 ὅτι
1745 1567 1821 1602 Μηδὲ
1836 1567 1886 1602 τῆς

1097 1610 1175 1645 ξένης
1195 1611 1288 1646 φωνῆς
1313 1613 1436 1644 ἀκούετε,
1451 1613 1512 1647 ἥτις
1537 1613 1703 1640 ὑποκλέπτει
1723 1614 1771 1640 καὶ
1793 1614 1886 1649 ἀπατᾷ

1096 1657 1142 1682 καὶ
1155 1655 1339 1692 διασκορπίζει
1356 1657 1409 1684 ἀπὸ
1422 1657 1470 1693 τῆς
1486 1659 1550 1693 μιᾶς
1561 1659 1608 1685 καὶ
1623 1659 1745 1685 ἐνοποιοῦ
1757 1659 1888 1694 ἀληθείας

1095 1703 1135 1734 εἰς
1146 1702 1290 1738 διαφόρους
1298 1703 1377 1736 δόξας
1387 1712 1393 1718 ·
1406 1705 1506 1735 αἳτινες
1520 1704 1592 1737 δόξαι
1599 1704 1642 1731 διὰ
1658 1706 1706 1741 μὲν
1719 1706 1749 1732 τὸ
1761 1707 1887 1739 ἄναντες,

1095 1749 1146 1783 ὃρη
1160 1748 1282 1783 λέγονται
1298 1750 1450 1785 τροπικῶς·
1465 1750 1508 1777 διὰ
1524 1751 1551 1776 δὲ
1567 1752 1597 1777 το
1606 1751 1742 1786 ἄκαρπον,
1753 1752 1868 1788 ὲρημίαι
1878 1761 1886 1769 ·

1095 1794 1139 1820 διὰ
1157 1794 1184 1820 δὲ
1210 1794 1239 1821 τὸ
1263 1795 1431 1830 κρημνῶδες,
1451 1796 1585 1832 βάραθρα,
1599 1797 1635 1824 Τὸ
1651 1798 1688 1830 δὲ,
1706 1799 1761 1825 Καὶ
1775 1800 1886 1832 τόπους,

1095 1839 1142 1872 οὓς
1156 1843 1206 1867 οὐκ
1219 1842 1364 1867 ἐπισκοπεῖ
1377 1841 1488 1877 Κύριος,
1500 1843 1554 1868 τῶν
1569 1843 1705 1878 ῥηθέντων
1714 1846 1887 1880 ὲφερμηνευ-

1095 1887 1170 1913 τικόν
1185 1888 1267 1913 ἐστιν.
1283 1887 1417 1922 Εἴληπται
1432 1888 1461 1914 δὲ
1480 1887 1511 1914 τὸ
1535 1889 1616 1924 ῥητὸν
1636 1890 1690 1917 ἀπὸ
1709 1891 1762 1917 τῶν
1786 1892 1887 1927 Παροι-

1098 1933 1166 1968 μιῶν
1191 1933 1371 1968 Σολομῶντος.
1404 1934 1437 1960 ’0
1466 1934 1661 1970 πλανώμενος
1686 1936 1759 1971 γὰρ,
1789 1939 1888 1974 φησιν,

1095 1979 1130 2006 ἑν
1148 1981 1268 2012 πύλαις,
1282 1981 1501 2013 αὑλισθήσεται
1512 1981 1546 2008 ἐν
1562 1982 1675 2016 τόποις,
1695 1982 1739 2016 οἷς
1753 1985 1810 2011 οὐκ
1826 1985 1888 2011 ἐπι-

1095 2026 1250 2052 mem-reita!
1270 2028 1286 2052 ό
1312 2026 1443 2060 Αῐώνιος.
1465 2027 1497 2053 Ἦ
1517 2028 1628 2064 τοιαύτη
1651 2029 1705 2056 τῶν
1727 2030 1889 2066 ἑτεροδόξων

1096 2071 1181 2107 φωνὴ,
1207 2072 1308 2106 ἀπάγει
1326 2073 1374 2107 μὲν
1388 2073 1442 2100 ἀπὸ
1459 2075 1509 2108 τῆς
1527 2074 1620 2108 ὑγιοῦς
1641 2067 1769 2108 πίστεως.
1785 2077 1835 2112 τῆς
1849 2079 1887 2109 εἰς

1095 2117 1144 2151 τὴν
1157 2117 1237 2151 ἁγίαν
1250 2117 1362 2151 Τριάδα,
1378 2115 1412 2154 ἧς
1433 2118 1549 2153 ἤκουσεν
1567 2120 1610 2146 ἀεὶ
1636 2121 1737 2157 φωνῆς,
1753 2122 1804 2157 τῆς
1825 2123 1889 2158 ’περὶ¹

1095 2161 1144 2195 τῆς
1158 2162 1251 2195 ὑγιοῦς
1269 2162 1367 2198 δηλαδὴ
1383 2164 1511 2196 πίστεως,
1527 2165 1561 2191 τὰ
1574 2165 1628 2200 ἐμὰ
1641 2166 1890 2202 πρόὸατα.Γένοιτο

1094 2206 1181 2233 δὲκαὶ
1199 2207 1318 2234 ἀκούειν.
1342 2208 1498 2243 Συλαγωγεῖ
1519 2210 1557 2245 (1)
1581 2211 1609 2237 δὲ
1630 2212 1646 2247 ἡ
1666 2212 1721 2238 τῶν
1741 2214 1889 2249 αίρετικῶν

254 2253 283 2276 et
297 2249 436 2284 improbos
462 2257 615 2284 sermones,
631 2259 680 2279 eos
695 2252 741 2286 qui
761 2252 944 2287 simpliciores
968 2259 1042 2286 sunt,

1098 2253 1182 2288 φωνὴ,
1199 2254 1338 2281 τουτέστιν
1361 2255 1398 2288 ὼς
1414 2255 1521 2291 λάφυρα
1545 2256 1688 2293 διαρπάζει
1714 2259 1761 2286 καὶ
1786 2260 1890 2295 ἀπάγει

255 2303 271 2322 a
287 2294 399 2323 Christo
418 2297 517 2324 avertit
538 2301 565 2324 et
583 2303 702 2332 separat,
725 2299 771 2333 qui
793 2307 873 2326 verus
890 2303 918 2327 et
939 2300 1042 2335 primus

1097 2299 1160 2332 τοὺς
1177 2300 1387 2336 ἁπλουστέρους,
1419 2301 1507 2336 λόγοις
1535 2305 1709 2340 παρασήμοις
1733 2305 1782 2332 καὶ
1798 2306 1890 2333 ἀδοκί-

255 2345 299 2368 est
322 2345 436 2376 pastor:
462 2343 569 2378 primus
587 2344 709 2379 quident,
734 2345 798 2380 quia
824 2346 879 2372 dux
903 2351 930 2374 et
953 2353 1050 2373 auctor

257 2387 319 2414 ﬁdei
336 2393 438 2416 nostra:
452 2388 544 2416 dictus
558 2394 602 2416 est
614 2389 647 2421 ",
675 2390 880 2425 perfectamque
896 2392 1048 2420 doctrinam

257 2434 417 2468 auspicatus
431 2439 493 2462 est:
513 2443 596 2463 verus
618 2440 720 2467 autent,
734 2437 770 2463 ob
788 2438 1049 2466 excellentissimam

258 2480 468 2514 perfectionem.
485 2481 574 2516 Atque
587 2490 619 2509 ex
635 2483 766 2518 Apostolo
782 2484 839 2511 haec
852 2492 964 2520 quoque
978 2493 1052 2512 sum-

260 2532 305 2560 pta
325 2523 399 2554 sunt.
419 2527 522 2555 Scribit
539 2529 611 2556 enim
633 2529 665 2555 ad
682 2530 883 2558 Colossenses:
904 2531 995 2559 Videte
1019 2540 1050 2558 ne

257 2573 317 2606 quis
330 2581 374 2600 vos
385 2574 548 2607 denm-detur
562 2583 607 2608 per
621 2577 827 2610 pltilusoplmm.
840 2583 864 2605 et
878 2578 983 2605 inanem
998 2578 1051 2612 [al—

258 2617 356 2644 laciam
365 2619 399 2645 ‘°.
410 2619 555 2646 Externum
565 2621 647 2655 igitur
656 2621 855 2657 philosophiam
865 2628 976 2651 sanctus
986 2623 1052 2650 l’an-

259 2664 423 2692 lusinaneut
440 2665 576 2692 fallaciam
592 2668 745 2694 nominavit
759 2677 766 2695 :
781 2667 936 2704 Theologns
948 2675 1049 2701 autem,

261 2718 402 2739 sermones
426 2712 597 2740 adulterinos
620 2718 647 2740 et
673 2718 829 2748 corruptos.
863 2714 961 2742 Postea
986 2721 1048 2742 voto

260 2756 412 2783 orationem
427 2758 578 2784 concludit.
599 2758 680 2794 Optat
693 2759 765 2786 cnint
783 2765 811 2786 ut
829 2765 952 2795 pastmes
967 2765 1048 2795 atque

1099 2354 1160 2380 μοις
1179 2346 1309 2376 (τοιοῦτον
1329 2347 1383 2382 γὰρ
1410 2348 1440 2374 τὸ
1464 2348 1619 2384 κίϐδηλον),
1644 2351 1691 2377 καὶ
1705 2351 1819 2387 χωρίζει
1837 2353 1891 2379 ἀπὸ

1098 2392 1216 2427 Χριστοῦ
1230 2393 1277 2419 τοῦ
1294 2393 1421 2428 ἀληθινοῦ
1432 2395 1479 2421 καὶ
1494 2395 1603 2431 πρώτου
1618 2397 1760 2433 ποιμένος·
1781 2398 1891 2434 πρῶτον

1100 2439 1160 2474 μὲν,
1176 2439 1217 2465 ὅτι
1235 2439 1317 2471 αὐτὸς
1336 2440 1456 2475 ἀρχηγὸς
1476 2441 1526 2476 τῆς
1546 2442 1663 2474 πίστεως
1682 2443 1747 2478 ἡμῖν
1765 2444 1892 2480 ἐχρημά-

1099 2494 1156 2512 τισε
1168 2486 1214 2512 καὶ
1231 2486 1280 2521 τῆς
1297 2486 1404 2518 τελείας
1423 2487 1541 2522 κατῆρξε
1555 2488 1744 2521 διδασκαλίας·
1761 2489 1893 2526 ἀληθινοῦ

1097 2530 1136 2562 δὲ,
1151 2531 1194 2557 διὰ
1209 2532 1238 2558 τὺ
1246 2532 1347 2567 κυρίως
1357 2533 1403 2559 καὶ
1417 2533 1477 2559 καθ’
1488 2534 1635 2570 ὑπεροχήν.
1652 2535 1734 2562 Ἐκδὲ
1747 2535 1793 2562 τοῦ
1813 2537 1892 2563 Ἀπο-

1100 2577 1194 2603 στὸλου
1211 2577 1258 2603 καὶ
1275 2577 1363 2604 ταῦτα
1378 2578 1493 2614 ἐλήφθη.
1508 2579 1612 2615 Γράφει
1625 2579 1680 2616 γὰρ
1695 2581 1890 2609 Κολοσσαεῦσι·

1100 2622 1239 2655 Βλέπετε,
1249 2623 1339 2657 μήτις
1351 2623 1427 2658 ὑμᾶς
1440 2624 1526 2651 ἕσται
1542 2627 1559 2652 ό
1572 2626 1756 2660 συλαγωγῶν
1771 2627 1821 2654 διὰ
1838 2628 1893 2662 τῆς

1099 2669 1282 2703 φιλοσοφίας
1293 2669 1342 2696 καὶ
1351 2670 1443 2704 κενῆς
1449 2670 1577 2705 ἀπάτης.
1589 2672 1645 2707 Τὴν
1659 2672 1711 2705 ἐξω
1719 2670 1766 2699 οὖν
1786 2673 1894 2707 φιλοσο-

1103 2716 1166 2749 φίαν
1182 2717 1196 2742 6
1212 2716 1260 2750 μὲν
1289 2716 1366 2750 ἅγιος
1393 2716 1498 2749 Παῦλος
1513 2718 1593 2753 κενὴν
1615 2719 1722 2754 ἀπάτην
1737 2719 1892 2754 ὠνόμασεν·

1101 2762 1115 2787 ὁ
1139 2762 1169 2788 δὲ
1185 2762 1323 2797 Θεολόγος,
1338 2763 1433 2798 λόγους
1448 2765 1748 2801 παρακεχαραγμένους
1769 2767 1816 2792 καὶ
1837 2766 1894 2793 διε-

299 2828 411 2856 ¹⁶ι1οιιιι.
433 2838 464 2862 Χ,
482 2831 524 2858 Μ.
565 2831 584 2847 ’⁷
603 2832 669 2859 ibid.
695 2833 720 2858 7.
760 2833 781 2848 "
798 2833 864 2860 ibid.
950 2835 969 2851 "
988 2835 1042 2862 Hel;

1092 2843 1134 2869 tn,
1147 2836 1173 2863 2.
1214 2837 1236 2852 “
1253 2838 1312 2865 Col.
1327 2846 1356 2870 ιι,
1370 2838 1397 2866 8.

297 2884 381 2933 (.I\_Et
394 2886 436 2914 hic
452 2891 476 2914 et
501 2887 581 2922 paulo
597 2887 711 2916 inferius
737 2889 762 2916 in
787 2890 846 2917 loco
863 2890 976 2918 Paulino
1009 2893 1226 2929 suprascriptum
1257 2895 1392 2930 reperitur
1423 2896 1518 2932 prima:
1544 2897 1653 2933 syllabae
1677 2897 1795 2926 alterum
1825 2900 1840 2926 λ
1867 2900 1895 2929 ξι.

261 2922 324 2947 cod.
342 2927 368 2947 ι.
