2022 3134
137 141 185 170 (δϐθ

716 140 761 168 AD
780 139 810 167 S.
822 137 990 167 (:REGORII
1008 137 1113 166 ORAT.
1133 138 1178 166 XI.

1706 139 1758 166 970

139 197 318 234 φθαρμινους.
331 195 397 225 lii-ta
411 198 459 225 tta).
474 198 513 230 εἰς
524 198 605 234 εὐχὴν
613 197 766 225 κατακλείει
776 197 819 224 τὸν
833 197 920 231 λόγον.

986 205 1040 225 wes
1067 198 1101 225 ab
1120 197 1275 232 huiusmodi
1299 197 1394 225 alienis
1406 198 1578 233 dogmatibus
1592 202 1720 233 tanquam
1743 206 1758 225 a

139 244 252 280 Εὕχεται
283 245 337 280 γὰρ
361 244 417 271 τῶν
447 244 576 271 τοιούτων
602 245 758 279 ἀλλοφύλων
783 243 926 278 δογμάτων

139 293 231 328 πόρρω
239 291 413 326 γενομένους,
427 291 474 319 καὶ
489 292 622 327 ποιμένας
629 291 676 317 καὶ
689 291 824 325 ποίμνιον,
833 290 926 325 ὥσπερ

138 338 208 369 τινος
220 337 422 373 φαρμακώδους
438 337 552 373 βοτάνης
568 338 616 364 καὶ
633 337 746 364 θάνατον
761 336 926 371 ἐπαιγούσης,

139 384 168 410 ἓν
192 383 263 410 εἶναι
282 384 385 415 πάντας
401 385 447 411 καὶ
465 383 630 420 νεμομένους
650 384 697 410 καὶ
711 383 851 418 νέμοντας.
872 382 927 408 Καὶ

142 430 208 465 μήτε
228 429 276 457 νῦν
306 429 509 464 διαζευχθῆναι,
527 430 596 465 μήτε
619 430 648 455 ὲν
667 430 701 464 τῇ
723 428 857 463 μελλούσῃ
871 426 926 462 ζωῇ

140 476 186 501 καὶ
200 475 363 502 ἀναπαύσει.
376 474 461 502 Τοῦτο
478 475 506 502 δὲ
531 476 563 502 ὲκ
576 475 623 502 τοῦ
638 474 804 508 Εὐαγγελίου
820 473 924 500 ἕλαὸεν.

141 520 239 555 Εἴρηκε
251 519 305 555 γὰρ
319 521 333 547 ὁ
343 521 459 555 Χριστὸς
472 521 538 556 πρὸς
554 521 598 547 τὸν
612 521 721 555 Πατέρα
732 519 858 555 περὶτῶν
876 515 929 554 μα-

141 564 229 601 θητῶν
240 575 246 581 -
269 565 405 600 Τήρησον
423 566 534 598 αὐτοὺς
555 566 589 593 ἐν
602 565 643 598 τῷ
657 566 780 600 ὀνόματί
790 573 860 597 σου,
878 565 928 591 ἵνα

140 608 215 637 ὦσιν
237 610 283 637 ἓν.

435 752 507 779 ΤΟΥ
523 752 639 778 ΑΥΤΟΥ

180 798 338 833 Ἓρμηνεία
350 799 393 831 εἰς
405 797 492 830 τὸνβ¹
506 798 544 834 (1)
558 798 651 832 λόγον
663 796 717 824 τοῦ
729 798 889 832 θεολόγου.

450 855 611 888 Πρόλοτος.

183 902 347 933 ’Ἐπίσκοπος
372 901 410 936 (2)
425 901 558 936 ,Σασίμων
573 901 647 927 ἄκων
666 901 864 936 χειροτονηθεὶς
878 901 930 927 ὑπὸ

143 947 188 974 τοῦ
204 946 323 982 μεγάλου
351 945 492 972 Βασιλεὶου
514 945 529 970 ὁ
551 945 680 979 Θεολόγος
706 944 865 980 Γρηγόριος,
884 945 931 970 καὶ

141 992 342 1028 τυραννηθῆναι
354 992 456 1024 δόξαςὸ
473 991 559 1026 μέγας
574 987 651 1022 οὗτος
664 991 769 1026 Πατὴρ,
785 991 931 1024 ἀφίσταται

143 1041 192 1076 μὲν
211 1039 263 1075 τῆς
285 1038 438 1074 ἐπισκοπῆς
468 1037 571 1073 ταύτης
601 1037 712 1070 εὐθέως,
735 1038 889 1072 ἀφικνεῖται
903 1037 931 1063 δὲ

143 1086 210 1122 πρὸς
238 1085 400 1117 Ναζιανζόν.
419 1085 507 1120 Ὅπερ
522 1083 615 1119 μαθὼν
636 1084 650 1110 ὁ
673 1084 759 1119 μέγας
781 1083 931 1115 Βασίλειος,

142 1132 326 1173 προτρέπεται
337 1131 382 1157 τὸν
402 1130 516 1164 ἀδελφὺν
528 1129 610 1156 αὐτοῦ
629 1130 786 1165 Γρηγόριον,
801 1129 846 1156 τὸν
861 1129 934 1156 Νύσ-

144 1187 202 1215 σης,
234 1177 362 1204 ἀπελθεῖν
378 1177 419 1208 εἰς
439 1175 582 1211 ἐπίσκεψιν
601 1175 669 1210 ὁμοῦ
694 1175 741 1201 καὶ
758 1175 933 1211 παραμυθίαν

142 1225 188 1252 τοῦ
204 1224 282 1258 φίλου
295 1224 342 1250 καὶ
356 1223 432 1250 λύσιν
446 1223 502 1249 τῶν
516 1222 545 1248 ὲν
564 1221 638 1257 μέσῳ
655 1220 822 1248 σκανδάλων.
834 1219 934 1247 Τοῦτον

142 1270 322 1306 δὲόΞΞάμενος
341 1270 442 1300 ἐκεῖνος
453 1268 547 1304 ἡδέως,
561 1267 607 1294 τὸν
615 1267 736 1302 παρόντι
750 1266 828 1301 λόγον
842 1267 934 1301 ἐκφω.

143 1317 198 1343 νεῖ·
228 1315 325 1351 πρῶτα
343 1314 392 1350 μὲν
411 1313 592 1348 ἐγκωμιάζων
616 1313 666 1347 τὴν
681 1312 814 1348 ξυνωρίδα
831 1311 933 1338 τούτων

144 1363 197 1390 τῶν
212 1361 345 1396 ἀδελφῶν,
360 1359 419 1388 εἶτα
439 1361 486 1387 καὶ
502 1360 709 1394 καθαπτόμενος
725 1360 775 1394 τῆς
793 1358 839 1385 τοῦ
856 1358 934 1394 φίλου

145 1409 212 1444 πρὸς
240 1408 322 1435 αὑτὸν
348 1407 505 1438 διαθέσεως,
529 1407 569 1433 ὅτι
597 1406 733 1440 ἐπισκοπῇ
757 1405 869 1441 τοιαύτῃ
889 1405 935 1431 τὸν

143 1455 279 1491 ὁμόψυχον
293 1453 457 1490 ἐπεκήρυξε,
470 1453 515 1479 τὸν
532 1453 643 1489 ἡσυχίας
657 1453 785 1488 ἐραστὴν,
799 1454 832 1488 τῇ
845 1453 936 1487 πάσης

146 1499 363 1537 ὲμπεπλησμένῃ
391 1500 514 1536 ταραχῆς
550 1499 596 1525 καὶ
623 1499 790 1533 συγχύσεως.
819 1499 935 1525 Ἔπειτα

977 251 1112 272 venenosa
1130 244 1247 279 quadam
1272 244 1366 276 herba,
1395 245 1573 280 niorbumque
1597 249 1624 272 et
1645 248 1759 272 mortem

976 291 1130 323 invehente,
1147 291 1243 326 procul
1254 299 1284 318 se
1294 296 1462 324 removeam,
1478 296 1560 326 atque
1568 298 1651 318 unum
1662 298 1759 318 omnes

977 337 1042 366 sint.
1061 341 1117 364 tam
1136 337 1183 372 qui
1201 343 1361 373 pascuntur.
1380 345 1461 373 quam
1480 338 1497 364 ii
1515 337 1615 372 quibus
1630 337 1761 373 pascendi

977 383 1067 418 gregis
1081 391 1146 410 cura
1163 384 1311 416 incumbit;
1330 391 1362 411 ac
1377 391 1464 418 neque
1478 385 1505 410 in
1520 383 1571 410 hoc
1585 383 1697 414 saeculo,
1714 390 1762 409 ne-

977 436 1030 463 que
1044 429 1071 456 in
1088 429 1178 456 futura
1196 429 1251 457 vita
1267 433 1294 457 et
1311 430 1407 464 requie
1424 429 1495 456 inter
1511 436 1541 456 se
1556 428 1760 462 disjungautur.

976 475 1054 508 Quod
1077 476 1159 503 etiam
1184 477 1273 511 ipsum
1289 484 1321 503 et
1344 475 1492 510 Evangelio
1515 475 1634 509 sumpsit
1650 474 1763 500 Theolo-

977 529 1038 556 με.
1054 521 1125 549 Dixit
1139 523 1211 549 enim
1225 523 1259 550 de
1275 521 1419 556 discipulis
1440 521 1567 548 Christus
1583 521 1618 547 ad
1633 520 1740 547 Patrem
1753 528 1760 535 -

978 568 1060 595 Serva
1074 576 1118 595 eos
1135 569 1160 595 in
1175 571 1278 596 nomine
1294 573 1348 600 tuo,
1363 572 1392 594 ut
1408 576 1489 594 unum
1513 569 1566 593 sint
1581 567 1614 594 “.
1638 566 1698 602 [(5)
1716 566 1764 593 Hic

978 619 1068 642 autem
1087 615 1209 650 epilogus
1230 615 1382 642 communis
1397 619 1439 642 est
1454 613 1582 649 precatio,
1596 620 1690 641 eorum
1705 620 1765 648 quae

978 661 1118 688 contraria
1133 666 1159 688 et
1183 660 1243 688 dira
1268 669 1301 688 ac
1322 660 1483 688 detestanda
1505 663 1570 687 Sunt
1593 659 1763 687 aversionem

978 707 1151 742 continens.]

1295 751 1452 781 EIUSDEM

1008 799 1193 835 Iuterpretatio
1202 801 1229 827 in
1244 800 1385 827 secundant
1395 799 1518 834 Tlteologi
1528 799 1674 825 orationem
1688 797 1738 833 (6).

1309 856 1452 892 Prologus.

1016 905 1084 931 Cum
1121 904 1223 931 invitus
1255 904 1400 938 episcopus
1425 903 1594 931 Sasimorum
1623 902 1767 930 ordinatus

981 956 1055 979 esset
1081 959 1095 978 a
1112 959 1211 986 magno
1239 950 1341 978 Basilio
1358 950 1514 985 Theologus
1537 949 1694 984 Gregorius,
1713 949 1767 976 vim

981 998 1037 1034 pati
1066 998 1227 1025 existimans
1250 1004 1366 1031 magnus
1385 996 1429 1023 ille
1448 995 1539 1027 Pater.
1557 995 1703 1022 confestim
1732 995 1767 1021 ah

983 1045 1035 1072 hoc
1055 1045 1216 1079 episcopatu
1229 1044 1344 1076 recedit,
1365 1042 1587 1078 Nazianzumque
1611 1043 1687 1077 petit.
1707 1041 1767 1074 Quo

982 1089 1102 1125 cognito,
1125 1097 1239 1125 magnus
1257 1088 1374 1117 Basilius
1399 1089 1522 1116 hortatur
1549 1087 1659 1115 fratrem
1688 1093 1767 1115 suum

983 1135 1144 1170 Gregorium
1162 1134 1327 1171 Nyssenum,
1342 1134 1533 1170 proﬁciscatur
1549 1134 1582 1161 ad
1596 1133 1769 1161 invisendum

984 1181 1065 1209 simul
1099 1185 1125 1208 et
1153 1182 1353 1210 consolandum
1385 1181 1505 1208 amicum
1522 1201 1530 1214 ,
1557 1181 1729 1216 tollendaque
1753 1188 1770 1208 e

985 1229 1077 1256 medio
1092 1228 1236 1256 scandala.
1251 1228 1292 1255 Ad
1307 1236 1391 1263 quem
1408 1229 1468 1256 laete
1484 1232 1628 1263 exceptum
1643 1228 1687 1255 ille
1698 1235 1768 1262 prae-

985 1278 1089 1301 sentem
1118 1274 1215 1301 habuit
1239 1274 1406 1302 orationem.
1432 1273 1553 1300 Primum
1573 1273 1693 1308 quidem.
1710 1274 1769 1301 lau—

985 1320 1048 1347 data
1074 1320 1173 1347 horum
1202 1319 1319 1347 fratrum
1343 1320 1500 1352 concordia,
1520 1322 1609 1356 carpit
1626 1320 1705 1347 amici
1727 1321 1769 1348 sui

986 1374 1050 1401 erga
1069 1374 1099 1394 se
1114 1366 1198 1393 animi
1214 1365 1434 1401 dispositionem,
1453 1366 1581 1401 quoniam
1599 1366 1646 1393 tali
1666 1367 1772 1401 episcm

985 1414 1059 1448 patui
1083 1413 1240 1440 unanimem
1261 1420 1339 1440 suum
1361 1412 1482 1448 praefecit
1504 1413 1603 1448 quietis
1625 1413 1771 1448 cupidissi-

986 1468 1072 1491 mum,
1087 1460 1161 1487 omni
1177 1460 1281 1494 repleto
1298 1459 1461 1487 confusione
1479 1463 1507 1487 et
1522 1460 1657 1492 tumultu;
1673 1459 1772 1487 deinde

986 1506 1020 1533 ad
1035 1506 1197 1533 concionem
1213 1509 1348 1532 astantem
1368 1506 1397 1532 in
1419 1505 1535 1533 ecclesia
1552 1506 1677 1533 oratione
1693 1514 1773 1534 versa

145 1548 213 1584 πρὸς
227 1548 273 1574 τὸν
288 1545 439 1582 τηνικαῦτα
462 1546 581 1582 παρόντα
599 1545 725 1579 σύλλογον
744 1545 814 1571 κατὰ
830 1544 877 1580 τὴν
891 1545 936 1571 ἐκ-

989 1552 998 1587 (
1014 1551 1113 1579 festum
1130 1552 1203 1579 enim
1223 1555 1376 1587 martyrum
1390 1551 1504 1587 agebant
1520 1552 1772 1588 celebrabantque).

145 1594 260 1629 κλησίαν
274 1593 449 1628 ἀποστρέψας
467 1592 512 1619 τὸν
531 1592 610 1625 λόγον
640 1591 748 1627 (ἑορτὴν
762 1591 815 1627 γὰρ
833 1591 936 1627 μαρτύ-

147 1649 201 1676 ρων
216 1639 342 1671 ἐδόξαζον
357 1639 405 1664 καὶ
419 1636 578 1674 ἑώρταζον),
597 1636 937 1673 διδασκαλικὴννπροσάγει

145 1686 194 1722 τὴν
208 1685 381 1721 παραίνεσιν,
411 1684 478 1719 πρὸς
499 1683 532 1710 τὰ
552 1683 622 1710 καλὰ
639 1684 688 1719 μὲν
701 1683 870 1718 παροξύνων,
883 1683 937 1710 τῶν

146 1731 174 1759 δὲ
188 1731 300 1767 φαύλων
315 1730 549 1766 ἀποτρεπόμενος.

181 1789 240 1816 Col.
257 1787 311 1815 852
324 1787 345 1814 Β
358 1787 385 1814 6.
412 1787 504 1813 Φίλου
525 1786 647 1814 πιστοῦ.
667 1807 674 1813 .
694 1806 700 1812 .
726 1785 937 1820 εὐωδέστερον.

153 1834 220 1861 Ὰπδ
233 1833 347 1869 γνώμης
371 1833 402 1860 τδ
419 1832 572 1868 προοίμιον.
589 1831 658 1867 Φησὶ
677 1833 730 1868 γὰρ
753 1831 880 1866 Ἰησοῦςό
891 1831 938 1858 τοῦ

149 1881 250 1915 Σιράχ·
279 1879 372 1906 Φίλου
405 1879 514 1905 πιστοῦ
545 1879 600 1905 οὐκ
629 1878 715 1904 ἐστιν
733 1877 938 1911 ἀντάλλαγμα,

149 1927 197 1953 καὶ
210 1927 267 1954 οὐκ
283 1927 348 1953 ἐστι
378 1925 511 1959 σταθμὸς
530 1924 584 1958 τῆς
601 1923 757 1958 καλλονῆς
769 1924 861 1951 αὑτοῦ
871 1933 878 1940 ·
894 1923 940 1950 καὶ

150 1972 244 2000 πάλιν·
272 1972 362 2004 Φίλος
376 1970 494 2004 πιστὸς,
509 1969 607 2004 σκέπη
619 1969 752 2004 κραταιά-
769 1971 784 1996 ό
798 1969 831 1996 δὲ
845 1969 941 2003 εὑρὼν

150 2018 253 2048 αὑτὸν.
272 2014 342 2051 εὗρε
365 2016 529 2050 θησαῳόν.
561 2016 601 2041 Τὰ
628 2015 666 2049 (5)
690 2014 717 2041 δὲ
739 2015 800 2050 ἑξῆς
823 2015 875 2041 ἀπὺ
892 2014 940 2041 τοῦ

151 2063 322 2098 Σὶδλομῶντος
333 2061 526 2097 παρεφράσθη,
549 2060 692 2095 λέγοντος·
714 2060 858 2094 Ἀδελφὸς
881 2060 941 2087 ὑπὸ

151 2109 285 2143 ἀδελφοῦ
305 2107 523 2142 βοηθούμενος,
547 2107 587 2139 ὼς
609 2106 698 2138 πόλις
714 2105 818 2140 ὀχυρά.
836 2106 942 2139 Ὶσχύει

152 2157 205 2191 τὰρ
217 2155 255 2189 (4)
272 2154 372 2188 ὥσπερ
390 2152 635 2188 μεμοκλευμένον
656 2152 826 2184 βασίλειον.
850 2152 887 2178 Τὸ
902 2152 941 2185 δὲ,

153 2199 289 2235 θησαυρὸς
317 2198 448 2233 ἔμψυχος,
469 2199 502 2224 ὲκ
518 2198 573 2224 τῶν
602 2197 664 2229 ἔξω.
694 2197 866 2233 Ἀλέξανδρος
887 2197 941 2233 γὰρ

987 1598 1153 1625 hortativam
1183 1598 1286 1634 profert
1313 1597 1538 1632 admonitionem,
1568 1598 1602 1626 ad
1627 1599 1697 1626 bona
1715 1607 1773 1634 _eos

987 1644 1111 1673 excitans
1124 1649 1151 1672 et
1166 1653 1181 1672 a
1196 1646 1275 1673 malis
1287 1646 1438 1675 deterrent.

1025 1778 1117 1805 Amico
1153 1778 1270 1813 ﬁdeli....
1300 1779 1477 1815 fragrantius.
1507 1796 1542 1801 —
1567 1780 1605 1808 Ex
1638 1783 1773 1810 sententia

990 1825 1164 1859 principium.
1190 1825 1235 1851 Ait
1261 1826 1332 1852 enim
1352 1825 1424 1853 ﬁlius
1449 1826 1546 1854 Sirach
1561 1827 1642 1856 Iesus
1657 1838 1663 1855 :
1681 1830 1771 1856 Amico

990 1870 1062 1905 ﬁdeli
1074 1871 1147 1897 nulla
1161 1876 1198 1898 est
1214 1873 1386 1906 comparatio,
1398 1881 1444 1900 nec
1458 1873 1514 1900 ulla
1530 1880 1569 1900 est
1583 1873 1663 1909 digna
1676 1874 1773 1909 ponde-

990 1918 1060 1944 ratio
1076 1922 1168 1944 contra
1185 1917 1327 1945 bonitatem
1344 1919 1418 1946 illius
1429 1920 1470 1952 ";
1488 1924 1515 1946 et
1532 1927 1629 1948 rursus
1643 1930 1650 1947 2
1668 1922 1774 1948 Amicus

991 1963 1088 1997 ﬁdelis.
1115 1964 1240 1997 protectia
1269 1964 1355 1998 fortis.
1376 1965 1428 1998 Qui
1455 1971 1541 1993 autem
1563 1967 1659 1994 invenit
1686 1967 1775 2000 illum,

991 2008 1145 2035 thesaurum
1172 2008 1313 2036 invenit".
1334 2009 1399 2042 Qua:
1428 2015 1518 2038 autem
1548 2017 1713 2046 sequuntur.
1742 2020 1776 2040 ex

993 2054 1140 2083 Salomone
1156 2056 1300 2091 desumpta
1314 2062 1378 2084 sunt
1396 2057 1524 2085 dicente:
1550 2057 1646 2086 Frater
1662 2068 1677 2086 ιι
1692 2059 1776 2090 fratre

993 2102 1112 2133 adiutus,
1123 2102 1189 2128 sicut
1199 2102 1261 2129 urbs
1271 2104 1384 2135 munita;
1392 2104 1458 2139 viget
1473 2105 1541 2131 enim
1555 2105 1777 2140 quemadmodum

994 2148 1124 2174 munitum
1136 2148 1266 2181 palatium
1278 2148 1311 2175 ’⁸.
1330 2149 1385 2177 Hoc
1407 2154 1508 2180 autem.
1526 2151 1604 2179 vivus
1619 2147 1776 2183 theSaurus,

994 2201 1026 2221 ex
1043 2194 1159 2221 historia
1176 2199 1299 2222 externa.
1317 2195 1471 2224 Alexander
1485 2197 1557 2224 enim
1580 2197 1776 2234 interrogatus.

152 2243 311 2279 ἐρωτηθεὶς,
341 2242 391 2269 ποῦ
418 2242 480 2273 τοὺς
509 2241 660 2276 θησαυροὺς
685 2240 751 2275 ἔχει,
769 2241 832 2272 τοὺς
852 2241 936 2276 φίλους

997 2240 1041 2267 ubi
1059 2240 1203 2268 thesauros
1223 2241 1345 2273 haberet,
1365 2246 1513 2277 prasentes
1529 2243 1648 2271 ostendit
1662 2245 1776 2277 amicos,

154 2289 288 2325 παρόντας
297 2287 445 2320 ὑπέδειξεν,
459 2287 557 2318 οἵτινες
575 2286 696 2322 ἔμψυχος
708 2285 779 2323 ἦσαν
795 2287 943 2323 θησαυρός.

153 2335 234 2370 Λέγει
249 2336 277 2362 δέ
291 2344 342 2362 που
354 2336 401 2362 καὶ
411 2335 523 2368 Θέογνις
534 2335 548 2360 ὁ
563 2333 687 2370 ποιητὴς,
700 2334 741 2361 ὄτι
753 2334 852 2366 Πιστὸς
877 2334 946 2370 ἀνὴρ

155 2381 247 2418 χρυσῷ
266 2390 296 2408 τε
324 2380 372 2408 καὶ
390 2380 504 2416 ἀργύρῳ
528 2379 737 2416 ἀπερείσασθαι
762 2379 846 2412 ἄξιος,
863 2380 946 2415 ἡγουν

995 2285 1040 2319 qui
1058 2285 1137 2312 vivus
1162 2290 1240 2313 erant
1265 2286 1420 2314 thesaurus.
1441 2286 1511 2314 Dicit
1538 2297 1647 2324 quoque
1676 2291 1776 2318 alicubi

995 2330 1135 2366 Theognis
1160 2336 1251 2367 poeta.
1277 2332 1350 2367 quod
1376 2332 1464 2361 ﬁdelis
1482 2334 1524 2360 vir
1538 2342 1607 2361 auro
1621 2338 1648 2362 et
1665 2340 1779 2370 argento

995 2377 1041 2412 qui
1058 2381 1214 2413 opponatur
1229 2378 1339 2413 dignus,
1357 2379 1384 2406 id
1409 2384 1452 2407 cst
1476 2381 1522 2414 qui
1537 2387 1676 2415 pensetur.
1695 2381 1779 2415 Super

156 2426 417 2462 ἀντισταομηθῆναι.
437 2426 474 2452 Τὸ
499 2425 539 2457 δὲ,
567 2423 658 2458 ’Υπὲρ
666 2424 795 2458 χρυσίον
805 2423 936 2453 nautam

996 2432 1092 2450 aurum
1105 2430 1128 2451 et
1144 2424 1260 2459 lapidem
1275 2426 1418 2458 pretiosum
1444 2425 1566 2458 multum,
1589 2435 1622 2455 ex
1645 2427 1727 2455 David
1739 2429 1779 2462 ";

157 2475 253 2509 τίμιον
264 2473 372 2505 πολὺν,
394 2473 426 2499 ὲκ
452 2471 499 2498 τοῦ
515 2471 605 2498 Δαυτδ.
628 2471 674 2497 Ἐκ
695 2471 724 2497 δὲ
744 2470 791 2497 τοῦ
806 2471 945 2507 ’ᾼσματος

157 2520 209 2546 ⁵δῶν
220 2519 350 2555 ᾀσμάτων
366 2518 406 2550 eo,
426 2517 528 2551 Κῆπος
551 2515 776 2550 κεκλεισμένος,
798 2517 846 2543 καὶ
863 2517 944 2552 πηγὴ

157 2563 391 2599 ἐσφραγισμένη.
413 2561 447 2598 ἧς
471 2563 517 2589 καὶ
531 2562 580 2597 τὴν
604 2561 751 2597 ἑρμηνείαν
778 2563 792 2588 ὁ
816 2562 946 2597 Θεολόγος

158 2609 336 2644 προσέθηκεν,
353 2609 393 2635 ὃτι
414 2609 446 2634 Ἦ
461 2608 536 2642 πηγὴ
552 2608 597 2634 καὶ
612 2609 626 2634 ὁ
637 2608 725 2643 κῆπος
742 2607 786 2634 διὰ
803 2607 881 2635 τοῦτό
894 2610 946 2636 εἰσι

159 2655 347 2690 κεκλεισμένα,
366 2654 410 2680 ἴνα
434 2654 503 2680 κατὰ
522 2654 567 2680 τὸν
582 2653 631 2687 τῆς
645 2654 740 2689 χρείας
760 2653 855 2689 καιρὸν
873 2654 946 2681 ἀνοία

993 2474 1074 2504 atque
1089 2477 1104 2497 e
1117 2471 1287 2498 canticorum
1300 2470 1412 2498 Cantico
1425 2471 1489 2498 illud
1500 2480 1506 2497 :
1517 2471 1617 2500 Hortus
1629 2474 1778 2507 conclusus,

994 2514 1052 2548 fons
1073 2515 1191 2549 signatus
1201 2515 1224 2531 “
1236 2523 1244 2547 ;
1264 2515 1344 2550 cujus
1358 2521 1385 2542 et
1399 2516 1649 2551 interpretationem
1663 2519 1780 2545 Theolo-

995 2568 1044 2595 gus
1060 2560 1317 2596 adjecit:Quoniam
1346 2560 1407 2590 fons
1432 2567 1459 2589 et
1486 2562 1583 2590 hortus
1601 2564 1637 2590 ob
1663 2565 1780 2600 idipsunl

996 2607 1120 2635 conclusi
1139 2612 1214 2641 sunt,
1244 2613 1273 2635 ut
1297 2609 1324 2636 in
1346 2609 1472 2637 utilitatis
1489 2614 1609 2645 tempore
1622 2611 1781 2646 aperiantur

999 2658 1026 2682 et
1039 2655 1285 2682 communicentur.
1300 2654 1474 2691 Rursumque
1491 2656 1569 2689 illud,
1587 2657 1638 2692 [illi
1653 2658 1728 2690 lucis,
1747 2665 1782 2685 ex

189 2719 211 2735 ¹¹
226 2717 305 2746 Joan.
324 2726 390 2750 xvn,
406 2718 448 2745 ll.
485 2718 506 2734 ²¹
522 2717 605 2746 Eccli.
620 2718 710 2751 νι,15.
749 2718 771 2734 ’³
786 2718 849 2746 ibid.
863 2720 906 2748 Η.

986 2722 1062 2750 Prov.
1072 2721 1202 2753 κνημίς),
1240 2721 1262 2736 "‘
1280 2719 1352 2748 Psal.
1371 2729 1447 2753 xvnr,
1464 2721 1507 2748 ll.
1547 2722 1570 2737 “
1586 2722 1665 2750 Cant.
1683 2730 1721 2754 tv,
1739 2723 1782 2752 l2.

193 2785 314 2819 (l)0lim
328 2785 372 2817 Vl,
389 2793 461 2813 nunc
482 2785 526 2813 ΧΙ.

193 2820 232 2853 (2)
250 2820 325 2848 Hauc
361 2821 526 2849 rtefationem
541 2821 643 2848 omittit
656 2821 717 2848 cod.
736 2821 764 2849 h.

193 2856 233 2883 l5)
245 2855 281 2882 Τό
296 2856 323 2883 h.
342 2829 402 2883 glox
419 2857 509 2883 laudat
524 2856 626 2883 Theon.
646 2865 671 2883 ν.
689 2856 732 2883 77.
751 2865 764 2883 o

193 2856 233 2893 (ᾇ)
245 2855 281 2893 Td
296 2856 323 2883 h.
343 2855 402 2893 Mox
419 2857 509 2893 laudat
524 2856 626 2892 Theog.
646 2865 671 2884 ν.
689 2856 732 2890 77,
751 2864 831 2893 quem
853 2857 922 2886 vide.

194 2891 231 2925 (.l)
246 2891 279 2917 Δέ
291 2899 340 2926 pro
355 2892 409 2925 γάρ
423 2891 451 2918 h.

297 2938 453 2986 .PATROL.
478 2937 535 2967 (in.
559 2937 706 2969 XXXVI.

1033 2783 1191 2825 (5)'lnclusn
1207 2791 1346 2818 adduntur
1365 2792 1435 2826 apud
1453 2779 1571 2820 Billium.

1014 2855 1020 2861 _
1037 2828 1074 2861 (6)
1090 2826 1179 2853 Pauca
1212 2831 1316 2853 tantum
1346 2827 1372 2854 in
1398 2827 1468 2854 hanc
1497 2828 1648 2855 orationem
1679 2827 1784 2856 scholia

997 2870 1029 2890 ex
1041 2862 1135 2890 Grmco
1149 2861 1249 2889 Nicetae
1263 2861 1357 2890 Latine
1373 2861 1456 2890 edidit
1475 2861 1567 2891 Billius
1579 2872 1606 2898 p.
1624 2863 1685 2891 555.

1581 2939 1618 2970 31
