2022 3134
255 126 301 153 ἑτι
889 125 1034 155 NICETAS
1053 125 1247 155 SERRONIUS

1826 122 1878 150 97%

253 183 411 218 Evangelia.
423 183 545 219 Namque
553 185 607 212 ait:
627 184 660 212 Ut
676 185 726 220 [itii
737 185 804 212 lucis
819 185 892 219 ﬁalis
906 186 939 211 ’⁷.
953 185 1037 212 Homo

1092 194 1193 219 γωνται
1218 187 1264 212 καὶ
1293 184 1565 220 μεταλαμσάνωνται.
1596 182 1679 210 Πάλιν
1698 181 1727 208 τὸ
1748 181 1874 216 μεναγιοὶ

252 234 341 256 autem
359 229 402 256 Dei
419 234 445 256 et
457 230 563 266 Moyses
579 236 693 258 vocatus
705 236 748 259 est
763 232 795 263 ".
810 236 836 259 et
849 231 959 266 quidam
975 239 1038 266 pro-

251 276 330 310 pheta
351 277 377 303 in
395 276 514 312 Regibus
529 279 568 309 “;
586 283 667 313 atque
689 277 862 305 Timotheum
881 278 921 305 sic
950 278 1038 304 nomi-

252 322 326 348 navit
338 322 487 356 Apostolus
499 323 532 350 ”.
547 322 577 350 In
591 323 687 350 Exodo
702 317 810 358 quoque
832 323 934 350 dicitur
950 333 956 351 :
987 322 1038 350 Sa-

251 367 366 394 cerdotes
391 368 424 394 ad
445 368 529 395 Deum
545 369 654 403 propius
671 369 822 396 accedentes
835 369 868 394 ".
887 368 980 396 Daniel
993 377 1038 395 att-

251 418 306 441 tem
329 414 371 440 vir
386 415 544 441 nominatus
560 419 600 441 est
626 414 826 442 desideriorum
840 415 880 447 "’;
903 415 1037 442 bonorum

251 460 361 494 quidem
372 461 471 495 adjecit
483 461 648 496 Theologus.
664 461 734 488 Sunt
749 461 809 488 ideo
823 464 850 488 et
864 461 914 488 viri
930 461 1038 488 deside-

252 506 358 533 riorum
373 506 518 533 malorum.
541 506 589 532 Est
617 507 699 541 igitur
715 507 821 534 amicus
838 506 926 534 ﬁdelis
947 506 1036 534 solatii

252 555 356 585 portus.
374 551 451 584 Quod
468 553 490 579 si
507 559 572 579 vero
587 551 689 587 dignus
711 556 753 579 est
770 553 817 587 qui
843 553 1038 587 pulcherrimis

251 598 409 633 designetur
433 599 600 631 nominibus,
619 600 719 634 quibus
747 604 774 627 et
804 604 918 626 exornat
945 599 1037 626 divina

252 644 393 679 Scriptura
409 650 530 676 sanctos,
544 645 569 672 id
587 653 652 672 vero
669 645 779 680 Deijatn
793 646 895 672 donum
908 650 960 677 est,
981 653 1037 672 me-

254 691 390 725 ritumque
407 698 496 718 meum
513 691 630 723 excedit,
648 692 697 724 ait,
714 691 779 718 mihi
796 691 877 718 talem
889 691 1038 727 contigisse

251 737 368 764 amicum
391 737 482 772 (quod
501 738 523 765 si
545 738 650 772 judicio
670 737 798 773 praeditus
818 738 854 765 sit
875 744 902 765 et
923 742 1038 773 utraque

250 782 375 809 doctrina
396 782 560 814 instructus,
577 782 703 810 doctrina
720 782 830 817 quidem
847 786 973 816 externa,
988 791 1038 810 nec

252 836 305 855 non
317 832 410 856 nostra
427 829 604 864 prarclarus).
618 828 646 856 Si
659 834 748 855 autem
766 828 801 855 ab
816 829 906 856 amico
933 829 1036 856 missus

251 874 286 901 sit
298 875 488 902 consolaturus
500 882 562 905 nos.
581 874 608 901 id
622 878 664 902 est
678 882 694 901 a
708 881 807 909 magno
822 873 933 906 Basilio,
954 883 1034 910 quem
1053 867 1074 894 Β

249 919 385 946 et'eodem
408 919 511 946 honore
533 920 644 954 dignum
676 927 708 946 ac
728 919 882 956 Nyssenum
908 921 1036 955 praedico,

250 970 330 1000 prout
347 972 437 1000 parem
454 966 555 992 virtute
569 970 596 993 et
606 973 670 1001 erga
683 973 733 993 nos
756 973 860 997 amore,
877 966 1038 999 hocjucun-

249 1012 312 1040 dius
340 1016 382 1039 est
402 1012 552 1046 pontiﬁcali
578 1017 733 1047 unguento,
755 1012 828 1047 quod
851 1012 878 1039 in
902 1013 1038 1047 pontiﬁcis

250 1063 332 1092 caput
351 1057 505 1093 profitsum,
528 1058 617 1093 primo
633 1066 695 1086 eum
719 1058 846 1090 ornabat,
863 1058 961 1086 deinde
976 1059 1038 1086 bar-

251 1103 322 1136 bam,
349 1112 412 1132 cum
451 1104 485 1131 ad
518 1105 575 1131 ima
613 1106 775 1133 vestimenta
806 1105 983 1134 descenderet
1003 1106 1036 1132 ³⁸.

249 1149 360 1184 Oportet
368 1154 395 1177 et
406 1154 574 1186 unguentum
584 1151 742 1186 intelligere
752 1151 884 1186 Spiritum
898 1156 1035 1179 sanctum.

251 1194 298 1222 llic
314 1195 386 1222 enim
407 1196 525 1230 primum
544 1196 628 1224 totius
649 1197 776 1232 corporis
796 1201 889 1232 caput,
905 1198 979 1232 quod
996 1203 1038 1226 est

250 1241 388 1273 Christus,
416 1242 553 1276 implevit;
568 1242 630 1270 dein
646 1242 788 1270 descendit
805 1243 833 1270 in
851 1244 1036 1278 apostolorum

249 1287 362 1314 chorum
373 1287 419 1322 qui
434 1287 609 1315 suntChristi
622 1288 713 1315 vultus
721 1293 912 1316 ornamentum
923 1298 930 1322 ;
945 1295 1037 1324 postea

249 1333 356 1360 devenit
371 1336 398 1360 el
424 1333 450 1359 in
470 1333 604 1368 reliquum
633 1341 745 1368 corpus,
775 1334 801 1361 id
817 1338 860 1362 est
875 1334 1036 1362 Ecclesiam.

250 1376 287 1404 Ex
306 1377 391 1405 David
411 1382 502 1405 autem
518 1377 574 1405 haec
585 1385 697 1414 quoque
707 1384 894 1414 excerpuntur
906 1380 1014 1408 dicente
1028 1389 1035 1407 :

249 1423 316 1450 Ecce
348 1432 428 1458 quant
440 1423 536 1451 bonum
550 1428 575 1450 et
589 1432 669 1458 quam
681 1424 826 1456 iucundum
845 1425 965 1453 habitare
981 1426 1038 1460 fra-

249 1475 300 1497 tres
316 1470 344 1496 in
359 1469 459 1496 unum!
483 1469 560 1497 Sicut
581 1475 747 1506 unguentum
773 1473 842 1506 quod
859 1471 992 1500 descendit
1010 1474 1037 1500 in

1088 233 1196 267 φωτὸς,
1217 233 1248 258 ὲκ
1277 232 1323 258 τοῦ
1338 231 1515 265 Εὑαγγελίου.
1533 230 1599 257 "Ira
1619 229 1682 264 γὰρ,
1705 227 1798 262 φησιν.
1820 224 1878 254 υιοι

1091 277 1187 311 φωτὸς
1197 277 1335 311 γένησθε.
1348 276 1507 311 ’Ἄνθρωπος
1522 275 1551 301 δὲ
1566 273 1612 301 τοῦ
1631 273 1698 300 Θεοῦ
1705 273 1750 300 καὶ
1765 273 1780 298 6
1796 273 1877 298 Μωΰ-

1092 323 1266 358 σῆςεῖρηται,
1283 323 1329 350 καί
1352 331 1394 354 τις
1419 321 1562 357 προφήτης
1584 321 1612 346 ὲν
1630 321 1690 350 ταῖς
1713 317 1876 348 Βασιλείαις.

1091 370 1146 396 Καὶ
1162 369 1206 396 τὸν
1221 368 1352 404 Τιμόθεον
1379 368 1464 398 οὕτως
1478 366 1604 402 ὀνομάζει
1616 367 1630 392 6
1647 363 1817 394 Ἀπόστολος.
1834 363 1879 390 Ἐν

1090 415 1117 441 δὲ
1132 417 1164 450 τῇ
1185 415 1283 450 Ἐξόδῳ
1312 414 1391 441 πάλιν
1413 415 1519 449 εῑρηται
1532 421 1538 426 “
1563 414 1596 438 Ol
1609 411 1694 445 ἱερεῖς
1712 409 1878 444 οὶὲγγίζον-

1090 470 1139 494 τες
1168 462 1264 495 Κιψίῳ
1288 461 1328 493 τῷ
1344 460 1414 493 Θεῷ.
1431 461 1460 486 '0
1473 459 1500 486 δὲ
1513 458 1611 493 Δανιὴλ.
1634 456 1711 491 ἀνὴρ
1732 455 1877 490 ὠνομάσθη

1092 507 1264 542 ἐπιθυμιῶν.
1274 507 1310 532 Τὸ
1321 506 1361 537 δὲ,
1375 506 1429 532 τῶν
1461 505 1499 539 (1)
1521 503 1694 539 κρειττόνων,
1709 501 1878 537 προσέθηκεν

1090 553 1104 578 6
1128 551 1274 586 Θεολόγος·
1303 551 1369 577 διότι
1396 550 1449 577 εἰσὶ
1465 550 1512 576 καὶ
1531 549 1626 584 ἄνδρες
1645 546 1798 580 ἐπιθυμιῶν
1824 545 1877 571 τῶν

1091 600 1228 634 χειρόνων.
1243 599 1320 625 Ἐστι
1340 598 1388 633 μὲν
1410 595 1456 624 οὖν
1476 596 1514 631 (‘2)
1540 597 1554 622 6
1577 595 1672 626 πιστὸς
1692 593 1778 628 φίλος,
1797 593 1877 627 λιμὴν

1091 645 1247 679 ἀναψύξεως
1271 645 1319 679 (5).
1349 644 1396 669 Ἂν
1412 642 1499 669 δὲκαὶ
1526 642 1599 675 ἄξιος
1611 639 1750 668 καλεῖσθαι
1767 639 1802 665 τὰ
1812 638 1877 665 κάλ-

1091 691 1167 717 λιστα
1178 690 1231 716 τῶν
1243 689 1394 724 ὀνομάτων,
1405 689 1451 714 καὶ
1461 685 1501 718 οἷς
1514 688 1582 722 τιμᾷ
1596 687 1612 721 ἡ
1630 685 1690 712 θεία
1700 684 1796 720 Γραφὴ
1815 684 1876 714 τοὺς

1091 737 1185 771 ἁγίους
1211 736 1262 772 (4),
1288 735 1367 762 τοῦτο
1390 734 1476 770 δῶρον
1498 733 1576 766 Θεοῦ,
1590 733 1638 759 καὶ
1654 732 1724 767 ὑπὲρ
1742 730 1792 765 τὴν
1808 730 1876 764 ἐμὴν

1091 783 1180 816 ἀξίαν.
1205 783 1236 810 τὸ
1259 783 1396 818 ἐπιτυχεῖν
1413 790 1457 816 με,
1479 780 1546 816 φησὶ
1575 780 1630 815 (5),
1652 778 1772 805 τοιούτου
1800 777 1875 811 φίλου

1092 829 1135 865 [ἂν
1156 829 1193 863 (ϐ)
1216 828 1243 854 δὲ
1263 829 1309 855 καὶ
1322 827 1430 859 συνετὸς
1442 827 1486 862 εἴη
1498 826 1545 852 καὶ
1557 825 1639 861 ἄκρος
1649 825 1708 851 κατ’
1720 823 1874 858 ἀμφότερα,

1087 876 1137 910 τήν
1155 883 1185 901 τε
1205 874 1258 908 ἔξω
1275 874 1416 901 παίδευσιν
1456 872 1556 908 δηλαδὴ
1585 871 1632 898 καὶ
1658 870 1707 905 τὴν
1727 869 1873 904 ἡμετέραν,

1089 920 1275 956 λαμπρότερος
1289 919 1312 954 ],
1328 919 1358 945 Εἰ
1376 919 1405 945 δὲ
1438 919 1485 944 καὶ
1506 917 1582 952 παρὰ
1607 916 1685 951 φίλου
1709 915 1874 942 ἀπέσταλται

1089 966 1291 1001 παρηγορήσων
1305 965 1389 1000 ἡμᾶς,
1404 964 1527 990 τουτέστι
1539 963 1613 997 παρὰ
1626 962 1671 988 τοῦ
1693 961 1810 997 μεγάλου
1824 961 1874 986 Bir-

1089 1012 1200 1044 σιλείου,
1212 1012 1240 1038 ὃν
1256 1011 1439 1046 καὶὸμότιμόν
1453 1019 1524 1045 φημι
1535 1010 1572 1044 τῷ
1583 1009 1704 1044 Νύσσης,
1719 1009 1802 1043 ἧγουν
1820 1007 1874 1033 ἴσον

1088 1058 1156 1086 κατά
1165 1058 1248 1093 τετὴν
1256 1058 1355 1094 ἀρετὴν
1361 1057 1486 1084 καὶκατὰ
1495 1057 1544 1092 τὴν
1553 1057 1621 1092 πρὸς
1632 1056 1682 1090 ἐμὲ
1689 1055 1789 1089 φιλίαν,
1798 1053 1873 1080 τοῦτο

1088 1105 1261 1141 χαριέστερόν
1273 1105 1331 1131 ἐστι
1351 1104 1399 1130 τοῦ
1417 1102 1607 1139 ἀρχιερατικοῦ
1625 1102 1709 1138 μύρου
1723 1102 1790 1136 ὅπερ
1806 1100 1873 1126 κατὰ

1087 1152 1137 1187 τὴν
1164 1150 1282 1186 κεφαλὴν
1303 1151 1341 1186 (7)
1370 1150 1416 1177 τοῦ
1434 1150 1584 1185 ἀρχιερέως
1596 1148 1687 1183 χυθὲν,
1705 1147 1812 1182 πρῶτον
1826 1147 1873 1172 αὺ-

1087 1197 1134 1224 τὸν
1149 1197 1190 1232 (8)
1208 1196 1331 1231 ἐκόσμει,
1346 1194 1403 1222 εἶτα
1417 1196 1461 1222 τὸν
1473 1194 1602 1229 πώγωνα,
1616 1194 1712 1220 ἔπειτα
1722 1193 1818 1228 κατῄει
1829 1192 1874 1218 καὶ

1090 1243 1171 1279 μέχρι
1187 1242 1241 1269 τῶν
1255 1243 1346 1278 ἄκρων
1367 1242 1404 1277 (9)
1422 1241 1576 1276 ἐνδυμάτων
1595 1237 1687 1267 αὐτοῦ.
1707 1239 1766 1275 Χρὴ
1781 1238 1808 1265 δὲ
1826 1237 1874 1273 μύ-

1090 1297 1136 1325 ρον
1159 1290 1240 1322 νοεῑν,
1253 1289 1300 1316 καὶ
1321 1288 1351 1315 τὸ
1367 1289 1444 1322 ἅγιον
1459 1286 1579 1322 Πνεῦμα.
1593 1286 1678 1313 Τοῦτο
1695 1285 1749 1321 γὰρ
1769 1284 1874 1320 πρῶτον

1087 1335 1136 1370 τὴν
1149 1334 1196 1362 τοῦ
1214 1335 1314 1366 παντὸς
1328 1334 1453 1369 σώματος
1464 1333 1595 1368 κεφαλὴν.
1610 1333 1671 1367 ἥτις
1686 1331 1759 1358 ἐστὶν
1775 1331 1789 1356 6
1806 1331 1872 1365 Χρι‹

1089 1383 1161 1414 στὸς,
1173 1381 1308 1417 ὲπλήρου’
1323 1381 1382 1416 μεθ’
1395 1381 1424 1407 ὃν
1440 1380 1598 1407 κατέϐαινεν
1613 1379 1660 1405 ἐπὶ
1675 1377 1720 1404 τὸν
1731 1377 1811 1413 χορὸν
1821 1376 1875 1402 τῶν

1087 1429 1254 1460 ἀποστόλων,
1274 1429 1375 1462 κόσμον
1403 1427 1467 1453 ὂντα
1499 1425 1546 1452 τοῦ
1574 1424 1720 1460 προσώπου
1740 1422 1873 1459 Χριστοῦ·

1088 1474 1148 1502 εἶτα
1160 1474 1277 1509 κατῆλθε
1292 1476 1339 1501 καὶ
1358 1474 1404 1500 ἐπὶ
1417 1473 1447 1499 τὸ
1468 1473 1560 1499 λοιπὸν
1579 1471 1669 1507 σῶμα,
1693 1470 1815 1497 τουτέστι
1828 1469 1876 1505 τὴν

249 1516 367 1547 barbam.
384 1515 494 1542 barbam
517 1516 624 1548 Aaron,
652 1516 720 1551 quod
743 1517 878 1545 descendit
909 1519 936 1545 in
962 1527 1036 1546 oram

1095 1520 1268 1556 Ἐκκλησίαν.
1291 1520 1338 1546 Ἐκ
1363 1519 1410 1546 τοῦ
1427 1518 1508 1545 Δαιιῖδ
1533 1518 1562 1550 δὲ
1573 1518 1622 1544 καὶ
1638 1516 1725 1544 ταῦτα
1737 1516 1876 1551 εἴληπται.

249 1561 463 1596 vmimentiejus
480 1562 515 1588 ³⁸.
533 1561 587 1589 Ora
605 1567 696 1590 autem
720 1563 790 1591 idem
809 1568 852 1592 est
878 1566 952 1600 quod
978 1572 1036 1594 sto-

249 1607 460 1634 lam-vocamus.

1091 1569 1230 1603 λέγοντος·
1252 1567 1324 1594 Ἰδοὺ
1341 1566 1391 1600 δὴ,
1410 1567 1438 1592 τί
1460 1565 1555 1592 καλὸν
1569 1565 1588 1598 ἢ
1603 1564 1631 1591 τί
1645 1563 1782 1599 τερπνὸν,
1808 1561 1876 1590 ἀλλ’

1090 1614 1110 1648 ἢ
1128 1614 1161 1641 τὸ
1177 1613 1326 1647 κατοικεῖν
1350 1611 1503 1646 ἀδελφοὺς
1525 1610 1701 1641 ἐπιτοαυτό;
1723 1609 1769 1642 Ὠς
1781 1610 1875 1643 μύρον

248 1654 298 1681 ἐπὶ
314 1655 450 1689 κεφαλῆς
464 1655 496 1682 τὸ
511 1656 691 1683 καταϐαῖνον
712 1656 762 1684 ἐπὶ
779 1657 915 1692 πώγωνα,
928 1659 983 1686 τὸν
995 1661 1123 1697 πώγωνα
1139 1662 1192 1688 τὸν
1213 1660 1330 1695 Ἀαρὼν,
1348 1659 1382 1686 τὸ
1403 1658 1584 1686 καταϐαῖνον
1606 1656 1656 1684 ἐπὶ
1672 1656 1729 1690 τὴν
1747 1656 1809 1683 (bar
1824 1656 1877 1684 τοῦ

248 1701 412 1737 ἐι-ὁύματος
434 1702 592 1730 αὑτοῦ-Ὠιι
605 1703 633 1730 δέ
650 1705 734 1736 ἐστιν.
749 1704 764 1731 6
776 1705 912 1742 καλοῦμεν
931 1709 1124 1746 ὲπιτραχήλιον
1145 1709 1211 1745 (10).

283 1756 323 1783 Αη
338 1765 429 1784 vero...
455 1757 562 1791 ejﬁnxil.
582 1771 619 1777 —
634 1759 676 1786 An
703 1767 778 1792 vero,
796 1761 843 1792 ait.
853 1767 1038 1797 congruenter

251 1807 278 1829 et
297 1802 463 1830 suﬂicienter
481 1803 570 1830 oratio
581 1805 670 1831 virum
681 1804 825 1840 depinxit;
842 1810 889 1834 aut
910 1808 1038 1836 imitabor

248 1848 393 1882 diligentes
406 1848 542 1883 pictores;
556 1853 583 1876 et
598 1849 671 1877 sicut
683 1850 722 1878 illi
740 1858 856 1887 corpora
871 1852 1038 1882 adumbran-

250 1899 302 1926 tcs.
320 1895 441 1922 secunda
470 1899 497 1922 et
526 1896 606 1923 tertia
637 1904 720 1924 manu
741 1904 773 1924 ea
789 1898 933 1932 perﬁciunt
947 1900 1038 1927 absol-

249 1945 372 1976 vuntque
386 1941 541 1973 coloribus.
558 1941 599 1970 sic
614 1946 642 1970 et
655 1950 706 1977 ego
726 1944 826 1979 saepius
842 1946 976 1974 orationis
995 1946 1037 1973 in-

249 1987 320 2014 duco
343 1987 461 2019 colores,
485 1991 514 2014 ut
539 1988 708 2023 descriptum
739 1997 753 2016 a
779 1998 829 2017 me.
847 1991 1035 2026 perfectiorem

250 2032 326 2059 vobis
343 2033 378 2060 ob
391 2034 486 2060 oculos
503 2041 612 2068 ponam.
634 2033 728 2069 Neque
739 2039 830 2062 autem
844 2036 932 2070 majus
941 2037 1038 2071 habeo,

249 2086 338 2113 neque
355 2078 511 2113 praeclarius
529 2080 669 2114 exemplar
684 2088 765 2114 quam
775 2080 884 2117 Moysen
900 2086 927 2109 et
936 2082 1036 2112 Aaron.

249 2124 483 2157 Quemadmodum
496 2126 569 2152 enim
587 2125 636 2158 illi,
653 2127 694 2153 sic
707 2130 859 2162 etmagnus
877 2127 994 2156 Basilius
1010 2134 1037 2156 et

250 2170 387 2206 Nyssenus
416 2171 573 2206 Gregorius.
607 2171 707 2200 fratres
722 2177 749 2199 et
774 2181 858 2200 carne
876 2177 903 2201 et
923 2175 1035 2209 pietate.

1123 1764 1182 1792 Col.
1195 1764 1247 1792 853
1262 1764 1295 1790 A.
1315 1761 1375 1797 Ἆρ’
1390 1760 1478 1791 οὖν...
1496 1761 1718 1789 ἁνετυπώσατο.
1736 1758 1811 1797 ’Ᾱρά
1833 1769 1877 1795 γε,

1090 1811 1167 1846 φησὶ,
1194 1809 1358 1845 συμμέτρως
1384 1808 1430 1835 καὶ
1449 1808 1605 1844 ἀρκούντως
1623 1809 1636 1834 6
1651 1808 1707 1842 (ll)
1737 1807 1815 1841 λόγος
1832 1807 1877 1833 τὸν

1088 1856 1172 1892 ἄνδρα
1185 1856 1334 1887 εἱκόνισεν;
1349 1855 1385 1881 Ἦ
1408 1855 1563 1890 μιμήσομαι
1589 1855 1652 1886 τοὺς
1668 1853 1807 1888 ἐπιμελεῖς
1824 1852 1876 1879 τῶν

1089 1901 1240 1938 ζωγράφων
1251 1910 1257 1916 ·
1273 1902 1320 1928 καὶ
1332 1900 1426 1936 ὥσπερ
1436 1901 1533 1927 ἐκεῖνοι
1544 1901 1602 1931 ταῖς
1616 1901 1705 1931 σκιαῖς
1713 1899 1747 1925 τὰ
1763 1898 1877 1934 σώματα

1091 1947 1346 1983 προχαράσσοντες,
1367 1946 1481 1981 δευτέρᾳ
1506 1946 1552 1972 καὶ
1576 1946 1655 1980 τρίτῃ
1681 1945 1753 1980 χειρὶ
1776 1943 1877 1974 ταύτας

1091 1993 1270 2028 ὲπακριὸοὖσι
1280 1993 1328 2019 καὶ
1338 1992 1471 2019 τελειοῦσι
1479 1993 1535 2023 τοῖς
1545 1991 1699 2027 χρώμασιν,
1714 1991 1784 2017 οὕτω
1799 1989 1876 2024 κάγὼ

1089 2039 1220 2071 πολλάκις
1252 2038 1375 2066 ἐπιϐαλῶ
1394 2038 1441 2066 τοῦ
1459 2038 1537 2073 λόγου
1557 2038 1592 2065 τὰ
1616 2038 1758 2073 χρώματα,
1775 2038 1818 2064 ἵνα
1831 2037 1876 2063 τὸν

1087 2083 1286 2119 εἰκονιζόμενον
1298 2084 1363 2118 παρ’
1374 2082 1442 2118 ἐμοῦ
1456 2083 1625 2118 παραστήσω
1643 2082 1707 2117 ὑμῖν
1723 2081 1875 2107 ὲντελέστε-

1087 2138 1143 2165 ρον.
1156 2130 1212 2156 υὺκ
1229 2129 1283 2164 ἔχω
1308 2129 1336 2155 δὲ
1362 2127 1464 2164 μεῖζον,
1477 2128 1538 2154 οὐδὲ
1561 2125 1770 2162 γνωριμώτερον
1786 2125 1876 2161 παρά-

1085 2176 1195 2211 δειγμα,
1210 2174 1256 2201 τοῦ
1274 2174 1344 2201 κατὰ
1359 2175 1477 2201 Μωῦσέα
1496 2173 1543 2199 καὶ
1571 2171 1684 2208 Ἀαρών.
1697 2171 1802 2209 Ὥσπερ
1822 2170 1876 2206 γὰρ

250 2216 361 2252 Magnus
384 2217 499 2244 Basilius
529 2217 680 2253 legislntor,
711 2219 737 2245 id
760 2223 803 2246 est
819 2220 944 2247 canonici
961 2221 1034 2255 juris

1089 2221 1195 2253 ἐκεῖνοι,
1212 2219 1284 2246 οὕτω
1307 2218 1353 2245 καὶ
1377 2219 1391 2245 6
1417 2218 1502 2252 μέγας
1523 2216 1662 2248 Βασίλειος
1674 2216 1720 2243 καὶ
1736 2217 1750 2242 6
1764 2215 1875 2250 Νύσσης

248 2264 345 2289 doctor
357 2263 383 2289 in
398 2264 589 2291 sacerdotibus
604 2268 631 2291 et
651 2265 796 2294 monachis
810 2265 1034 2300 illustrissimus;

248 2307 387 2342 Nyssenus
415 2316 480 2335 vero
497 2309 668 2335 sacerdotum
692 2309 808 2336 aliorum
833 2311 1034 2343 sanctissimus,

247 2354 319 2380 sicut
341 2354 385 2381 hic
403 2353 503 2381 Aaron.
522 2353 633 2389 Magnus
650 2354 781 2387 Basilius.
795 2357 948 2391 spiritualis
965 2357 1036 2384 Pha-

248 2400 341 2427 raonis
360 2399 440 2432 Deus,
455 2400 526 2427 sicut
542 2400 648 2436 Moyses
661 2401 788 2429 visibilis.
803 2400 833 2428 In
849 2401 941 2429 Exodo
956 2404 1030 2430 enim

1086 2265 1245 2301 Γρηγόριος,
1266 2265 1376 2298 ἀδελφοὶ
1386 2264 1432 2290 καὶ
1444 2263 1514 2290 κατὰ
1527 2263 1616 2297 σάρκα
1629 2261 1756 2289 καὶκατὰ
1771 2262 1822 2297 τὴν
1832 2261 1875 2287 εὑ-

1086 2311 1204 2338 σέὸειαν.
1235 2309 1290 2336 Καὶ
1311 2310 1326 2336 6
1353 2309 1401 2344 μὲν
1428 2309 1513 2344 μέγας
1539 2307 1694 2339 Βασίλειος,
1715 2306 1870 2342 νομοθέτης,

1087 2359 1170 2393 ἤγουν
1187 2357 1346 2392 κανονιστὴς
1359 2357 1386 2382 ὲν
1402 2356 1504 2391 ἱερεῦσι
1518 2355 1565 2382 καὶ
1583 2356 1729 2389 μονασταῑς
1746 2354 1874 2388 ἐπιφανέ-

1086 2411 1198 2436 στατος·
1224 2403 1239 2428 6
1255 2402 1284 2428 δὲ
1297 2402 1417 2437 Νύσσης,
1432 2401 1527 2437 ίερέων
1542 2401 1596 2427 τῶν
1613 2400 1701 2428 ἄλλων
1713 2399 1873 2434 ἁγιώτατος,

281 2498 305 2512 ’⁷
318 2489 395 2537 13.59.
412 2506 459 2537 itu.
475 2498 519 2526 56.
557 2497 783 2537 "_Deut_.__xtt_xtu,
864 2501 886 2516 ²⁹
903 2499 935 2527 lV
954 2499 1037 2537 Reg.t

1089 2521 1094 2527 .
1135 2502 1158 2518 “
1176 2502 1183 2528 Ι
1199 2501 1271 2529 Tim.
1289 2509 1326 2534 vr,
1344 2501 1386 2530 Η.
1423 2502 1445 2518 ³¹
1463 2501 1612 2535 Exod.xtx,
1626 2501 1672 2529 ‘22.
1711 2501 1732 2517 ³⁸
1751 2499 1818 2527 Dan.
1835 2508 1873 2534 Ix,

249 2533 292 2558 25.
332 2533 354 2547 ⁸³
369 2532 439 2560 Psal.
455 2541 558 2565 cum.
576 2534 600 2560 Ι.
641 2533 663 2549 ³⁸
679 2533 744 2561 ibid.
761 2542 779 2565 ι,
794 2533 821 2560 2.

299 2623 322 2655 Ι)
340 2622 401 2648 τῶν
414 2622 489 2650 abest
505 2624 529 2649 hi

295 2658 323 2691 2)
334 2657 417 2692 Φησίν
434 2658 507 2684 addit
516 2657 540 2684 h.

283 2694 320 2727 (ὅ)
335 2692 383 2719 Hic
397 2692 473 2719 addit
493 2693 527 2722 h.
545 2692 593 2719 Ἂν
608 2692 647 2727 νδὲ
677 2691 786 2723 συνετὸς
806 2693 847 2727 εἴη
878 2692 924 2718 καὶ
949 2692 1032 2727 ἄκρος

283 2701 320 2727 (ο)
335 2701 383 2719 mc
397 2701 473 2719 auutt
493 2701 527 2722 n.
553 2701 593 2719 ‘Av
618 2701 647 2718 οε
677 2701 786 2723 συνετος
806 2701 847 2753 ειὲ
878 2701 924 2718 και
949 2701 1032 2727 ακρος

249 2727 310 2756 κατ’
328 2727 484 2763 ἀμφοτέραν
497 2728 546 2763 τὴν
563 2726 712 2763 παίδευσιν,
730 2727 779 2761 τήν
793 2736 823 2753 τε
849 2726 885 2759 ξω
900 2727 971 2763 φημὶ
987 2727 1033 2753 καὶ

249 2761 657 2799 τὴνγήμετέρανγ.λαμπρότερος».
668 2761 729 2799 Hac
745 2763 825 2799 paulo
841 2761 1032 2799 posthabeta.

286 2794 401 2831 (4)"Hic'
418 2794 504 2825 addit'
517 2794 547 2826 h.'
570 2794 631 2824 Οἶόν
646 2797 717 2831 λέγω
739 2794 779 2828 το,
795 2794 891 2828 σκέῦος
907 2796 1032 2831 ἐκλογῆς,

250 2833 296 2860 καὶ
311 2833 352 2863 τὸ,
363 2833 456 2865 πιστὸς
471 2833 607 2868 θεράπων,
624 2833 679 2865 καὶ,
691 2832 846 2868 λειτουργὸς
857 2831 971 2867 Κυρίου.
985 2832 1035 2859 καὶ

249 2868 284 2895 τὰ
299 2869 388 2903 ὅμοια.

1118 2623 1155 2657 (5)
1171 2624 1243 2658 Φημί
1258 2632 1284 2651 ﬂ.

1128 2658 1280 2700 §)_lncl_usa_
1290 2659 1370 2692 paulo
1384 2660 1510 2700 superius
1524 2659 1604 2686 habet
1628 2658 1658 2685 h.

1119 2693 1237 2729 (7)Κατὰ
1250 2693 1299 2728 τῆς
1312 2693 1432 2729 κεφαλῆς
1446 2695 1473 2721 h.

1118 2729 1161 2763 (8)
1173 2728 1264 2764 Αὑτήν
1283 2730 1309 2756 h.

1119 2764 1157 2798 (9)
1177 2764 1237 2790 Τῶν
1250 2764 1397 2799 interponit
1412 2764 1438 2791 h.

1135 2799 1177 2830 10)
1196 2798 1409 2835 Περιτραχήλιον
1422 2799 1450 2827 b.

1122 2798 1146 2870 (ι
1154 2834 1179 2870 1)
1199 2834 1279 2870 Ἐμός
1297 2835 1324 2862 iu
1341 2842 1427 2870 marg.
1443 2834 1503 2862 addi

1136 2834 1179 2870 lt)
1199 2834 1279 2870 Ἐμός
1297 2835 1324 2880 in
1341 2842 1427 2871 marg.
1443 2834 1517 2862 addit
1533 2834 1563 2863 lt.
