2022 3134
162 144 213 172 9T3

741 145 785 171 AD
802 143 830 172 S.
850 143 1014 173 GREGORII
1033 144 1135 173 ORAT.
1152 143 1194 172 XI.

1724 145 1776 172 971

161 202 197 235 ὥς
218 203 277 229 ἐκεῖ
305 201 408 236 Ἀαρών
506 202 560 228 Καὶ
585 203 599 229 ὀ
625 202 674 238 μὲν
695 203 780 238 μέγας
798 203 945 236 Βασίλειος,

1002 204 1030 230 ad
1046 212 1106 230 eum
1121 204 1222 231 dictum
1234 206 1276 230 est
1288 211 1294 229 :
1307 202 1373 229 Ecce
1388 203 1447 229 dedi
1460 207 1483 229 te
1500 202 1581 229 Deum
1595 201 1731 229 Pharaoni
1740 203 1775 232 ⁸⁵,

162 249 227 281 θεὸς
239 248 287 275 τοῦ
301 247 397 283 νοητοῦ
413 247 521 283 Φαραὼ,
540 247 578 279 ὡς
590 248 604 274 ὁ
617 248 735 283 Μωῦσῆς
747 248 792 275 τοῦ
807 248 947 283 αἰσθητοῦ.

164 295 263 331 Εἴρητο
288 295 326 328 (2)
350 294 403 330 γὰρ
422 295 489 330 πρὸς
514 295 593 321 αὑτὸν
617 296 646 321 ὲν
663 296 695 330 τῇ
720 294 835 329 Ἐξόδῳ·
859 295 948 326 Ἰδοὺ,

163 340 277 367 δέδωκά
297 348 334 367 σε
359 339 433 366 Θεὸν
464 339 577 373 Φαραὼ,
603 340 685 375 ἥγοιιν
705 340 895 375 ἐχειροτόνησά
908 349 949 366 σε.

169 385 199 413 Ὀ
224 387 263 420 (5)
284 386 391 420 Ἰσραὴλ
405 386 432 412 δὲ
452 386 560 420 νοητὸς,
577 385 591 411 ὁ
605 385 719 421 εὐσεϐὴς
735 386 807 417 λαὸς,
826 383 856 413 οὗ
873 386 950 420 προῖ-

164 440 245 457 στατο
269 432 283 458 ὁ
311 430 379 462 θεῖος
405 431 551 462 Βασίλειος,
566 431 612 457 καὶ
635 427 657 465 ᾧ
678 431 840 464 ἐνομοθέτει.
861 431 949 465 Νεφέ-

163 477 195 512 λη
220 477 259 507 δὲ,
276 478 292 511 ἡ
311 476 357 503 τοῦ
373 476 485 512 νομικοῦ
508 477 670 512 γράμματος
688 476 826 510 παχύτης.
856 473 887 502 οὗ
909 476 947 510 (ι)

164 523 233 548 εἵσω
254 522 352 558 χωρῶν
377 522 415 556 (5)
442 524 474 557 τῇ
495 522 600 557 διανοίᾳ
617 522 759 548 ἐπώπτευε
774 521 809 548 τὰ
822 521 881 548 θεῖα
898 530 949 556 μυ-

166 568 276 603 στήρια.
300 568 333 594 τὰ
360 568 502 604 ἀπόρρητα
520 569 577 599 τοῖς
601 568 707 599 ἄλλοις,
722 568 769 594 καὶ
790 567 950 603 ὲμυσταγώ-

164 619 232 645 mea
252 611 293 646 (6)
316 611 400 638 ταῦτα
416 611 564 638 διδάσκων·
584 612 600 647 ἢ
613 612 650 644 ὠς
666 613 706 642 είς
722 612 847 648 νεφέλην,
863 613 902 644 είς
915 612 949 639 τὰ

165 656 249 683 ἄδυτα
272 656 319 683 τοῦ
339 657 497 693 Πνεύματος
525 657 611 692 εἰσῄει
637 658 684 684 καὶ
711 657 797 684 ταῦτα
826 657 948 693 ἐθεώρει.

165 702 256 738 Σκηνὴ
268 702 296 728 δὲ
307 703 324 738 ἡ
335 703 383 738 μὲν
391 703 499 738 νομικὴ,
513 704 615 738 τυπική
626 712 668 734 τις
681 702 725 738 ἦν,
737 704 769 738 ἢν
782 703 951 739 ὲτεχνίτευσε

167 747 216 782 μὲν
245 748 392 783 Βεσελεὴλ,
420 748 538 784 ἐπήξατο
562 748 590 775 δὲ
606 749 735 783 Μωῦσῆς.
769 749 893 784 Ἀληθινὴ
922 749 950 776 δὲ

166 793 264 828 σκηνὴ,
283 793 354 821 καθά
369 802 450 828 φησιν
466 796 480 821 ὁ
503 795 676 826 ’Δπόστολος,
697 796 713 830 ἡ
737 795 882 830 Ἐκκλησία
897 795 950 821 τῶν

166 838 346 874 Χριστιανῶν.
365 840 456 878 Ἰερεῖς
466 839 494 866 δὲ
517 840 682 876 ἀμφότεροι·
700 841 747 867 καὶ
761 841 774 867 ὁ
800 841 848 876 μὲν
864 841 950 876 μέγας

166 885 306 917 Βασίλειος
320 877 435 920 ἔξαρχος
450 886 504 912 τῶν
518 886 625 921 ἱερέων,
640 886 686 913 καὶ
700 886 890 921 μυσταγωγῶν
905 886 950 913 διὰ
966 877 986 904 Β

164 930 212 957 τοῦ
227 930 339 965 Νύσσης
353 930 463 965 ἐτέρους
476 931 522 957 καὶ
539 931 616 957 ἱλεῶν
632 931 723 962 αὐτοῖς
736 931 782 957 τὸν
796 931 862 958 Θεόν
871 939 877 945 ·
893 933 907 958 ὁ
922 931 950 958 δὲ

166 977 281 1011 Νύσσης
302 976 371 1011 μετὰ
387 976 433 1002 τὸν
448 976 535 1011 μέγαν
550 975 688 1003 Βασίλειον
702 977 793 1008 εὐθύς.
810 978 865 1004 Καὶ
883 977 952 1013 ὅπερ

166 1023 197 1048 ὲ.»
208 1024 242 1057 τῇ
258 1021 355 1057 Ἐξόδῳ
365 1023 471 1058 εἴρηται
486 1022 554 1058 πρὸς
568 1023 689 1058 Μωῡσῆν
700 1023 820 1058 περὶτοῦ
836 1022 951 1058 Ἀαρὼν,

166 1068 206 1093 ἔτι
219 1067 316 1100 Αὐτὸς
344 1067 429 1094 ἔσται
445 1075 495 1094 σοι
512 1069 556 1100 εἷς
573 1068 670 1102 στόμα
692 1068 745 1103 (7),
759 1068 800 1094 σὺ
816 1067 850 1094 δὲ
870 1067 951 1100 αὐτῷ

165 1112 223 1146 ἔσῃ
241 1111 279 1138 τὰ
297 1111 371 1146 πρὸς
392 1111 428 1147 (8)
451 1112 536 1144 Θεὸν,
551 1112 629 1139 τοῦτο
641 1113 687 1139 καὶ
698 1109 770 1140 οὗτοι
784 1110 853 1147 ἦσαν
867 1113 952 1148 ἀλλή-

167 1157 233 1189 λοις.
255 1157 310 1184 Καὶ
328 1158 389 1184 τότε
410 1158 458 1193 μὲν
483 1159 582 1185 ἐκεῖνοι
598 1159 658 1190 ταῖς
675 1158 740 1185 δέκα
763 1158 880 1193 πληγαῖς
903 1159 953 1193 τὴν

167 1204 307 1238 Αιγυπτον
321 1203 485 1230 ἐϐασάνισαν
509 1204 548 1238 (9)
559 1213 565 1218 ³
591 1204 638 1231 νῦν
653 1204 680 1230 δὲ
694 1202 767 1230 οὗτοι
783 1204 832 1239 τὴν
850 1212 953 1231 σκοτει-

167 1249 215 1283 νὴν
230 1249 279 1276 καὶ
292 1244 438 1284 διώκτριαν
449 1249 598 1285 ἁμαρτίαν.
622 1247 737 1276 Ἐκεῖνοι
751 1249 800 1285 τὴν
822 1249 954 1285 Ἐρυθρὰν

168 1294 275 1329 ἔτεμον,
292 1293 339 1320 καὶ
350 1291 422 1320 οὗτοι
434 1294 484 1329 τὴν
500 1294 638 1321 θάλασσαν
648 1294 703 1321 τῶν
718 1294 822 1322 παθῶν.
840 1295 954 1321 Ἐκεῖνοι

166 1340 213 1367 τὸν
233 1339 342 1375 Ἰσραὴλ
361 1339 478 1370 ἔσωσαν,
499 1340 546 1367 καὶ
569 1341 632 1372 τοὺς
649 1341 815 1375 Αἰγυπτίους
838 1341 954 1367 ἀπέπνι-

168 1385 234 1418 ξιιν⁸
249 1382 323 1412 οὗτοι
338 1386 402 1417 τοὺς
418 1385 540 1417 εὐσεϐεῖς
551 1385 724 1420 διεφύλαξαν,
741 1387 804 1418 τοὺς
823 1386 850 1413 δὲ
865 1386 955 1422 δαίμο-

167 1439 216 1462 νας
237 1430 254 1465 ἢ
283 1431 347 1462 τοὺς
367 1431 524 1466 αίρετικοὺς
548 1431 754 1459 κατεπόντισαν.
790 1433 903 1459 Ἐκεῖνοι
924 1432 954 1458 τὸ

170 1477 259 1512 μάννα
276 1475 307 1509 ἐξ
322 1477 437 1513 οὐρανοῦ
459 1478 586 1505 εἵλκυσαν
603 1477 650 1504 καὶ
668 1477 741 1514 ὕδωρ
756 1478 824 1505 πολὺ
840 1479 886 1505 καὶ
902 1487 954 1505 πα-

170 1523 291 1558 ράδοξον,
305 1523 336 1550 τὸ
356 1523 405 1558 μὲν
418 1523 448 1558 ἐξ
465 1525 619 1560 ἁκροτόμου
637 1524 739 1559 πέτρας
752 1523 911 1559 ἐξήνεγκαν,
924 1525 954 1550 τὺ
968 1542 989 1571 C

167 1568 196 1595 δὲ
210 1567 375 1602 ἑγλύκαναν,
391 1568 421 1595 τὸ
438 1570 466 1596 ὲν
484 1570 517 1605 τῇ
536 1570 633 1605 Μερῤᾷ
646 1569 756 1604 δηλαδή.
775 1569 852 1596 Ἔστι
864 1569 891 1596 δὲ
909 1569 956 1596 καὶ⁹

168 1613 198 1640 ἐν
218 1614 324 1645 τούτοις
341 1614 398 1648 (10)
430 1615 511 1650 ἄρτος
530 1614 578 1649 μὲν
599 1615 734 1650 οὐράνιος,
753 1616 770 1650 ἡ
787 1614 958 1651 πνευματικὴ

169 1659 255 1695 τροφή
267 1667 273 1673 ·
294 1659 350 1694 (Η)
368 1658 440 1694 ὓδωρ
452 1659 491 1691 δὲ,
508 1659 538 1685 τὸ
556 1659 661 1695 ζωηρὸν
679 1661 754 1694 νᾶμα
768 1659 818 1694 τῆς
832 1659 959 1686 διδασκα-

171 1703 231 1736 λίας
244 1704 294 1731 τοῦ
310 1705 439 1739 Χριστοῦ,
455 1705 484 1736 ὃς
496 1706 598 1740 ἐστινὴ
614 1705 700 1740 πέτρα
713 1705 784 1732 κατὰ
817 1705 862 1732 τὸν
881 1705 960 1732 ’Λπό-

171 1750 272 1777 στολον.
286 1750 498 1785 Γλυκαινόμενον
510 1750 538 1776 δὲ
551 1749 606 1785 (12)
623 1749 694 1786 ὕδωρ
709 1750 825 1778 ἐνταῦθα
841 1751 956 1786 νοήσεις,

170 1794 201 1822 τὸ
214 1795 268 1821 ἀπὸ
283 1795 336 1822 τῶν
361 1794 526 1831 Ἑλληνικῶν
541 1795 627 1829 λόγων
642 1796 681 1827 εἰς
704 1795 820 1831 Χριστὸν
842 1796 956 1830 μεταγὼ

1000 249 1105 276 scilicet
1119 248 1241 276 ordinavi
1260 252 1296 276 te.
1325 249 1406 275 Israel
1432 252 1521 275 autem
1539 248 1701 284 spiritualis,
1716 249 1778 284 pius

999 296 1126 331 populus,
1143 295 1186 322 cui
1202 300 1316 330 praeerat
1331 303 1446 329 magnus
1464 294 1590 328 Basilius,
1603 299 1631 322 et
1648 295 1727 329 cujus
1740 297 1778 322 le-

999 341 1110 375 gislator
1135 344 1206 367 erat.
1233 339 1345 370 Nubes,
1370 339 1463 374 legalis
1492 339 1589 366 littera:
1613 338 1778 369 crassitudo.

999 393 1079 421 quam
1106 386 1242 413 intellectu
1264 386 1417 420 ingrediens
1432 385 1523 412 divina
1539 385 1655 419 inspexit
1676 389 1779 419 myste-

1000 431 1051 461 ria,
1075 431 1136 458 aliis
1165 430 1293 462 nefanda,
1313 430 1485 464 initiavitque
1510 430 1568 456 haec
1592 429 1711 462 docens;
1737 429 1780 456 vel

1000 477 1071 504 sicut
1088 476 1115 503 in
1131 476 1241 508 nubem,
1259 477 1286 502 in
1299 475 1377 510 adyta
1387 475 1507 509 Spiritus
1516 475 1677 509 penetravit,
1695 481 1781 508 eaque

999 522 1202 556 contemplatus
1228 525 1280 549 est.
1306 520 1524 548 Tabernaculum
1547 521 1655 555 quidem
1684 520 1780 554 legale,

999 568 1173 603 allegoricum
1187 567 1322 603 quoddam
1333 571 1402 599 erat,
1417 566 1490 602 quod
1505 566 1640 594 exstruxit
1652 565 1780 596 Beseleel,

1000 613 1153 648 direxitquc
1168 613 1274 648 Moyses
1293 613 1325 638 “.
1341 612 1441 639 Verum
1459 618 1548 639 autent
1566 611 1781 640 tabernaculum.

1000 662 1030 686 ut
1048 659 1087 686 ait
1098 659 1247 694 Apostolus
1264 659 1296 691 ",
1315 658 1536 686 Christianorum
1550 657 1685 684 Ecclesia.
1696 657 1784 683 Ambo

1001 709 1090 732 autem
1107 705 1262 733 sacerdotes
1279 715 1285 732 :
1303 712 1417 740 magnus
1429 704 1536 739 quidem
1552 703 1669 731 Basilius
1693 710 1786 730 sacer-

1000 749 1094 776 dotum
1121 750 1258 784 princeps.
1281 754 1308 776 et
1327 754 1441 777 caeteros
1468 757 1516 784 per
1538 748 1691 784 Nyssenum
1717 747 1784 774 diri-

1001 803 1077 830 gens,
1095 795 1297 830 propitiumque
1321 795 1360 822 eis
1389 794 1473 821 Deum
1493 793 1628 826 ellieiens;
1643 792 1784 828 Nyssenus

1002 845 1090 867 autem
1108 846 1169 875 post
1193 848 1320 875 magnum
1335 840 1463 867 Basiliam
1485 840 1599 874 primus.
1618 839 1649 866 Et
1668 838 1740 873 quod
1757 838 1786 865 in

1001 885 1095 913 Exodo
1111 886 1213 913 dictum
1237 890 1279 913 est
1295 887 1328 913 ad
1343 887 1455 921 Moysen
1481 885 1514 912 de
1528 886 1630 916 Aaron.
1654 885 1785 919 quoniam

1002 932 1063 967 Ipse
1080 932 1129 959 erit
1152 931 1200 959 tibi
1217 932 1244 958 in
1261 939 1365 965 corpus.
1381 938 1409 958 tu
1424 936 1512 958 autent
1534 939 1556 957 ei
1574 931 1626 957 eris
1653 931 1681 956 in
1706 929 1784 956 rebus

1001 983 1059 1011 qua:
1078 976 1112 1002 ad
1136 975 1219 1002 Deum
1243 975 1412 1010 pertinent".
1438 975 1516 1008 Quod
1534 980 1561 1002 et
1582 975 1600 1002 ii
1622 974 1674 1002 sibi
1707 978 1787 1002 erant

1002 1021 1130 1048 invicem.
1147 1020 1226 1048 Tunc
1241 1021 1279 1047 illi
1297 1021 1406 1056 quidem
1423 1021 1515 1048 decem
1533 1021 1620 1056 p'agis
1636 1020 1783 1056 :Egyptum

1002 1071 1186 1099 vexaverant;
1220 1067 1246 1094 hi
1278 1074 1342 1094 vero
1365 1067 1538 1094 tenebrosam
1565 1066 1787 1100 vexatricemque

1003 1112 1185 1147 iniquitatem.
1201 1112 1286 1140 Primi
1301 1113 1423 1141 Rubrum
1440 1113 1592 1144 sciderunt,
1607 1113 1633 1139 hi
1650 1119 1714 1140 vero
1725 1119 1788 1146 pas-

1004 1159 1111 1186 sionum
1127 1166 1217 1192 mare;
1236 1159 1316 1194 primi
1332 1159 1413 1187 Israel
1429 1159 1534 1186 salvum
1552 1158 1684 1189 fecerunt,
1704 1157 1788 1192 [Egy-

1005 1204 1133 1238 ptiosque
1150 1204 1355 1238 demerserunt;
1379 1205 1406 1231 hi
1426 1211 1490 1232 vero
1516 1205 1576 1239 pios
1598 1207 1786 1234 servaverunt.

1008 1249 1200 1285 daemonesque
1215 1250 1257 1278 vel
1279 1251 1421 1278 haereticos
1440 1251 1598 1278 obruerunt.
1613 1249 1697 1277 Primi
1712 1257 1789 1276 mau-

1004 1303 1039 1323 na
1053 1296 1086 1323 de
1101 1297 1169 1324 caelo
1183 1300 1336 1329 traxerunt,
1353 1301 1380 1324 et
1392 1304 1488 1333 aquam
1504 1297 1616 1323 multam
1629 1296 1788 1323 hominum-

1004 1349 1058 1376 que
1071 1341 1150 1370 lidem
1173 1347 1358 1378 superantem,
1373 1343 1471 1378 partim
1500 1351 1532 1370 ex
1551 1347 1688 1378 pratrupta
1713 1346 1788 1376 petra

1004 1387 1161 1420 elicienles,
1180 1388 1278 1422 partim
1289 1388 1457 1420 edulcantes,
1475 1387 1503 1415 in
1522 1387 1626 1415 Merrha
1650 1387 1787 1415 videlicet.

1004 1428 1053 1457 Est
1066 1434 1154 1456 autem
1171 1434 1198 1457 et
1208 1431 1234 1458 in
1248 1431 1280 1458 iis
1294 1431 1371 1466 panis
1385 1432 1493 1466 quidem
1507 1432 1636 1463 caelestis.
1660 1432 1789 1467 spiritua-

1005 1475 1040 1502 lis
1054 1476 1151 1506 cibus;
1168 1482 1239 1510 aqua
1256 1481 1359 1507 autem,
1373 1475 1514 1504 viviﬁcans
1533 1481 1642 1504 torrens
1657 1476 1790 1503 doctrinae

1005 1520 1118 1554 Christi.
1131 1521 1178 1556 qui
1193 1526 1236 1548 est
1253 1526 1330 1557 petra
1348 1522 1427 1557 juxta
1447 1522 1606 1557 Apostolum
1623 1522 1656 1549 '~".
1672 1521 1791 1549 Edulca-

1006 1570 1061 1594 tam
1078 1574 1141 1593 vero
1152 1574 1250 1601 aquam
1261 1567 1304 1594 hic
1317 1567 1499 1600 existimabis,
1514 1575 1546 1595 ex
1560 1568 1671 1595 cthnica
1683 1568 1790 1603 sapien-

1006 1612 1043 1639 tia
1060 1612 1094 1639 ad
1108 1611 1248 1640 Christum
1267 1620 1443 1646 conversum,
1467 1619 1494 1641 et
1516 1614 1560 1649 pie
1583 1619 1727 1642 mutatum.
1750 1613 1790 1641 llli

1006 1658 1074 1685 scite
1088 1662 1115 1685 et
1131 1658 1280 1694 symbolice
1305 1667 1435 1687 manuum
1457 1660 1614 1687 extentione
1631 1668 1740 1687 crucem
1758 1659 1791 1688 ﬁ-

1008 1707 1146 1738 gurautes,
1166 1704 1276 1731 Amalec
1288 1704 1416 1732 fuderunt
1430 1714 1439 1739 ;
1464 1705 1491 1731 hi
1507 1713 1571 1733 vero
1585 1706 1733 1733 diabolum.
1750 1706 1791 1732 Illi

1009 1749 1042 1776 ad
1073 1749 1264 1784 promissionis
1291 1753 1392 1776 terram
1418 1751 1600 1785 properabant
1623 1755 1792 1786 ceterosque

1010 1796 1162 1828 dutebant;
1180 1795 1207 1822 hi
1226 1803 1289 1823 vero
1305 1796 1339 1823 ad
1353 1804 1465 1831 regnum
1480 1797 1622 1825 caelorum.

172 1851 251 1878 μενον
266 1844 313 1870 καὶ
323 1844 442 1876 εὐσεϐῶς
455 1843 739 1879 μεταλαμϐανόμενον.
763 1845 875 1871 Ἐκεῖνοι
907 1844 1046 1880 μυστικῶς
1076 1845 1123 1872 καὶ
1157 1844 1327 1880 συμὸολικῶς
1360 1847 1392 1881 τῇ
1416 1845 1471 1872 τῶν
1494 1846 1592 1881 χειρῶν
1613 1846 1722 1873 ἐκτάσει
1747 1846 1793 1872 τὸν

171 1892 287 1926 σταυρὸν
301 1892 458 1924 τυποῦντες,
473 1893 518 1919 τὸν
544 1893 668 1927 ’Λμαλὴκ
687 1891 885 1928 ὲτροπώσαντο,
901 1893 947 1919 καὶ
966 1888 1038 1919 οὗτοι
1054 1892 1099 1918 τὸν
1113 1891 1244 1919 διάϐολον.
1265 1893 1379 1920 Ἐκεῖνοι
1397 1893 1464 1928 πρὸς
1497 1893 1545 1929 τὴν
1568 1894 1620 1928 γῆν
1630 1895 1679 1929 τῆς
1707 1895 1793 1928 ἑπαγ-

171 1938 264 1973 γελίας
277 1938 404 1965 ἔσπευδον
419 1939 465 1965 καὶ
479 1939 542 1970 τοὺς
552 1939 646 1971 ἄλλους
658 1939 792 1974 ὡδήγουν-
809 1940 856 1966 καί
871 1935 944 1965 οὗτοι
958 1939 997 1970 εἰς
1011 1939 1058 1974 τὴν
1077 1939 1213 1974 βασιλείαν
1225 1939 1280 1966 τῶν
1293 1939 1423 1975 οὐρανῶν.

205 1986 265 2014 Col.
283 1985 336 2013 855
350 1985 371 2012 C
386 1985 413 2013 2.
434 1985 551 2012 Τούτων
563 1988 578 2013 ό
589 1986 656 2020 μὲν.
671 2005 678 2013 .
694 2006 700 2012 .
716 2007 723 2014 .
748 1986 954 2021 φοόεμότερον.

1046 1987 1145 2014 Horum
1162 1988 1273 2014 allen...
1307 1996 1469 2023 summopere
1501 1989 1684 2024 reformidant.
1701 2006 1734 2011 —
1755 1990 1793 2018 Ex

178 2031 244 2058 Ἀπὸ
260 2030 315 2057 τῶν
329 2030 374 2056 δύο
392 2031 458 2065 φησὶ
474 2030 575 2057 τούτων
589 2031 657 2066 (15),
671 2032 685 2057 ὁ
706 2031 754 2066 μὲν
771 2031 856 2066 μέγας
879 2031 954 2058 Βασί-

1009 2033 1116 2061 duobus
1132 2033 1194 2065 illis.
1212 2034 1310 2068 inquit.
1325 2034 1395 2062 alter
1411 2042 1525 2070 magnus
1544 2035 1660 2064 Basilius
1675 2044 1717 2064 me
1734 2037 1794 2065 abs-

172 2076 242 2107 λειος
265 2077 453 2113 κρυπτόμενον
481 2085 514 2112 με
539 2077 584 2103 καὶ
609 2078 788 2112 ἡσυχάζοντα,
811 2078 851 2110 εἰς
878 2077 954 2112 μέσοι.

1010 2079 1150 2106 conditum
1170 2085 1196 2106 at
1207 2079 1337 2107 otiantem
1355 2080 1381 2106 in
1397 2080 1515 2108 medium
1536 2083 1664 2116 produxit
1677 2087 1704 2110 et
1719 2083 1793 2110 ordi-

172 2124 260 2159 ἧγαγε
281 2124 327 2150 καὶ
346 2124 560 2159 ἐχειροτόνησεν,
581 2124 696 2156 ἀναξίως
718 2124 838 2159 κινηθεὶς
860 2124 907 2151 τοῦ
931 2125 954 2151 ὲκ

1012 2124 1099 2154 navit,
1118 2124 1253 2158 impulsus
1271 2131 1326 2152 non
1338 2129 1368 2152 ut
1383 2125 1494 2160 dignum
1513 2127 1682 2161 eratSpiritu
1699 2129 1746 2163 qui
1764 2129 1793 2156 in

174 2169 249 2205 αὐτῷ
273 2169 442 2204 Πνεύματος.
461 2170 546 2196 Τοῦτο
560 2171 589 2197 δέ
604 2179 685 2205 φημι,
708 2170 752 2197 διὰ
765 2170 814 2206 τὴν
831 2169 900 2206 βίαν,
914 2170 954 2197 κα)

1012 2170 1072 2205 ipso
1086 2175 1138 2198 est.
1161 2170 1218 2198 Hoc
1242 2176 1333 2198 autem
1351 2172 1431 2204 dico,
1453 2177 1562 2207 propter
1577 2173 1647 2205 vim,
1663 2168 1793 2208 quoniam

173 2215 217 2242 διὰ
232 2216 263 2241 τὸ
277 2215 405 2250 ἐμϐαλεῖν
423 2224 456 2250 με
471 2217 511 2248 εἰς
520 2216 651 2253 θορύϐους
663 2217 708 2243 καὶ
721 2216 852 2252 ταραχάς.
867 2216 954 2243 Τοιοῦ-

1012 2217 1039 2243 in
1056 2217 1190 2244 tumultus
1205 2221 1232 2244 et
1247 2218 1416 2245 turbationes
1429 2218 1545 2253 injectus
1558 2227 1629 2246 sum.
1642 2219 1707 2247 Tale
1720 2221 1794 2248 enim
1834 2215 1838 2218 ’

173 2269 217 2287 τον
232 2261 287 2296 γὰρ
298 2261 330 2287 τὸ
341 2261 440 2296 χωρίον
451 2261 486 2287 τὰ
498 2262 614 2296 Σάσιμα.
629 2261 707 2295 Λέγω
716 2261 780 2297 γὰρ,
792 2262 833 2288 ὅτι
844 2261 954 2294 ἀναξίως

1010 2261 1178 2290 Sasimorum
1190 2264 1330 2298 oppidum.
1353 2264 1418 2291 Dico
1428 2266 1500 2292 enim
1524 2265 1595 2299 quod
1616 2266 1726 2301 indigne
1741 2267 1793 2294 im-

174 2306 297 2342 ἐκινήθη.
315 2307 367 2333 κᾶν
379 2307 544 2342 τραχύτερος
568 2308 582 2333 ὀ
604 2307 691 2342 λόγος.
707 2307 819 2339 Πάντως
834 2307 862 2333 δὲ
874 2309 889 2334 ὸ
910 2307 954 2342 μέ-

1009 2307 1104 2341 pulsus
1120 2311 1179 2339 est,
1198 2309 1251 2336 etsi
1276 2309 1398 2343 asperior
1413 2317 1504 2337 sermo
1524 2311 1569 2337 sit.
1587 2310 1704 2338 Omnino
1721 2312 1793 2339 enim

174 2360 225 2386 γας
235 2353 385 2385 Βασίλειος,
397 2353 473 2387 φίλος
483 2352 532 2385 ὢν,
546 2353 679 2388 ὑπομενεῖ
689 2352 777 2379 πάντα
790 2353 837 2379 καὶ
848 2353 954 2388 πάσχων

1009 2360 1126 2387 magnus
1139 2353 1270 2385 Basilius,
1282 2362 1344 2381 cum
1362 2355 1398 2382 sit
1414 2356 1529 2388 amicus,
1549 2357 1638 2383 omnia
1656 2357 1722 2384 feret
1737 2361 1793 2384 tum

175 2398 222 2424 καὶ
245 2398 361 2425 ἀκούων.
385 2399 417 2424 Ἦ
439 2399 493 2434 γὰρ
517 2399 612 2433 ἀγάπη
633 2398 720 2425 πάντα
746 2398 846 2432 στέγει,
871 2399 954 2425 πάντα

1010 2398 1174 2432 perpetiens,
1187 2402 1244 2425 tum
1256 2400 1383 2429 audiens.
1396 2400 1535 2436 Nyssenus
1546 2406 1635 2429 autem
1647 2402 1795 2437 Gregorius

176 2443 314 2478 ὑπομένει.
347 2444 376 2470 '0
392 2444 420 2470 δὲ
439 2444 550 2479 Νύσσης
565 2443 713 2479 Γρηγόριος
723 2463 731 2475 ,
747 2440 812 2478 ἦλθε
825 2451 954 2478 ,παραμυ-

1013 2443 1088 2469 venit
1099 2444 1293 2473 consolaturus
1304 2465 1311 2477 ,
1324 2450 1351 2472 et
1366 2447 1563 2479 auxiliaturus,
1588 2453 1614 2475 et
1640 2448 1795 2476 mansuefa-

177 2487 324 2522 θησόμενος
348 2489 396 2515 καὶ
418 2488 592 2522 καταλλάξων
607 2488 654 2515 καὶ
670 2487 892 2524 προσημερώσων
915 2488 954 2514 διὰ

1012 2492 1107 2517 cturus
1128 2494 1238 2525 propter
1261 2491 1393 2526 Spiritum
1409 2494 1454 2528 qui
1478 2498 1521 2521 est
1535 2494 1562 2521 in
1586 2495 1656 2529 ipso.
1673 2495 1706 2521 Et
1727 2496 1794 2523 milii

211 2553 233 2568 ³⁵
247 2552 331 2580 Exod.
348 2562 395 2584 vn,
410 2554 436 2582 l.
475 2554 497 2570 ³⁸
515 2553 599 2581 Exod.
618 2561 711 2586 xxxvt,
728 2554 753 2580 Ι.
791 2553 812 2569 ³⁷
828 2553 909 2581 Hebr.
925 2562 954 2582 vr

1002 2555 1023 2582 Ξ.
1063 2556 1086 2571 ³³⁸
1099 2556 1184 2584 Exod.
1202 2566 1239 2587 Iv.
1254 2559 1296 2587 16.
1336 2560 1358 2576 ³⁵
1373 2560 1380 2586 Ι
1393 2560 1455 2588 Cor.
1476 2570 1503 2594 ι,
1519 2562 1545 2589 4.

213 2631 250 2667 (i)
264 2631 302 2667 ρο
323 2631 426 2667 Ἀαρὼν
442 2632 467 2658 h.
1043 2633 1070 2666 (9

213 2666 250 2699 (2)
263 2666 377 2701 Εἴρηται
392 2667 419 2694 h.

211 2701 249 2736 (3)
268 2701 298 2736 '_0
312 2703 388 2728 abest
406 2703 431 2728 lt.

212 2734 250 2770 (4)
269 2734 307 2761 Ἦ
325 2736 351 2762 h.

224 2771 251 2806 5)
269 2770 318 2797 llic
333 2770 407 2797 addit
420 2771 448 2800 li.
468 2771 550 2805 ἤγουν
567 2771 635 2806 πρὸς
647 2771 677 2797 τὸ
698 2770 778 2806 βάθος
796 2771 934 2798 εἰσδυνων.

224 2805 252 2835 6)
278 2805 482 2840 Ἐμυσταγώγει
497 2806 524 2832 lt.

215 2840 251 2876 (ἶ)
271 2840 312 2866 Τὰ
326 2841 393 2876 πρὸς
410 2841 454 2866 τὸν
466 2841 530 2867 λαόν
546 2841 621 2868 addit
639 2841 666 2868 b.

213 2874 250 2910 (8)
271 2876 340 2911 Πρὸς
350 2874 397 2902 τὸν
413 2876 478 2902 Θεόν
491 2877 518 2903 Ιι,

1073 2633 1081 2668 )
1107 2633 1281 2667 Ἐϐασάνιζον
1298 2636 1322 2663 Ιι.

1043 2669 1107 2711 (ΙΨ),
1169 2671 1244 2711 παρὰ
1258 2671 1360 2704 τούτοις
1379 2672 1406 2698 II.
1423 2672 1483 2700 Mox
1504 2674 1573 2700 idem
1593 2679 1655 2709 post
1670 2676 1795 2711 οὐράνιος

1008 2702 1083 2739 addit
1096 2704 1110 2729 ό
1123 2702 1249 2739 Χριστος.

1043 2738 1259 2782 (11)]Ιῐορι1ιίίι
1278 2742 1308 2782 li,
1325 2741 1485 2782 _‘Eytb.y&_0,
1507 2745 1599 2782 φησὶν,
1617 2746 1630 2771 ὁ
1644 2746 1725 2780 ἄρτος
1739 2745 1798 2782 εἰμὶ

1006 2774 1056 2812 τῆς
1069 2773 1159 2812 ζωῆς,
1172 2776 1186 2802 ὁ
1200 2776 1232 2802 ὲκ
1245 2777 1292 2803 τοῦ
1305 2773 1420 2812 οὐρανοῦ
1428 2773 1566 2810 καταϐάς.

1043 2809 1101 2842 (xi)
1119 2810 1177 2836 Μέν
1193 2819 1241 2844 pro
1255 2812 1283 2838 δέ
1301 2812 1327 2838 lt.

1046 2844 1102 2879 (l5)
1129 2845 1194 2872 ’Δπὸ
1211 2847 1322 2880 τούτων,
1344 2848 1420 2884 φησὶ,
1432 2848 1486 2875 τῶν
1496 2848 1542 2875 δύο
1554 2849 1581 2877 lt.
