2022 3134
234 141 288 168 9¹’5

865 138 1011 166 NlCETAS
1029 138 1226 168 SERRONIUS

1801 132 1853 164 978

233 197 341 233 quidem
355 203 481 232 magnum
497 195 621 230 estquod
633 199 659 222 et
673 202 746 222 nunc
759 195 840 222 vertit.
855 194 911 222 lloc
923 200 1014 222 tamen

1067 196 1113 222 τοῦ
1133 197 1163 222 ὲν
1177 196 1251 231 αὐτῷ
1275 195 1442 230 Πνεύματος.
1459 194 1515 221 Ka‘l.
1535 194 1596 228 ἐμοὶ
1615 193 1663 228 μὲν
1681 192 1752 227 μέγα
1767 191 1851 223 ἐστὶν,

234 243 378 271 molestum
398 246 458 274 est,
481 241 555 276 quod
580 242 670 268 serius
688 249 770 275 quam
794 248 838 268 res
856 242 1017 276 postularet.

233 288 393 319 accesserit,
405 292 432 315 et
448 291 592 322 postquam
612 295 655 314 me
673 294 819 322 aggressus
832 291 874 314 est
887 287 1018 321 vicitque,

233 335 348 362 invitum
381 333 550 369 persuadens
585 333 709 360 ordinari
740 340 855 367 magnus
888 331 1016 360 Basilius.

235 379 309 414 ltogo
323 384 350 406 te
367 379 462 414 igitur,
481 378 672 412 cognominem
689 385 779 404 meum
790 397 798 408 ,
823 385 883 409 cur,
904 385 966 404 cum
991 381 1018 404 te

231 425 298 452 mihi
314 433 383 460 opus
395 430 478 455 esset,
491 431 545 451 non
558 424 677 454 veneris,
690 423 723 449 ad
739 423 805 449 mihi
820 422 1016 453 auxiliandum,

232 471 280 498 sed
306 470 414 498 serius?
439 469 566 504 Nunquid
595 474 630 499 te,
646 473 673 495 ut
699 468 792 495 fratris
811 472 959 499 amantem,
976 468 1017 494 vis

233 517 313 544 nobis
326 525 340 543 a
360 516 445 544 fratre
463 521 509 543 tuo
527 517 607 543 illata!
619 515 736 549 puduit?
747 515 787 542 An
803 519 832 542 tu
848 523 957 550 quoque
968 534 974 545 .
988 518 1016 541 ut

233 564 377 600 imperium
401 571 512 598 gerens,
536 563 629 596 iniquo
655 561 746 588 animo
768 561 856 588 tulisti
871 560 942 595 quod
963 567 1016 586 non

230 610 346 638 audiens
377 609 474 636 luerim
500 609 550 643 ipsi
584 611 645 643 post
674 607 877 634 ordinationem
907 606 1017 633 meam?

231 655 362 683 Clamabo
376 655 410 682 ad
423 659 460 686 te,
477 655 574 682 iisdem
586 661 653 681 usus
664 653 764 688 quibus
774 652 825 680 Job
840 653 942 683 verbis.
958 653 1016 687 ipse

231 707 340 735 quoque
355 700 449 727 dolore
460 699 583 730 affectus,
597 703 627 726 ut
644 699 688 727 ille
704 699 737 726 ad
756 699 874 726 amicum
888 698 1014 733 loquens,

231 754 286 773 non
314 745 425 781 quidem
450 746 597 780 iniquum,
620 746 715 779 quales
741 748 819 772 erant
842 743 894 772 Job
921 744 1015 776 amici,

231 799 322 826 neque
342 791 376 819 de
403 791 501 819 iisdem
529 791 743 818 calamitatibus.
770 789 841 823 Quid
869 790 951 825 igitur
977 791 1016 817 ait

232 837 299 865 ille?
322 837 370 864 Cui
388 837 527 864 adhaeres?
542 837 587 863 cui
609 844 688 871 opem
711 836 782 863 ferre
803 836 903 870 paras?
918 837 1013 863 Annon

231 883 269 913 ei,
284 883 328 909 cui
353 883 436 909 robur
453 882 589 912 multum,
611 886 637 908 et
656 881 800 908 brachium
818 881 938 908 validum
956 882 1015 908 est?
1031 869 1052 896 Β

226 927 364 962 ‘Equidem
376 927 483 959 addam,
496 931 522 954 ct
537 927 581 953 cui
600 927 684 954 multa
701 927 835 962 sapientia
851 931 877 954 el
888 928 1013 954 scientia.

231 973 309 1000 κυιιί
318 973 391 1000 enim
404 979 608 1000 consueverunt
618 980 725 1007 semper
738 973 771 999 ad
782 973 942 1000 validiorem
954 981 1015 1000 sese

231 1024 390 1046 convertere
409 1022 534 1053 partem,
551 1022 578 1045 et
594 1019 744 1044 amicorum
762 1017 929 1045 infirmiores
949 1025 1015 1044 con-

229 1066 357 1097 culcare,
383 1064 538 1099 potentibus
563 1068 653 1090 autem
670 1063 741 1091 ferre
767 1063 910 1091 auxilium.
936 1063 1014 1096 Quod

231 1111 340 1146 quidem
358 1111 441 1146 igitur
471 1113 499 1137 tu
524 1109 640 1140 novisti,
664 1117 763 1144 nempe
777 1110 822 1136 cui
846 1117 926 1142 opem
944 1109 1014 1138 ferre

229 1156 362 1184 volueris.
382 1155 446 1183 Mihi
465 1155 539 1182 enim
562 1153 640 1182 nefas
663 1154 697 1182 de
713 1158 739 1181 te
755 1155 905 1189 quidquam
919 1174 927 1187 ,
942 1155 1014 1190 quod

230 1202 266 1229 ab
282 1201 399 1228 honesto
414 1200 536 1227 alienum
563 1199 618 1230 sit,
641 1200 836 1233 pronuntiare;
853 1203 927 1232 tum,
945 1207 1014 1235 quo-

227 1247 307 1274 niam
326 1245 439 1273 virtutis
455 1245 546 1272 omnis
570 1245 711 1279 exemplar
725 1250 751 1272 te
775 1250 803 1272 et
817 1252 941 1272 normam
957 1246 1015 1273 exi-

231 1292 406 1324 stimo,tum,
423 1291 553 1326 quoniam
568 1290 635 1317 mihi
650 1288 802 1325 Scriptura;
822 1290 880 1325 lege
901 1290 1016 1318 interdi-

226 1339 314 1370 citur,
331 1345 366 1364 ne
381 1341 525 1372 proruptus
540 1336 592 1363 sim
607 1334 642 1362 ad
656 1335 846 1369 iudicandum,
865 1336 922 1363 sive
937 1337 1016 1364 dam-

231 1391 312 1416 nans,
337 1382 394 1411 sive
414 1382 494 1416 culpa
512 1381 641 1409 liberans.
666 1381 738 1407 Dixit
758 1381 831 1409 enim
860 1381 990 1409 Salomon
1008 1392 1014 1410 :

232 1428 274 1456 Nc
287 1429 324 1456 sis
342 1433 478 1463 promptus
497 1428 525 1454 in
544 1427 628 1454 verbis
641 1427 674 1455 ιθ.
696 1427 769 1454 Idem
796 1431 822 1455 et
843 1428 991 1463 Apostolus
1007 1439 1014 1457 :

230 1473 323 1502 Nolite
349 1479 409 1501 tmte
433 1479 532 1507 tempus
551 1473 675 1507 judicare
689 1473 722 1500 “.
750 1472 805 1508 Ego
824 1481 889 1501 vero
906 1479 1016 1510 paratus

1069 242 1110 268 ὅτι
1126 241 1172 268 καὶ
1190 241 1237 267 νῦν
1249 239 1315 276 ἦλθε
1325 249 1332 255 ·
1350 240 1493 276 μέμφομαι
1507 239 1547 270 δὲ,
1557 239 1599 265 ὃτι
1617 237 1684 273 μετὰ
1696 237 1747 272 τὴν
1760 237 1854 272 χρείαν

1068 285 1136 322 ἦλθε
1149 288 1196 314 καὶ
1210 287 1276 322 μεθὸ
1287 285 1440 321 κατέδραμε
1455 293 1505 320 μου
1523 284 1570 311 καὶ
1578 283 1679 319 ἥττησέ
1693 291 1738 317 με,
1755 282 1856 309 ἄκοντα

1070 333 1167 364 πείσας
1186 331 1406 367 χειροτονηθῆναι
1426 331 1439 356 ὁ
1464 330 1549 365 μέγας
1572 329 1719 359 Βασίλειος.
1746 327 1855 363 Ἐρωτῶ

1068 377 1114 406 οὖν
1130 379 1175 405 τὸν
1190 378 1335 413 ὁμώνυμόν
1350 386 1395 413 μοι
1408 387 1414 392 ·
1433 376 1520 407 Διατί,
1537 376 1582 402 ὅτε
1600 383 1647 401 σου
1664 373 1789 411 ἔχρῃζον,
1804 374 1854 399 οὐκ

1068 422 1159 459 ἦλθες,
1179 425 1223 450 ἴνα
1242 433 1287 458 μοι
1309 423 1503 458 συμμαχὴσῃς,
1519 421 1575 448 ἀλλ’
1599 420 1711 455 ὕστερος
1727 419 1774 446 τοῦ
1798 428 1854 445 και-

1069 470 1117 506 ροῦ
1129 478 1135 501 ;
1149 467 1222 506 'Apa
1240 469 1277 500 ὡς
1298 468 1457 504 φιλάδελφος
1476 467 1613 503 ᾐσχύνθης
1628 466 1678 501 τὴν
1699 465 1852 501 τυραννίδα,

1067 516 1100 551 ἣν
1113 515 1280 550 ἐτυράννησε
1297 523 1330 550 με
1346 515 1360 540 ὸ
1374 513 1487 547 ἀδελφός
1502 522 1566 546 σου;
1580 512 1596 547 ἢ
1612 512 1660 538 καὶ
1673 512 1705 538 σὺ
1719 511 1756 542 ὡς
1775 511 1853 537 δυνά-

1068 569 1134 596 στης
1148 561 1341 596 ἐδυσχέρανας,
1357 560 1424 586 διότι
1436 560 1566 594 ἠπείθουν
1581 558 1654 593 αὐτῷ
1674 558 1742 593 πρὸς
1757 558 1788 584 τὸ
1800 565 1854 592 χει⁹

1069 603 1262 639 ροτονηθῆναι;
1281 603 1434 638 Φθὲγξομάι
1453 611 1479 629 τι
1497 602 1564 637 πρὸς
1581 601 1621 633 σε,
1638 601 1684 636 ἀφ’
1701 597 1739 627 ὧν
1751 598 1854 626 εἷπενὸ

1074 649 1143 681 Ίὼὸ,
1158 649 1249 684 ἀλγῶν
1260 649 1347 684 κάγὼ,
1362 649 1400 680 ὡς
1414 650 1518 680 ἐκεῖνος
1531 648 1578 674 καὶ
1595 648 1662 684 πρὸς
1676 647 1752 681 φίλον
1765 647 1852 673 διαλε-

1067 696 1193 731 γόμενος,
1210 697 1234 722 εί
1250 697 1295 722 καὶ
1311 695 1349 730 μὴ
1365 695 1476 730 φαῦλον,
1501 692 1551 721 οἷοι
1572 691 1641 728 ἦσαν
1664 694 1688 720 oi
1708 693 1755 719 τοῦ
1781 691 1851 723 Ἰὼϐ,

1068 744 1134 780 μηδὲ
1149 744 1190 777 ἐφ’
1209 744 1312 779 ὁμοίοις
1327 745 1386 775 ταῖς
1400 744 1562 778 συμφοραῖς.
1579 742 1611 768 Τί
1623 739 1670 768 οὖν
1685 740 1760 768 εἶπεν
1775 742 1853 767 εκεῖ-

1066 798 1126 822 νος;
1144 789 1202 815 Τίνι
1214 789 1388 825 πρόσκεισαι,
1405 789 1421 824 ἦ
1439 789 1492 814 τίνι
1508 788 1613 822 μέλλεις
1628 787 1752 823 βοηθεῖν;
1774 788 1852 814 πότε-

1068 845 1113 872 ρον
1125 838 1184 873 οὐχ,
1208 833 1230 870 ᾧ
1246 835 1330 870 πολλὴ
1357 835 1442 869 ἰσχὺς,
1471 835 1518 861 καὶ
1584 833 1703 869 βραχίων
1722 832 1852 868 κραταιός

1066 885 1157 917 ὲστιν;
1179 883 1250 916 Ἐγὼ
1271 881 1299 908 δὲ
1315 881 1474 916 προσθείην,
1499 880 1546 906 καί
1565 877 1587 913 ᾧ
1603 878 1688 914 πολλὴ
1703 879 1782 912 σοφία
1805 878 1851 903 καὶ

1065 930 1213 964 ἐπιστήμη.
1233 927 1313 959 Ἔθος
1329 926 1384 961 γὰρ
1402 926 1458 956 τοῖς
1473 925 1589 956 πολλοῖς,
1612 925 1656 951 ἀεὶ
1669 924 1738 959 πρὸς
1757 923 1789 949 τὺ
1807 923 1850 949 δυ-

1064 975 1143 1001 νατὸν
1160 972 1351 1009 μετατίθεσθαι
1373 972 1465 1006 μέρος,
1481 972 1604 1002 καὶτοὺς
1626 970 1674 1005 μὲν
1695 969 1852 996 ἀσθενεστέ-

1066 1029 1127 1056 ρους
1139 1020 1193 1047 τῶν
1225 1020 1310 1055 φίλων
1336 1019 1521 1051 καταπατεῖν,
1542 1017 1704 1053 θεραπεύειν
1729 1016 1759 1042 δὲ
1787 1016 1850 1047 τοὺς

1064 1065 1243 1101 κρατοῦντας,
1256 1065 1341 1092 Τοῦτο
1368 1064 1417 1099 μὲν
1434 1062 1480 1090 οὗν
1502 1064 1534 1090 σὺ
1548 1060 1631 1095 οἶδας,
1654 1062 1778 1089 τουτέστι
1797 1062 1851 1088 τίνι

1066 1110 1173 1145 μέλλεις
1188 1109 1305 1145 βοηθεῖν.
1327 1109 1404 1143 Ἐμοὶ
1417 1109 1471 1144 γὰρ
1483 1109 1513 1135 οὐ
1525 1108 1629 1135 δίκαιον
1644 1108 1708 1143 περὶ
1722 1106 1769 1134 σοῦ
1782 1108 1850 1133 ἀπο-

1065 1156 1203 1191 φᾱντικῶς
1216 1156 1306 1190 λέγειν
1317 1164 1344 1181 τι
1356 1155 1410 1181 τῶν
1424 1155 1455 1181 ού
1469 1154 1570 1181 καλῶν.
1584 1154 1621 1180 Th
1634 1154 1693 1189 μὲν,
1709 1154 1751 1180 ὅτι
1768 1152 1851 1179 καλοῦ

1066 1202 1166 1233 παντδς
1183 1201 1268 1228 τύπον
1286 1209 1315 1228 σε
1330 1201 1376 1228 καὶ
1393 1200 1494 1227 κανόνα
1511 1200 1635 1235 ἥγημαι·
1653 1199 1684 1226 τὸ
1696 1200 1734 1232 δὲ,
1750 1200 1790 1226 ὅτι
1804 1199 1852 1226 καὶ

1066 1249 1118 1275 ὑπὸ
1140 1248 1189 1283 τῆς
1207 1248 1226 1273 Γ
1229 1247 1317 1283 ραφῆς
1339 1245 1528 1280 νουθετοῦμαι,
1552 1245 1589 1281 μὴ
1615 1245 1699 1280 ταχὺς
1716 1243 1786 1271 εἶναι
1811 1245 1852 1276 εἰς

1067 1295 1168 1330 κρίσιν,
1181 1293 1239 1329 ἦτοι
1253 1293 1293 1324 εἰς
1307 1292 1456 1326 ἀπόφασιν,
1468 1292 1485 1327 ἢ
1498 1292 1538 1323 είς
1549 1291 1714 1327 κατάκρισιν
1725 1299 1733 1306 ·
1745 1291 1792 1317 τοῦ
1803 1291 1852 1326 μὲν

1067 1341 1150 1376 σοφοῦ
1166 1339 1339 1375 Σολομῶντος
1354 1338 1492 1372 λέγοντος·
1505 1337 1554 1371 Μὴ
1573 1338 1634 1364 ῑσθι
1649 1337 1744 1371 ταχὺς
1756 1338 1790 1364 ἐν·
1806 1338 1854 1364 ,ἓό-

1066 1395 1145 1423 γοιςε
1171 1386 1218 1413 τοῦ
1233 1385 1264 1413 δὲ
1291 1385 1467 1411 Ἀποστόλου·
1484 1384 1531 1418 Μὴ
1548 1384 1605 1418 πρὸ
1627 1384 1730 1418 καιροῦ
1744 1392 1771 1410 τι
1791 1384 1854 1418 κρι-

1066 1441 1142 1460 τρτε.
1174 1431 1244 1466 Ἐγὼ
1259 1431 1287 1457 δὲ
1311 1430 1419 1466 ἕτοιμός
1433 1431 1489 1465 είμι
1502 1430 1546 1457 διὰ
1568 1429 1668 1464 φιλίαν,
1687 1430 1733 1456 καὶ
1749 1429 1790 1456 σοὶ
1806 1429 1854 1455 καὶ

1068 1478 1150 1505 ἰτανιῄ⁷
1159 1477 1250 1504 δοῦναι
1264 1476 1344 1510 λόγον
1364 1476 1412 1510 τῆς
1428 1476 1497 1510 ἐμῆς
1515 1474 1685 1510 προμηθείας
1699 1475 1746 1501 καὶ
1765 1475 1853 1508 ἀσφα-

230 1529 291 1548 sum
312 1524 422 1555 propter
441 1520 601 1550 amicitiam,
618 1523 645 1546 et
660 1519 707 1546 tibi
729 1523 756 1547 et
780 1520 869 1547 cuivis
883 1521 1015 1548 rationem

1067 1524 1153 1556 λείας,
1169 1524 1220 1550 κᾶν
1234 1531 1307 1554 τινες
1326 1521 1409 1556 αὐτὴν
1433 1521 1573 1548 ἀπείθειαν
1592 1520 1768 1555 ὀνομάζουσιν
1796 1520 1852 1554 (1)-

230 1566 346 1595 reddere
356 1570 383 1593 et
399 1566 550 1600 prudentia
569 1573 646 1597 meae,
662 1570 690 1592 et
708 1566 857 1598 cautionis,
871 1567 924 1594 etsi
946 1575 1015 1593 non-

1068 1570 1111 1596 ἵνα
1131 1569 1230 1604 μάθῃς,
1247 1568 1288 1595 ὃτι
1304 1567 1334 1594 οὺ
1351 1567 1420 1594 πάνυ
1447 1567 1485 1601 (2)
1509 1565 1610 1600 φαῦλον
1624 1566 1694 1601 ἔχεις
1713 1566 1788 1600 φίλον
1806 1566 1854 1592 καὶ

231 1612 299 1640 nulli
340 1619 400 1639 eam
427 1611 638 1638 inobedientiam
671 1612 841 1643 vocaverint;
868 1615 898 1638 ut
927 1612 1015 1640 discas

1067 1614 1280 1650 ἀπερίσκεπτον,
1295 1613 1362 1640 ἀλλὰ
1373 1612 1526 1648 θαρροῦντα
1539 1613 1599 1647 μὲν,
1611 1611 1628 1638 ἃ
1641 1611 1751 1647 θαρῤεῖν
1767 1611 1853 1644 ἄξιον,

230 1657 304 1693 quod
317 1666 371 1685 non
386 1657 499 1684 omnino
510 1657 653 1692 indignum
669 1657 770 1684 habeas
782 1658 911 1690 amicum,
927 1666 1015 1694 neque

1066 1662 1124 1687 ὲκεί
1137 1660 1165 1687 δὲ
1187 1659 1364 1694 φοῦούμενον,
1390 1658 1461 1686 κατὰ
1482 1659 1531 1694 τὴν
1555 1657 1726 1693 ψαλμῳδίαν,
1748 1655 1779 1684 οὗ
1795 1657 1854 1683 ἐστι

230 1704 475 1734 inconsideratum,
491 1703 538 1730 sed
552 1703 579 1729 in
591 1703 692 1738 quibus
708 1703 756 1730 niti
770 1710 832 1730 cum
845 1703 942 1731 fiducia
952 1711 1015 1732 con-

1065 1706 1158 1742 φόδος.
1170 1707 1287 1742 Φοὸερὸν
1302 1706 1366 1740 γὰρ,
1385 1705 1416 1731 τὸ
1429 1705 1465 1739 μὴ
1479 1703 1620 1739 φοϐεῖσθαι
1636 1703 1666 1730 τὸ
1679 1703 1728 1739 τῆς
1741 1704 1853 1730 ὲπισκο-

230 1750 305 1777 venit
323 1749 518 1781 conﬁdentem,
535 1748 742 1783 timentemque,
766 1749 918 1777 secundum
939 1749 1015 1778 Psal-

1068 1754 1123 1788 πῆς
1134 1753 1244 1788 ἀξίωμα
1260 1752 1307 1778 καὶ
1325 1752 1448 1787 μέγεθος.

230 1804 305 1823 mum
320 1798 352 1827 δ’,
369 1796 414 1823 ubi
430 1801 472 1824 est
490 1797 571 1824 timor
590 1805 596 1824 :
616 1796 716 1831 quippe
733 1796 966 1825 reformidandum
980 1803 1024 1826 est
1040 1808 1094 1828 non
1113 1802 1288 1836 episcopatus
1305 1800 1464 1835 dignitatem
1484 1802 1511 1826 ct
1531 1798 1745 1833 magnitudinem
1765 1797 1854 1824 refor-

228 1844 344 1871 midare.

266 1890 398 1923 Quidnam
418 1890 500 1925 igitur
518 1890 614 1924 placet.
629 1910 635 1916 .
649 1909 656 1916 .
669 1909 676 1917 .
688 1909 695 1917 .
721 1899 808 1917 rerum
838 1892 960 1926 impetus.
979 1908 1013 1913 —

230 1935 407 1971 Apologiam.
433 1937 482 1967 ait,
512 1936 538 1962 in
569 1939 674 1969 tempus
700 1935 775 1962 aliud
805 1936 1013 1964 transferamus.

229 1980 309 2008 Nunc
325 1988 390 2008 vero
405 1981 529 2009 dicamus
543 1980 659 2016 aliquid,
681 1980 753 2016 quod
766 1981 819 2008 hoc
832 1982 1015 2010 solemnitatis

227 2031 338 2062 tempus
358 2027 465 2054 deceat.
492 2026 629 2054 Immunes
651 2034 702 2054 nos
722 2027 868 2055 reddamus
881 2048 888 2060 ,
906 2028 1015 2060 fratres,

227 2072 306 2107 juxta
325 2072 399 2100 Pauli
416 2073 634 2100 adhortationem
651 2092 657 2102 .
672 2073 763 2100 omnis
778 2074 871 2101 carnis
888 2078 916 2102 et
931 2075 1014 2109 spiri-

226 2123 275 2147 tus
293 2119 491 2154 inquinamenti
506 2119 538 2146 ".
558 2119 710 2147 Audiamus
732 2119 828 2147 Isaiam
855 2120 990 2148 dicentem
1005 2131 1012 2149 :

228 2164 369 2192 Lavamim'
381 2184 389 2196 ,
405 2164 496 2190 nmudi
512 2164 585 2198 ﬁatis
600 2164 631 2191 “.
651 2164 786 2191 Lavemur
795 2173 866 2199 aqua
880 2167 1013 2200 pteniten-

1095 1893 1154 1921 Col.
1173 1893 1225 1921 836
1249 1893 1269 1919 Β
1287 1893 1328 1920 Η.
1356 1893 1387 1920 Τί
1399 1890 1456 1920 οὖν
1469 1891 1560 1918 δοκεῖ.
1572 1912 1578 1917 .
1591 1912 1597 1918 .
1618 1891 1851 1922 ἐπαναστάσεις.

1063 1938 1118 1973 Τὴν
1139 1939 1187 1973 μὲν
1203 1938 1364 1972 ἀπολογίαν,
1383 1937 1475 1972 φησιν,
1499 1937 1538 1968 είς
1556 1936 1635 1963 ἄλλον
1653 1936 1748 1970 καιρὸν
1765 1936 1852 1971 ὑπερ-

1063 1983 1187 2019 θώμεθα·
1204 1983 1250 2010 νῦν
1265 1983 1293 2010 δὲ
1307 1983 1428 2018 εἴπωμέν
1438 1991 1464 2009 τι
1479 1982 1584 2017 πρέπον
1599 1982 1640 2017 τῷ
1654 1981 1742 2017 καιρῷ
1761 1982 1849 2017 τούτῳ

1063 2031 1112 2065 τῆς
1136 2030 1326 2065 πανηγύρεως.
1357 2028 1611 2064 Ἐλευθερωθῶμεν.
1638 2028 1757 2062 ἀδελφοὶ,
1781 2029 1852 2055 κατὰ

1066 2076 1114 2111 τὴν
1132 2076 1237 2102 Παύλου
1259 2075 1430 2110 παραίνεσιν.
1450 2075 1504 2101 ἀπὸ
1520 2075 1619 2106 παντὸς
1637 2074 1774 2109 μολυσμοῦ
1793 2083 1853 2101 σω-

1067 2121 1182 2156 ματικοῦ
1199 2122 1244 2148 καὶ
1251 2121 1377 2156 ψυχικοῦ.
1394 2120 1566 2155 ’Δκούσωμεν
1587 2121 1696 2146 Ἡσαΐου
1711 2120 1851 2154 λέγοντος·

1066 2167 1234 2199 Λούσασθε,
1262 2165 1383 2199 καθαροὶ
1412 2166 1549 2199 γίνεσθε·
1577 2166 1623 2192 καὶ
1649 2165 1790 2200 νιψώμεθα
1813 2165 1853 2200 τῷ

229 2211 274 2237 tia;
294 2215 320 2237 et
336 2210 522 2245 lacrymarum
534 2231 541 2242 ,
557 2214 584 2237 et
604 2211 676 2237 sicut
694 2211 727 2238 ad
751 2210 891 2239 Romanos
914 2212 1012 2239 scribit.

1065 2212 1139 2239 ωατι
1159 2212 1209 2246 τῆς
1231 2212 1373 2247 μετανοίας
1395 2212 1441 2238 καὶ
1462 2211 1516 2238 τῶν
1532 2211 1672 2247 δακρύων·
1691 2211 1739 2238 καὶ
1761 2211 1853 2242 καθὼς

227 2256 378 2291 Apostolus
396 2265 402 2283 :
419 2255 600 2282 Exhibeamus
626 2265 738 2290 corpora
768 2261 870 2288 nostra,
899 2257 1012 2284 hostium

227 2303 361 2333 viventem,
376 2307 510 2332 sanctam.
530 2301 581 2328 Deo
601 2302 764 2336 placentem,
782 2302 941 2329 rationabile
963 2303 1007 2330 ob-

226 2348 345 2383 sequium
364 2351 484 2374 nostrum
500 2347 533 2374 ".
552 2347 745 2374 Animadverte
763 2352 853 2374 autem
872 2348 944 2375 verbi
963 2357 1012 2376 cu-

225 2393 325 2432 jusque
343 2393 569 2420 concinnitatem.
590 2392 649 2420 Non
664 2393 737 2420 enirn
752 2393 821 2420 dixit
836 2402 842 2420 :
867 2393 1011 2421 Faciamus

226 2440 351 2467 membra
379 2443 471 2467 nostra
497 2439 631 2471 hostiam,
648 2440 695 2467 sed
717 2440 904 2472 exhibuimus;
931 2441 1011 2475 quasi

226 2486 339 2517 diceret,
354 2486 421 2512 nihil
435 2493 580 2512 commune
599 2486 750 2513 habeamus
770 2487 904 2521 reliquum
917 2487 951 2514 ad
965 2495 1009 2519 ea,

226 2539 316 2565 neque
340 2531 524 2558 distrahamus
541 2531 574 2558 ad
602 2533 711 2566 propria
732 2532 837 2565 oﬂicia,
864 2538 1008 2568 postquam

227 2578 353 2604 universa
373 2585 403 2604 ea
426 2576 481 2604 Deo
503 2578 746 2610 consecravimtts;
765 2577 813 2605 sed
831 2585 939 2605 onmem
961 2578 1012 2604 im-

226 2623 387 2650 munditiam
404 2623 536 2658 reliquam
556 2631 570 2650 a
585 2624 732 2656 membris,
751 2632 812 2658 quae
828 2629 892 2651 sttnt
906 2625 1009 2655 hostia,

225 2670 404 2704 pracidamus
414 2688 423 2702 ,
441 2669 529 2697 hostia
543 2670 615 2697 enim
631 2670 747 2697 aliorqu
761 2674 802 2698 est
816 2670 924 2698 initium
937 2690 944 2702 .
962 2678 1012 2698 nec

225 2715 372 2750 quidquam
392 2715 503 2749 prodest
520 2715 620 2742 habere
644 2715 829 2743 imtnundum.
846 2715 907 2743 Ideo
929 2723 1011 2751 opor-

259 2792 280 2807 "
296 2791 376 2819 Prov.
392 2800 454 2826 xxv,
472 2793 513 2819 ll.
553 2793 574 2808 ⁵¹
590 2792 600 2819 Ι
616 2793 679 2820 Cor.
699 2801 735 2828 tv,
753 2794 779 2821 5.
819 2794 842 2809 ⁸³
858 2794 931 2822 Psal.
951 2802 1012 2827 xm,
1030 2795 1055 2822 5.

255 2880 298 2916 (1)
315 2880 423 2913 Quartze
439 2881 548 2916 syllabae
565 2881 592 2909 in
606 2881 666 2909 cod.
679 2890 694 2910 a
705 2882 864 2918 inscriptum
878 2886 919 2910 est
932 2891 963 2910 ω.

1071 2258 1217 2293 Ῥωμαίοις
1240 2259 1340 2293 γράφει
1364 2258 1378 2284 ὁ
1406 2258 1582 2289 ’Λπὸστολος·
1608 2256 1853 2291 Παραστήσωμεν

1063 2304 1099 2330 τὰ
1116 2304 1237 2338 σώματα
1260 2303 1354 2338 ἡμῶν,
1372 2305 1484 2331 θυσίαι·
1507 2303 1613 2334 ζῶσαν.
1633 2304 1732 2338 ἁγίαν,
1747 2303 1852 2337 εὐάρε-

1064 2358 1139 2376 στον
1161 2349 1201 2382 τῷ
1218 2350 1288 2382 Θεῷ,
1302 2349 1360 2383 τὴν
1373 2351 1500 2385 λογικὴν
1514 2350 1598 2385 ἡμῶν
1621 2350 1763 2384 ἰατρείαν.
1781 2350 1852 2385 Ὅρα

1064 2396 1092 2422 δὲ
1113 2396 1162 2431 τὴν
1189 2396 1330 2431 ἀκρίϐειαν
1358 2397 1475 2432 ἑκάστης
1498 2397 1606 2430 λέξεως.
1624 2397 1661 2423 Οὐ
1688 2396 1743 2431 γὰρ
1772 2394 1849 2422 εἷπε·

1064 2443 1226 2478 Ποιήσωμεν
1242 2442 1276 2469 τὰ
1291 2442 1358 2477 μέλη
1374 2443 1452 2478 ήμῶν
1476 2443 1581 2475 θυσίαν,
1598 2443 1675 2475 ἀλλὰ,
1693 2442 1852 2476 Παραστή-

1062 2497 1178 2522 σωμεν·
1199 2489 1237 2520 ὡς
1250 2489 1283 2515 ἂν
1298 2490 1321 2515 εί
1342 2489 1429 2523 ἔλεγε,
1442 2489 1525 2524 μηδὲν
1539 2489 1627 2515 κοινὸν
1638 2489 1742 2523 ἔχωμεν
1758 2488 1852 2514 λοιπὸν

1064 2533 1131 2568 πρὸς
1145 2533 1225 2564 αὐτὰ,
1245 2533 1312 2568 μηδὲ
1337 2533 1512 2569 καθέλκωμεν
1529 2533 1597 2569 πρὸς
1617 2532 1751 2564 ἰδιωτικὰς
1764 2533 1852 2558 διακο-

1060 2579 1132 2610 νίας,
1155 2578 1193 2613 τῷ
1217 2578 1276 2613 Θεῷ
1299 2578 1427 2610 καθάπαξ
1450 2578 1520 2605 αὑτά
1538 2577 1748 2613 ἀφιερώσαντες.
1771 2577 1851 2603 Ἀλλὰ

1060 2623 1107 2649 καὶ
1123 2623 1212 2650 πάντα
1230 2623 1326 2658 μῶμον
1346 2623 1439 2649 λοιπὸν
1464 2622 1633 2658 περιέλωμεν
1657 2623 1711 2649 ἀπὸ
1733 2622 1788 2648 τῶν
1803 2631 1851 2657 με-

1060 2667 1125 2699 λῶν,
1138 2667 1229 2703 ἐπειδὴ
1245 2668 1325 2694 θυσία
1341 2667 1428 2695 ταῦτά
1441 2669 1509 2695 ἐστι.
1530 2667 1561 2694 'H
1573 2668 1627 2702 γὰρ
1637 2667 1727 2699 θυσία,
1738 2667 1851 2701 ἀπαρχὴ

1060 2713 1113 2740 τῶν
1128 2713 1215 2740 ἄλλων
1239 2714 1308 2745 ἐστὶ,
1323 2714 1371 2740 καὶ
1389 2714 1464 2740 οὐδὲν
1481 2713 1581 2748 ὀφείλει
1599 2713 1672 2748 ἔχειν
1685 2713 1849 2749 ἀκάθαρτον.

1096 2796 1119 2810 ⁵³
1136 2794 1156 2821 ll
1170 2795 1234 2822 Cor.
1251 2803 1297 2828 vn,
1315 2796 1340 2822 l.
1383 2795 1406 2811 ‘°'
1422 2795 1473 2823 lsa.
1492 2804 1510 2828 ι,
1529 2796 1572 2822 16.
1612 2796 1633 2811 ⁸³
1649 2795 1728 2822 Rom.
1749 2804 1786 2829 xi,
1806 2796 1830 2822 ί.

1081 2882 1119 2919 (2)
1131 2881 1270 2911 Vocabulo
1280 2884 1351 2911 πάνυ
1365 2884 1392 2912 in
1404 2883 1466 2912 cod.
1477 2892 1491 2911 a
1506 2884 1666 2919 inscriptum
1679 2889 1721 2913 est
1733 2883 1832 2915 πάντη.
