2022 3134
159 193 216 223 9'17

742 200 788 227 AD
808 201 836 228 S.
854 201 1017 229 GliEGORH
1034 202 1139 231 ORAT.
1159 204 1202 232 XI.

1731 211 1784 239 918

158 253 198 280 διδ
220 253 273 289 χρὴ
298 254 430 281 πάντοθεν
455 255 571 291 ἄμωμον
595 257 736 292 τηρεῖσθαι
764 259 793 285 τὸ
815 260 894 295 σῶμα
918 260 950 286 τὸ

1003 265 1037 288 let
1049 263 1161 289 omnino
1172 263 1376 291 immaculatum
1388 272 1487 299 corpus
1497 270 1621 293 nostrum
1631 274 1783 302 servemus,

159 300 308 335 ἡμέτερον,
326 301 370 328 ἵνα
390 302 465 334 ἄξιον
486 303 529 338 εἴη
551 303 600 330 τοῦ
617 304 792 336 θυσιάζεσθαι
818 306 856 340 τῷ
878 305 946 340 Θεῷ.

165 343 276 380 Ἐπειδὴ
290 345 319 371 δὲ
328 344 399 377 εἶπε,
416 347 611 383 Παραστήσατε
625 348 731 381 θυσίαν,
745 350 788 377 ἵνα
806 352 841 386 μή
854 359 896 382 τις
907 359 950 377 νο-

161 390 238 427 μίσῃ,
256 391 297 417 ὅτι
319 392 492 427 κατασφάξαι
514 393 619 420 κελεύει
641 395 675 422 τὰ
697 396 822 431 σώματα,
844 397 950 432 ταχέως

159 435 294 471 ἐπήγαγε,
312 436 418 467 ζῶσαν.
435 439 489 465 Καὶ
506 439 684 475 προσέθηκεν,
703 441 792 476 ἁγίαν
810 442 859 469 καὶ
880 442 949 470 εὐά-

156 487 279 515 ρεστον,
305 481 416 517 διαιρῶν
428 483 513 519 αὐτὴν
529 485 582 511 άπὸ
595 485 645 520 τῆς
667 486 824 522 Ἰουδαϊκῆς.
848 487 879 514 Ἣ
895 497 950 514 τοι-

161 528 230 562 αύτη
241 527 297 563 γὰρ
315 528 406 561 θυσία,
422 529 641 566 εὐαρεστήσεως·
657 533 672 568 ἡ
694 532 723 559 δὲ
733 532 786 559 τῶν
806 534 947 567 Ἰουδαίων,

160 572 325 608 ἀκάθαρτος.
350 574 456 610 Ἐκείνη
471 576 501 602 τὸ
517 577 663 613 τεθυμένον
682 579 776 614 νεκρὸν
792 579 948 616 ἀπέφηνεν·

161 617 231 653 αὕτη
244 619 275 645 τὸ
290 619 449 654 τεθυμένον,
463 621 518 653 ζῶν
536 622 694 658 ὲργάζεταν
714 625 756 651 ὅτε
780 624 833 660 γὰρ
849 625 951 660 νεκρώ-

164 671 246 697 σομεν
262 664 340 698 ἡμῶν
353 664 387 690 τὰ
404 665 483 700 μέλη,
499 666 560 693 τότε
569 666 738 703 δυνησόμεθα
753 668 812 704 ζῇν.
828 670 950 705 Κάκείνη

164 708 214 743 μὲν
237 710 393 745 σωματικὴ,
422 710 490 746 αὕτη
516 712 544 738 δὲ
569 712 674 749 λογικὴ,
705 715 845 742 τουτέστιν
875 716 951 742 οὐδὲν

161 755 259 790 ἔχουσα
270 756 354 791 παχὺ,
367 757 427 783 οὐδὲ
438 758 575 793 αἰσθητόν.
589 760 691 793 Λογικὴ
700 760 728 786 δὲ
743 760 854 796 λατρεία
866 761 949 796 ἐστὶν,

161 802 178 836 ἡ
196 802 371 838 πνευματικὴ
391 802 524 836 διακονία,
549 805 566 840 ὴ
589 805 660 832 κατὰ
678 806 796 840 Χριστὸν
817 806 949 835 πολιτεία.

162 847 298 884 Καθάπερ
319 847 366 876 οὖν
382 850 397 876 ὁ
411 850 441 876 ὲν
454 850 493 885 τῷ
506 850 573 886 οἴκῳ
583 851 630 878 τοῦ
646 844 712 879 Θεοῦ
733 852 949 889 διακονούμενος,

161 890 216 925 οἷος
230 893 264 920 ἂν
283 892 312 929 ᾖ,
329 895 502 922 συστέλλεται
515 895 574 922 τότε
597 897 644 923 καὶ
665 897 810 934 ἱερώτερος
828 899 949 932 γίνεται·

160 938 232 966 οὕτω
249 941 297 967 καλ⁸
315 942 390 976 ἡμᾶς
404 942 450 969 τὸν
467 942 574 969 ἅπαντα
589 943 646 978 βίον
664 944 815 971 διακεῖσθαι
831 945 894 981 χρὴ,
914 945 952 977 ὡς
966 941 993 970 Β·

160 984 343 1020 λατρεύοντας
365 987 413 1012 καὶ
437 988 611 1023 ίερωμὲνους.
623 989 679 1024 Τὴν
701 989 793 1024 μέντοι
812 989 950 1025 λατρείαν,

162 1030 285 1064 ἔντευξιν
300 1033 314 1057 ό
327 1031 458 1066 Θεολόγος
471 1033 607 1068 ὠνόμασε.
621 1034 660 1060 Δι’
678 1035 763 1069 αὐτῆς
783 1034 838 1071 γὰρ
852 1036 950 1069 ἐντυγ-

161 1076 282 1111 χάνομεν
301 1076 348 1102 καὶ
369 1077 517 1113 ὁμιλοῦμεν
544 1077 612 1113 Θεῷ.
639 1079 723 1105 Οὐδὲν
744 1079 797 1114 γὰρ
821 1080 892 1106 οὕτω
913 1079 952 1115 τῷ

161 1121 276 1159 καθαρῷ
289 1122 348 1158 Θεῷ
357 1122 457 1158 τίμιον,
470 1123 508 1154 ὡς
521 1124 674 1160 καθαρότης
687 1125 703 1160 ἢ
719 1125 861 1161 κάθαρσις.
874 1125 952 1153 Ἔστι

161 1167 189 1194 δὲ
202 1167 360 1204 καθαρότης
376 1169 436 1204 μὲν,
453 1169 484 1195 τὺ
500 1169 549 1205 ἤδη
564 1170 734 1205 καθαρθῆναι
745 1180 751 1186 ·
767 1172 899 1206 κάθαρσις
911 1172 950 1206 δὲ,

161 1213 191 1240 τὸ
211 1213 251 1240 ἔτι
271 1214 460 1250 καθαίρεσθαι·
477 1215 493 1251 ἢ
509 1216 666 1252 καθαρότης
684 1217 743 1252 μὲν,
761 1219 790 1244 τὸ
807 1218 844 1253 μὴ
864 1218 951 1253 ἐμπε-

163 1260 218 1286 σεῖν
233 1260 273 1292 είς
289 1260 449 1296 μολύσματα
459 1269 466 1276 ·
486 1261 619 1297 κάθαρσις
639 1262 678 1294 δὲ,
692 1263 723 1289 τὸ
739 1263 808 1298 μετὰ
822 1264 851 1290 τδ
866 1265 952 1299 ὲμπε-

163 1306 218 1331 σεῖν
233 1306 441 1333 ἀπονίπτεσθαι.
461 1306 524 1334 Ἐὰν
538 1307 627 1334 τοίνυν
638 1307 795 1344 βουλώμεθα
809 1309 951 1345 ἑορτάζον-

162 1360 207 1383 τες
231 1352 394 1387 θεραπεύειν
421 1353 484 1384 τοὺς
509 1354 660 1389 μάρτυρας,
682 1354 762 1381 τοῦτο
784 1356 839 1387 τοῖς
861 1355 952 1388 ἄθλοις

162 1398 252 1425 αὐτῶν
265 1398 454 1434 χαρισώμεθα,
469 1399 499 1426 τὸ
514 1400 562 1426 καὶ
581 1400 658 1427 αὐτοὶ
679 1401 893 1436 στεφανωθῆναι,
914 1401 952 1433 ὡς

162 1445 270 1479 νικηταὶ
286 1444 336 1479 τῆς
350 1445 487 1481 ἁμαρτίας
506 1446 553 1472 καὶ
572 1446 628 1472 τῶν
639 1446 784 1481 δαιμόνων,
794 1448 842 1474 καὶ
855 1447 886 1474 τὸ
895 1449 952 1474 ὲπι-

162 1493 253 1526 τυχεῖν
268 1491 319 1527 τῆς
333 1492 418 1527 αὐτῆς
431 1493 520 1528 δόξης,
535 1494 565 1519 οὺ
581 1494 661 1528 μόνον
683 1494 732 1529 τῆς
751 1495 826 1530 παρὰ
840 1495 896 1522 τῶν
908 1496 953 1522 άν-

163 1537 289 1573 θρώπων,
311 1537 379 1564 ἀλλὰ
399 1539 446 1565 καὶ
465 1539 515 1574 τῆς
537 1539 697 1575 μελλούσης,
717 1538 751 1576 ἦς
774 1541 861 1577 μικρά
883 1542 952 1568 εἰσιν

163 1583 358 1618 ὑπομνήματα,
374 1585 401 1610 αἱ
417 1584 552 1620 ὁρώμεναι
573 1586 660 1621 τιμαὶ,
675 1587 703 1613 αἱ
719 1588 784 1622 παρ’
796 1587 876 1622 ἡμῶν
895 1589 951 1620 τοῖς

165 1630 282 1666 μάρτυσι
297 1631 523 1666 ’προσαγόμεναι.
544 1633 605 1659 οὐκ
621 1632 706 1659 ἐστιν
721 1633 793 1668 ἡμῖν
814 1634 833 1668 ἡ
857 1634 950 1669 πάλη,

162 1674 234 1701 κατὰ
247 1674 294 1701 τὸν
319 1675 492 1708 Ἀπὸστολον,
509 1675 584 1710 πρὸς
599 1675 670 1712 αἷμα
689 1678 737 1704 καὶ
748 1677 855 1713 σάρκα,
869 1679 952 1715 ήγουν

163 1721 231 1758 πρὸς
245 1721 406 1757 ἀνθρώπους
420 1741 427 1753 ,
457 1723 526 1750 ἀλλὰ
551 1722 620 1757 πρὸς
643 1722 704 1754 τοὺς
731 1724 868 1759 ἁσάρκους
890 1724 952 1751 δαί-

164 1776 258 1801 μονας,
281 1767 380 1801 οἵτινες
422 1768 510 1802 ἀρχαὶ
539 1768 588 1802 μὲν
613 1768 745 1802 λέγονται,
770 1769 808 1801 ὡς
830 1771 948 1806 ἀρχηγοὶ

163 1813 216 1840 τῶν
249 1813 357 1845 παθῶν,
389 1811 431 1845 οἷς
459 1814 484 1840 ol
503 1814 672 1850 ταλαίπωροι
692 1815 800 1848 ἑκόντες
829 1816 953 1844 δουλεύο-

165 1867 234 1894 μεν·
267 1859 405 1891 ἐξουσίαι
437 1860 477 1892 δὲ,
511 1860 549 1892 ὡς
583 1860 626 1887 διὰ
649 1861 737 1896 μέσων
777 1862 831 1890 τῶν
858 1863 952 1890 παθῶν

164 1904 422 1938 κατεξουσιάζοντες
451 1906 547 1941 ἡμῶν·
578 1908 818 1943 κοσμοκράτορες
846 1909 892 1941 δὲ,
914 1911 952 1943 ὡς

165 1950 403 1985 κατακρατοῦντες
425 1951 480 1978 τῶν
502 1952 536 1978 τὰ
558 1953 678 1988 κοσμικὰ
703 1954 884 1989 φρονούντων.
916 1957 953 1983 Τὰ

164 1995 318 2030 πνεύματα
333 1995 389 2029 τῆς
405 1997 560 2031 πονηρίας,
575 1998 611 2024 τὰ
629 1998 664 2025 ἐν
676 1998 738 2031 τοῖς
751 1999 951 2034 ἐπουρανίοις,

165 2041 247 2075 ἠγουν
261 2041 295 2068 τὰ
314 2042 343 2068 ἐν
362 2041 401 2077 τῷ
422 2042 482 2078 άέρι
505 2043 686 2079 στρεφόμενα.
710 2045 826 2079 Λέγεται
840 2046 894 2081 γὰρ
906 2048 953 2074 καὶ

165 2088 179 2114 ὁ
198 2088 263 2123 ἀὴρ,
287 2088 410 2123 οὐρανὸς,
433 2088 502 2124 ὅπερ
516 2089 675 2125 ἑρμηνεύων
695 2091 709 2116 ὁ
725 2091 866 2126 Θεολόγος,
885 2094 953 2128 ἐπή-

165 2141 246 2167 γαγε,
261 2134 306 2160 καὶ
323 2134 440 2170 περὶτὰ
456 2135 579 2170 οὐράνια.
604 2136 813 2172 Ἀγωνισώμεθα
827 2136 872 2165 οὖν
885 2140 953 2175 πρὸς

165 2180 210 2207 τὸν
233 2180 363 2216 ἐμφύλιον
407 2181 437 2207 ὲν
471 2182 538 2217 ἡμῖν
572 2182 700 2218 πόλεμον·
730 2185 804 2218 λέγει
841 2186 894 2222 γὰρ
939 2187 953 2213 ὁ

172 2226 343 2259 ’Δπόστολος,
364 2225 433 2254 εἶναί
445 2236 507 2255 τινα
531 2229 560 2254 ὲν
583 2230 639 2261 τοῖς
655 2229 763 2265 μέλεσιν
777 2232 857 2266 ἡμῶν
871 2233 952 2268 νόμον

1002 311 1031 334 ιιι
1047 308 1160 343 dignum
1177 310 1212 336 sit
1222 309 1294 343 quod
1310 309 1365 338 Deo
1379 310 1519 339 offeratur.
1532 311 1679 348 Postquam
1692 318 1784 342 autem

1000 353 1080 385 dixit,
1093 354 1247 383 exhibeatis
1259 356 1388 388 hostiam,
1403 364 1438 384 ne
1454 358 1516 392 quis
1530 359 1701 387 existimaret
1711 360 1798 395 quod.

1001 400 1137 428 immolari
1164 402 1257 436 jubeat
1274 410 1400 439 corpora,
1429 406 1556 440 protinus
1577 406 1681 440 adjicit,
1699 407 1785 434 viven-

1002 449 1070 478 tem;
1093 451 1120 474 et
1135 447 1243 480 deinde,
1265 454 1386 476 sanctam
1402 455 1427 476 et
1450 450 1504 477 Deo
1523 451 1685 485 placentem.
1701 459 1716 479 a
1736 451 1785 479 ,ιυ-

1001 493 1079 520 daica
1104 501 1251 523 secernens
1267 503 1338 522 eam.
1365 496 1428 524 Haec
1456 498 1529 525 enim
1547 498 1717 533 beneplacita
1744 503 1790 526 est

1001 539 1101 572 hostia,
1120 539 1276 568 Judmorum
1299 549 1364 569 vero
1389 543 1546 574 immunda;
1572 544 1624 571 ista
1646 545 1717 571 enim
1734 545 1786 571 im-

1002 584 1132 611 molatum
1157 590 1296 613 mortuum
1321 586 1459 619 ostendit;
1474 587 1531 614 haec
1553 592 1643 615 autem
1662 588 1787 615 immola-

1001 634 1059 657 tum
1086 631 1220 658 viventem
1248 632 1338 659 efﬁcit.
1365 631 1432 659 Nam
1461 634 1583 661 membra
1605 639 1700 662 nostra
1722 643 1787 662 cum

1001 676 1279 711 mortiﬁcaverimus,
1314 682 1380 704 tunc
1412 679 1505 706 vivere
1540 681 1701 714 poterimus.
1732 680 1786 708 Ista

1001 721 1111 756 quidem
1131 723 1296 757 corporalis,
1315 723 1371 751 hac
1393 728 1483 752 autem
1512 725 1702 758 rationabilis.
1717 728 1786 754 nihil

1001 767 1107 795 scilicet
1124 768 1224 803 pingue
1234 769 1277 796 vel
1291 770 1392 798 sensile
1414 770 1528 799 habens.
1543 770 1717 801 ﬂationabile
1737 781 1788 801 ειυ-

1001 818 1055 841 tem
1074 815 1236 850 obsequium
1251 820 1310 849 est,
1328 817 1471 851 spirituale
1484 818 1671 846 ministerium
1684 838 1692 852 ,
1708 820 1788 854 juxta

1002 859 1141 887 Christum
1164 861 1379 889 administratio.
1407 862 1483 891 Sicut
1508 862 1593 898 igitur
1615 865 1663 899 qui
1691 865 1718 892 in
1739 865 1788 892 Dei

1002 906 1084 932 domo
1096 907 1244 939 ministrat,
1270 908 1359 943 qualis
1382 913 1465 939 esset.
1486 913 1553 938 tunc
1580 914 1737 939 coarctatur
1762 917 1788 939 et

1003 951 1125 979 sanctior
1140 951 1170 979 Iit
1181 974 1188 986 ,
1202 953 1244 980 sic
1261 957 1288 980 et
1307 954 1491 990 nosmetipsos
1515 962 1563 989 per
1580 963 1687 983 omnem
1703 956 1789 984 vitam

1002 997 1081 1032 quasi
1095 999 1244 1027 adorantes
1256 1003 1283 1026 et
1296 999 1480 1028 sanctiﬁcatos
1494 1001 1666 1035 praebeamus
1674 1009 1772 1030 necess
1782 1015 1790 1031 ι

1001 1046 1053 1070 est.
1078 1043 1156 1076 Quod
1176 1044 1286 1079 quidem
1308 1045 1468 1080 obsequium
1490 1047 1674 1081 precationem
1698 1047 1788 1075 Theo-

1002 1088 1080 1124 logus
1097 1089 1253 1124 appellavit.
1275 1090 1397 1125 Namque
1419 1099 1467 1126 per
1485 1092 1552 1119 illud
1571 1093 1649 1127 quasi
1664 1093 1788 1121 adhaere-

1003 1142 1064 1161 mus
1084 1133 1150 1162 Deo.
1169 1134 1263 1170 Neque
1281 1136 1354 1163 enim
1371 1144 1458 1172 purus
1475 1137 1546 1165 Deus
1563 1141 1640 1165 tanto
1658 1139 1685 1165 in
1701 1140 1789 1174 pretio

1002 1180 1153 1216 quidquam
1184 1181 1275 1213 habet,
1299 1190 1382 1217 quam
1411 1183 1556 1217 puritatem
1587 1188 1633 1211 aut
1650 1185 1788 1220 purgatio-

1003 1233 1076 1253 nem.
1096 1225 1205 1253 Puritas
1227 1232 1315 1254 autem
1333 1227 1388 1261 jam
1402 1227 1538 1262 puriﬁcati
1557 1231 1610 1259 est,
1624 1232 1651 1255 et
1664 1228 1790 1264 purgatio

1003 1272 1092 1299 adhuc
1107 1279 1137 1301 se
1159 1272 1345 1308 puriﬁcantis.
1367 1272 1477 1301 Puritas
1493 1274 1603 1309 quippe,
1621 1282 1674 1301 non
1694 1275 1721 1301 in
1748 1275 1791 1302 in-

1003 1318 1183 1353 quinamenta
1201 1319 1323 1347 incidere
1335 1329 1347 1353 ;
1363 1321 1489 1355 purgatio
1503 1326 1607 1353 autem.
1622 1325 1684 1356 post
1699 1322 1791 1356 inqui-

1003 1365 1144 1393 nationem
1158 1366 1296 1394 mundari.
1314 1365 1342 1393 Si
1358 1367 1440 1402 igitur
1456 1367 1556 1394 festum
1580 1371 1691 1403 agentes
1717 1376 1790 1395 mar-

1003 1414 1078 1445 tyres
1098 1411 1204 1440 honore
1224 1412 1356 1448 prosequi
1382 1413 1562 1446 voluerimus,
1578 1413 1632 1441 hoc
1649 1413 1791 1442 laboribus

1003 1465 1097 1484 eorum
1112 1458 1316 1494 indulgeamus,
1335 1459 1440 1487 scilicet
1457 1465 1486 1487 ut
1503 1464 1530 1487 et
1549 1460 1599 1496 ipsi
1614 1468 1789 1495 coronemur,

1004 1504 1082 1538 quasi
1102 1505 1207 1539 peccati
1231 1506 1441 1541 daemonumque
1462 1507 1601 1539 victores,
1616 1511 1643 1534 et
1666 1507 1789 1534 eamdem

1004 1558 1210 1585 consequamur
1223 1552 1351 1587 gloriam,
1369 1560 1422 1580 non
1442 1560 1501 1580 eam
1520 1553 1602 1580 modo
1616 1561 1677 1589 qua:
1693 1562 1726 1581 ex
1741 1553 1791 1581 ho-

1005 1596 1127 1623 minibus
1144 1597 1235 1630 venit,
1257 1599 1305 1626 sed
1320 1603 1345 1626 et
1371 1606 1430 1626 eam
1451 1607 1512 1634 qua:
1527 1599 1619 1627 futura
1635 1604 1695 1632 est,
1712 1599 1790 1634 cujue

1004 1643 1171 1671 monimenta
1191 1645 1288 1680 exigua
1310 1649 1375 1673 sunt
1388 1647 1434 1681 qui
1450 1646 1538 1674 oculis
1555 1651 1708 1674 cernuntur
1729 1647 1792 1681 qui-

1003 1697 1057 1723 que
1075 1697 1090 1716 a
1109 1690 1188 1718 nobis
1213 1691 1380 1726 martyribus
1403 1691 1566 1719 tribuuntur
1587 1691 1716 1719 honores.
1731 1693 1792 1718 Νοη

1003 1739 1042 1762 est
1067 1735 1141 1762 nobis
1167 1736 1339 1769 ratluctalio,
1359 1737 1437 1771 juxta
1460 1737 1623 1772 Apostolum
1637 1756 1644 1769 ,
1665 1737 1791 1763 adversus

1004 1790 1111 1809 carnem
1123 1786 1148 1808 el
1160 1783 1314 1817 sanguinem
1329 1783 1362 1815 δ’,
1378 1784 1484 1811 scilicet
1498 1784 1633 1812 adversus
1652 1783 1790 1815 homines,

1004 1829 1051 1856 sed
1072 1828 1205 1856 adversus
1222 1830 1314 1857 carnis
1331 1833 1458 1865 expertes
1478 1831 1616 1858 daemones
1628 1849 1634 1861 ,
1653 1830 1700 1864 qui
1716 1830 1791 1863 prin-

1004 1874 1106 1908 cipatus
1123 1874 1266 1908 dicuntur,
1283 1876 1363 1910 quasi
1386 1876 1546 1911 passionum
1565 1875 1712 1911 principes,
1731 1876 1792 1911 qui-

1003 1919 1055 1946 bus
1070 1920 1164 1947 miseri
1180 1921 1253 1947 ultro
1267 1921 1403 1949 servimus
1417 1930 1424 1954 ;
1442 1926 1583 1956 potestates
1597 1928 1673 1954 vero,
1690 1922 1792 1956 quippe

1003 1966 1049 2001 qui
1064 1971 1111 2000 per
1126 1968 1269 2001 passiones
1282 1967 1495 1995 dominationem
1511 1968 1538 1994 in
1554 1968 1632 1996 nobis
1646 1972 1791 2000 exercent;

1005 2017 1116 2040 rectores
1134 2013 1237 2045 mundi,
1253 2017 1283 2039 ut
1295 2014 1328 2041 iis
1345 2014 1511 2049 imperantes
1520 2015 1568 2049 qui
1587 2014 1729 2042 terrestria
1748 2021 1794 2042 sa-

1004 2059 1091 2093 piunt.
1111 2058 1226 2092 Spirilvs
1241 2064 1332 2086 autem
1358 2061 1479 2095 nequitire
1490 2081 1497 2094 ,
1519 2061 1545 2087 in
1560 2061 1721 2092 coelestibus,
1737 2061 1792 2088 sci-

1006 2105 1071 2132 licet
1091 2105 1118 2132 in
1135 2113 1197 2134 aere
1215 2106 1374 2135 volitantes.
1397 2105 1502 2135 Dicitur
1516 2109 1589 2135 enim
1612 2111 1640 2136 et
1660 2115 1718 2139 aer,
1734 2116 1790 2136 (m-

1004 2152 1072 2183 lum.
1087 2152 1160 2187 quod
1173 2153 1371 2188 interpretatus
1384 2153 1539 2189 Theologus
1553 2154 1670 2188 adjecit,
1691 2157 1718 2181 et
1731 2161 1792 2188 qua:

1004 2198 1077 2225 circa
1098 2199 1219 2226 coelestia
1238 2199 1374 2228 feruntur.
1396 2200 1541 2228 Certamen
1566 2200 1650 2236 igitur
1667 2200 1792 2228 ineamus

1006 2244 1139 2272 adversus
1153 2244 1277 2272 innatum
1289 2246 1371 2273 nobis
1395 2246 1509 2274 bellum.
1526 2246 1571 2273 Ait
1589 2246 1662 2274 enim
1675 2245 1792 2281 Aposto-

167 2273 314 2309 ἁμαρτίας,
340 2273 386 2300 τὸν
396 2274 672 2309 ἀντιστρατευόμενον
690 2275 728 2311 τῷ
737 2277 812 2312 νόμῳ
821 2277 867 2304 τοῦ
884 2279 952 2312 νοὸς,

1008 2289 1050 2316 lus
1066 2289 1090 2304 "
1111 2296 1172 2317 esse
1188 2289 1333 2323 quamdam
1355 2291 1382 2318 in
1409 2290 1540 2318 membris
1563 2291 1664 2318 nostris
1686 2290 1792 2325 peccati

166 2318 247 2352 ἤγουν
269 2318 308 2353 τῷ
334 2319 458 2354 φυσικῷ,
486 2320 530 2346 καὶ
561 2320 685 2347 ποιοῦντα
712 2322 838 2355 πολλάκις
865 2324 953 2359 ἐαυτῷ

166 2363 205 2399 (1)
237 2362 282 2390 τὸν
304 2364 366 2391 νοῦν
387 2365 558 2399 αἰχμάλωτον
577 2366 624 2392 καὶ
641 2367 807 2403 ὑποχείριον.
832 2369 954 2396 Ἀντιπα-

168 2410 346 2450 ραταξώιμεθα
367 2411 395 2437 δὲ
423 2411 552 2446 καὶπρὸς
578 2411 628 2443 τὰς
650 2411 750 2444 ἔξωθεν
768 2415 954 2450 ἐπερχομένας

166 2447 372 2488 ἐπαναστάσεις.

200 2502 259 2530 Col.
282 2503 335 2530 857
359 2502 380 2529 Β
403 2503 428 2529 1.
462 2503 725 2540 Ἐνέγικωμεν.....
750 2508 951 2543 μετριώτερον.

172 2548 349 2582 Ὑπέμειναν,
375 2548 468 2582 φησιν,
491 2549 517 2575 οε
543 2550 679 2586 μάρτυρες
699 2551 781 2586 θηρία
805 2553 852 2579 καὶ
879 2553 955 2588 ξίφος

167 2595 213 2622 καὶ
234 2595 300 2630 ἠὗρ’
324 2595 517 2631 ὑπομείνωμεν
537 2597 583 2623 καὶ
607 2597 698 2631 ἡμεῖς,
715 2597 753 2628 ὡς
776 2597 825 2632 μὲν
849 2598 953 2634 θηρίον,

166 2640 210 2667 τὸν
235 2640 336 2676 θυμόν·
363 2641 400 2672 ὡς
421 2641 449 2667 δὲ
475 2640 551 2675 ξίφος
575 2643 716 2677 τμητικὸν,
739 2642 788 2679 τὴν
810 2643 953 2677 γλῶσσαν·

167 2687 203 2718 ὼς
224 2687 252 2713 δὲ
271 2687 337 2722 πῦρ,
361 2687 409 2722 τὴν
434 2687 530 2722 ἡδονὴν
543 2687 768 2724 κατασϐέσωμεν.
794 2690 888 2722 Πάσας
905 2690 956 2723 τὰς

167 2733 306 2769 αἰσθήσεις
314 2733 577 2769 δουλαγωγήσωμεν⁸
586 2733 677 2769 θῶμεν
687 2733 769 2770 θύρας
779 2736 838 2767 ταῖς
848 2736 952 2769 ἀκοαῖς,

167 2778 301 2814 εὐκαίρως
315 2779 493 2814 ἀνοιγομένας
510 2779 578 2814 πρὸς
592 2779 626 2806 τὰ
643 2779 701 2806 θεῖα
720 2781 830 2816 ῥήματα
848 2782 895 2808 καὶ
909 2784 954 2809 εὑ-

167 2822 269 2859 καίρως
284 2824 444 2860 κλειομένας
457 2824 526 2861 πρὸς
539 2825 573 2852 τὰ
589 2824 719 2859 θέλγοντα
735 2826 782 2853 καὶ
799 2826 952 2861 βλάπτοντα

204 2893 227 2908 ⁸⁸
242 2893 343 2928 Ephes.
360 2901 397 2926 νι,
414 2893 457 2920 12.
496 2894 518 2910 ⁸⁷
531 2894 610 2921 Rom.
627 2903 676 2929 vu,
693 2897 737 2924 25.

205 2954 244 2988 (l)
262 2953 483 2990 Suprascriptum
497 2955 578 2984 αὐτόν
597 2963 623 2983 a.

1008 2334 1092 2369 legem
1122 2335 1174 2370 legi
1204 2335 1303 2363 mentis
1319 2336 1522 2367 adversantem,
1547 2340 1652 2364 natura:
1676 2336 1791 2368 scilicet,

1007 2379 1226 2415 efﬁcientemque
1247 2381 1408 2417 plerumque
1432 2382 1483 2409 sibi
1508 2386 1627 2409 mentem
1654 2382 1791 2417 captivam

1007 2425 1224 2461 subjectamque.
1252 2426 1308 2454 Nos
1331 2435 1441 2462 quoque
1465 2427 1635 2454 instruamus
1660 2426 1792 2454 adversus

1006 2479 1111 2503 earum.
1128 2480 1188 2506 qua:
1202 2475 1315 2500 extet-ne
1329 2472 1467 2504 accidunt,
1483 2480 1574 2500 rerum
1592 2473 1720 2507 impetus.

1042 2517 1268 2546 Sustineamus....
1297 2524 1327 2546 ut
1356 2520 1446 2546 mitius
1471 2520 1573 2554 loquar.
1595 2532 1631 2538 —
1648 2518 1793 2545 Sustinue-

1005 2568 1079 2594 runt,
1099 2564 1147 2596 ait,
1166 2569 1300 2600 martyres
1319 2565 1433 2597 belluas.
1454 2569 1482 2592 et
1501 2564 1634 2600 gladium.
1649 2568 1677 2591 et
1689 2565 1790 2599 ignem.

1008 2607 1199 2638 Sustineamus
1218 2615 1246 2637 et
1262 2618 1323 2642 nos,
1352 2611 1427 2638 velut
1450 2611 1577 2642 belluam,
1609 2610 1695 2642 iram;
1709 2609 1788 2636 velut

1006 2660 1173 2690 praeacutum
1192 2656 1311 2690 gladium
1323 2677 1330 2689 ,
1349 2657 1484 2692 linguam;
1503 2657 1576 2684 velut
1590 2656 1699 2691 ignem,
1714 2655 1792 2682 volu-

1007 2705 1109 2736 ptatem
1129 2703 1348 2738 exstinguamus.
1361 2702 1462 2731 Omnes
1478 2710 1577 2730 sensus
1587 2702 1616 2729 in
1629 2701 1792 2730 servitutem

1009 2748 1180 2776 addicamus.
1204 2749 1381 2784 Apponamus
1410 2749 1524 2776 auribus
1552 2749 1656 2776 nostris
1679 2747 1792 2782 januas,

1010 2802 1070 2828 quae
1093 2795 1128 2822 ad
1149 2795 1241 2822 divina
1256 2796 1337 2823 verba
1355 2795 1517 2831 tempestive
1532 2795 1700 2830 aperiantur,
1716 2795 1744 2821 et
1758 2792 1793 2819 ad

1011 2840 1170 2870 illecebrosa
1187 2842 1322 2877 noxiaque
1342 2842 1525 2883 modulamina
1539 2840 1700 2878 tempestivo
1717 2839 1794 2868 clau'
