2022 3134
234 185 287 214 979

856 186 1000 217 NICETAS
1018 187 1214 216 SERRONIUS

1803 185 1856 216 880

235 244 346 271 dantur.
372 242 510 278 negamus
537 243 656 277 oculum,
673 252 705 272 ne
723 253 771 281 per
793 253 856 274 eum
880 247 907 274 in
934 247 1033 277 nobis.

1084 253 1183 282 σματα.
1211 247 1428 282 Κυϐερνήσωμεν
1450 246 1496 273 τὸν
1519 245 1667 282 ὁφθαλμὸνς
1693 247 1798 282 μήποτε
1823 247 1855 274 δι’

235 298 364 325 magnum
392 290 494 317 incidat
516 291 677 326 cupiditatis
702 300 812 324 semen;
839 293 971 330 linguam,
987 302 1022 322 ne

236 337 301 372 quid
318 336 430 363 vetitum
451 336 615 372 loquamur;
637 342 740 366 tactum
760 339 837 367 rabie
852 340 1021 367 laborantem

237 383 270 410 ad
283 383 394 410 inutiles
413 386 440 410 et
458 383 556 411 noxios
575 388 713 417 attactus;
732 390 843 420 gustum
860 386 1023 414 deliciarum

237 432 410 464 appetentem
429 434 455 456 et
481 429 663 457 vellicantem.
682 429 811 466 Undique
837 432 910 459 enim
937 431 1024 459 refre-

236 475 346 502 nandus
363 478 404 502 est
419 475 555 510 petulans,
574 480 601 502 et
617 476 644 502 in
663 482 736 507 esca,
750 481 777 503 et
795 477 822 503 in
844 481 941 510 strato,
954 482 982 505 et
996 478 1024 504 in

238 521 380 552 societate,
397 525 424 549 et
444 521 472 548 in
496 522 584 549 oculis
596 543 604 554 ,
620 527 647 550 et
667 522 694 549 in
710 523 842 556 auribus,
867 528 894 551 et
910 524 936 551 in
950 524 1023 559 gula,

238 571 321 602 atque
335 567 417 594 etiam
434 567 462 594 in
480 568 605 596 naribus.
631 567 664 595 Et
687 569 915 603 quemadmodum
942 570 1025 597 boves

239 613 349 640 anuulis
365 618 392 640 et
407 612 529 649 funibus,
554 614 594 641 sic
618 619 646 641 et
671 614 830 643 luxuriosus
853 616 980 643 thuribus
1000 621 1027 643 et

239 659 389 694 unguentis
408 663 435 686 et
448 660 525 687 suavi
541 667 705 687 coronarum
718 660 803 688 odore
824 661 952 689 trahitur.
969 661 1026 689 Hoc

239 712 282 735 est
296 707 369 742 quod
392 708 430 734 ait
453 707 586 735 Jeremias
603 708 637 740 ⁸⁸,
664 709 793 743 quoniam
811 709 934 736 Ascendit
955 718 1026 737 more

239 759 285 785 per
302 752 440 786 fenestras.
458 752 509 779 Per
523 760 621 780 sensus
635 753 719 786 enim,
731 754 804 780 sicut
816 761 864 788 per
880 753 1026 788 fenestras,

241 798 269 824 in
286 798 402 824 animam
416 798 567 833 ingreditur
582 801 686 833 peccati
706 807 790 827 mors.
807 799 906 827 Prater
918 804 1026 833 caetera,

241 843 326 870 risum
344 843 427 870 etiam
453 843 599 878 fugiamus.
621 844 652 871 Et
672 845 743 872 sicut
768 845 794 872 in
811 845 891 872 tertio
914 845 1018 880 Regum

241 887 322 919 libro,
338 887 402 916 Elim
420 889 454 916 ad
474 888 558 917 Deum
578 891 718 918 accedenti
736 892 868 919 adversus
888 892 982 925 Israel,
1001 898 1027 920 et

241 933 344 961 dicenti
360 934 382 950 ‘9
397 945 403 962 :
422 935 543 968 Domine,
555 938 694 971 prophetas
714 943 772 964 tum
788 939 987 973 interfecerunt,
1001 945 1025 966 et
1042 924 1063 952 Β

241 978 340 1006 altaria
356 984 401 1006 tua
413 985 575 1014 everterant,
592 987 617 1009 et
633 990 680 1017 ego
704 983 811 1010 relictus
825 992 884 1011 sum
899 985 981 1017 solus,
1002 990 1027 1011 et

241 1031 361 1059 qua-runt
376 1027 492 1053 animum
504 1035 600 1060 meam,
620 1029 759 1064 respondit
776 1030 918 1057 oraculum
932 1039 939 1058 :
956 1030 1028 1057 Reli-

241 1071 286 1104 qui
305 1071 369 1097 milii
393 1077 489 1106 sep/em
510 1073 595 1100 millia
617 1075 743 1107 virorum,
762 1076 807 1110 qui
829 1084 880 1102 non
896 1076 1027 1110 ﬂexerunt

240 1125 307 1150 genu
323 1122 383 1144 ante
398 1117 468 1144 Baal
483 1119 595 1153 (idolum
620 1124 710 1148 autem
725 1125 786 1147 erat
806 1121 869 1148 Baal
884 1122 957 1157 quod
980 1122 1028 1149 Ju-

242 1164 293 1190 daei
313 1169 378 1191 tunc
395 1164 548 1201 colebant).
572 1165 665 1201 Neque
691 1174 741 1194 nos
755 1171 866 1202 peccato
886 1168 1028 1204 indulgea-

243 1217 305 1236 mus
318 1216 430 1245 propter
443 1212 604 1246 penuriam;
621 1212 668 1240 sed
680 1213 753 1240 sicut
764 1217 819 1240 tres
830 1214 905 1248 pueri
916 1221 1027 1242 auream

242 1255 406 1292 imaginem,
436 1265 518 1293 quam
551 1259 648 1286 statuit
679 1258 945 1294 Nabuchodonosor,
973 1268 1028 1288 non

242 1301 436 1336 adoraverunt,
464 1305 503 1332 sic
515 1309 542 1332 et
568 1313 618 1332 nos
640 1306 829 1334 turbulentam
843 1307 948 1342 peccati
961 1307 1030 1335 ima-

242 1349 345 1384 ginem,
357 1357 372 1376 a
388 1349 500 1377 diabolo
516 1356 633 1378 erectam
647 1372 654 1383 ,
672 1360 705 1379 ne
721 1352 877 1380 adoremus.
895 1353 948 1386 Qui
965 1361 1030 1380 vcn-

243 1399 312 1422 trem
339 1403 388 1431 pro
415 1395 470 1423 Deo
489 1396 569 1424 habet
590 1398 739 1433 voluptatis
759 1406 860 1431 causa,
886 1399 1029 1426 avaritiam

242 1449 353 1476 quoque
371 1442 460 1470 ventri
480 1443 702 1478 suppeditantem
726 1452 776 1479 pro
798 1443 853 1472 Deo
870 1445 967 1472 habeat
983 1453 1032 1473 ne-

243 1495 322 1516 cesse
332 1493 384 1516 est.
401 1488 452 1521 Qui
465 1490 536 1517 enim
555 1494 618 1518 ante
637 1490 702 1517 Baal
717 1498 787 1526 genu
802 1490 877 1518 ﬂexit
891 1492 926 1519 ob
945 1499 1032 1526 penu-

244 1533 325 1565 riam,
337 1535 445 1562 scilicet
457 1535 616 1570 ingluviem,
627 1544 737 1564 auream
753 1545 862 1572 quoque
874 1538 1029 1574 imaginem,

245 1581 387 1608 avaritiam
401 1581 473 1613 dico,
485 1582 522 1609 ob
533 1586 634 1609 metum
644 1583 787 1617 adoraret;
801 1585 902 1619 quippe
916 1584 963 1620 qui
975 1592 1030 1612 non
1046 1602 1068 1632 ε

245 1627 326 1653 aliam
342 1629 486 1662 praesentis
496 1628 558 1655 vitae
578 1636 689 1656 causam
709 1633 770 1664 post
783 1637 880 1657 aurum
898 1631 1031 1659 novisset.

245 1670 285 1698 Ne
305 1672 437 1707 probrum
460 1671 611 1700 inferamus
628 1673 726 1701 anima:
748 1682 797 1709 per
809 1675 969 1710 .improbam
993 1675 1034 1702 vi-

245 1718 327 1745 vendi
342 1719 488 1752 rationem,
507 1719 555 1746 sed
569 1719 648 1753 juxta
669 1721 850 1756 apostolicam
865 1721 1034 1749 adhortatio-

246 1773 310 1793 nem
323 1765 358 1798 '°,
372 1773 547 1793 assumamus
568 1770 679 1794 scutum
702 1767 774 1800 fidei,
792 1775 847 1803 quo
862 1768 953 1795 omnia
974 1768 1035 1796 dia-

246 1810 302 1838 boli
325 1811 408 1846 ignita
427 1811 481 1838 tela
506 1812 676 1846 restinguere
699 1813 859 1849 poterimus.
887 1812 944 1841 Hoc
972 1822 1035 1842 vero

248 1857 364 1890 bellum,
388 1857 495 1885 scilicet
521 1857 653 1884 adversus
677 1859 841 1892 passiones,
866 1866 949 1894 grave
974 1863 1035 1891 est,

247 1903 320 1930 sicut
335 1902 468 1930 adversus
487 1908 634 1938 tyrannos;
661 1907 688 1930 et
707 1908 850 1938 peccatum
877 1904 1034 1936 devincere,

248 1956 378 1984 magnum
395 1953 539 1984 tropaeum,
565 1950 637 1977 sicut
659 1953 687 1976 et.
706 1955 858 1986 martyrum
873 1951 919 1986 qui
948 1958 1027 1986 perse

250 1999 361 2022 eutores
377 1999 587 2030 superaverunt.
603 1995 681 2028 Quod
696 1997 772 2024 sisic
788 1997 908 2032 undique
921 2004 1037 2024 coneur»

251 2041 338 2068 rimus
355 2041 388 2068 ad
404 2046 562 2069 sanctorum
574 2041 654 2076 festa,
671 2050 736 2070 vere
751 2047 885 2078 martyres
901 2043 1036 2077 colimus;

251 2088 275 2114 si
298 2087 495 2122 congredimur
521 2091 551 2115 ut
575 2088 734 2116 carnalibus
761 2092 789 2116 et
808 2089 883 2117 brevi
907 2090 1037 2124 perituris

250 2133 358 2162 deliciis
378 2133 514 2168 fruamur,
535 2138 619 2170 utque
644 2135 784 2167 alimenta,
807 2142 867 2170 quae
889 2142 953 2162 mox
975 2143 1038 2162 eva-

251 2185 384 2212 cuantur,
407 2180 578 2214 inferamus,
596 2185 623 2208 et
639 2184 668 2207 ut
685 2186 836 2216 martyrum
856 2181 954 2216 templa
977 2189 1038 2208 cra-

251 2228 323 2263 pula:
334 2231 362 2256 et
375 2227 518 2256 ebrietatis
530 2228 590 2255 loca
603 2228 769 2262 elliciamus;
786 2228 808 2256 si
825 2227 956 2257 festorum
969 2234 1038 2257 tem-

1073 293 1156 320 αὑτοῦ
1173 293 1239 328 ἡμῖν
1253 292 1351 328 λαῦρον
1362 292 1469 328 ἐμπέσῃ
1479 292 1529 326 τῆς
1544 292 1690 327 ἐπιθυμίας
1704 292 1734 318 τὸ
1745 292 1858 328 κύημα·

1072 340 1121 375 τὴν
1136 339 1268 373 γλῶτταν,
1285 338 1322 374 μὴ
1333 337 1512 373 φθεγξώμεοα
1523 337 1606 373 μηδὲν
1619 337 1856 372 ἀπηγορευμένον·

1072 387 1121 423 τὴν
1137 387 1208 422 ἁφὴν
1223 385 1361 412 λυττῶσαν
1371 385 1439 420 πρὸς
1453 384 1502 415 τὰς
1519 383 1682 419 περιέργους
1699 383 1747 409 καὶ
1762 381 1860 417 βλαϐε-

1075 434 1124 470 ρὰς
1152 432 1276 466 ὲπαφάς·
1303 430 1352 466 τὴν
1382 430 1492 465 γεῦσιν,
1517 429 1709 464 λιχνευομὲνην
1733 428 1798 464 περὶ
1825 427 1860 454 τὰ

1074 479 1216 515 ἡδύσματα
1232 478 1278 504 καὶ
1300 477 1518 512 σπαράττουσαψ
1536 473 1668 502 πάντοθεν
1687 474 1741 510 γὰρ
1762 472 1861 507 ἀγώγι-

1080 523 1129 559 μός
1154 524 1228 550 ἐστιν
1248 523 1262 548 ό
1283 521 1441 552 ἀκόλαστος,
1467 520 1513 546 καὶ
1532 520 1586 546 ἀπὸ
1609 519 1719 553 ἐδωδῆς,
1744 519 1791 546 καὶ
1807 518 1861 544 ἀπὸ

1077 567 1238 604 στρωμνῆς,
1259 567 1305 593 καὶ⁸
1325 565 1380 593 ἀπὸ
1408 565 1637 600 συναναστροφῆς,
1661 565 1708 590 καὶ
1732 564 1787 591 ἀπὸ
1806 563 1861 590 τῶν

1075 612 1230 648 ὀφθαλμῶν,
1241 612 1288 638 καὶ
1305 611 1359 638 ἀπὸ
1368 610 1421 637 τῶν
1439 610 1525 642 ὢτων,
1536 609 1582 636 καὶ
1599 609 1653 636 τῶν
1665 608 1782 643 γνάθων,
1794 607 1861 635 ἀλλὰ

1076 661 1123 687 καὶ
1144 660 1176 686 ὲκ
1197 658 1252 685 τῶν
1277 658 1431 694 μυκτήρων.
1451 657 1506 683 Καὶ
1527 656 1652 691 καθάπερ
1672 656 1697 682 oi
1719 655 1780 690 βόες
1805 655 1862 686 τοῖς

1075 707 1183 742 κρίκοις
1199 706 1246 732 καὶ
1262 707 1317 737 τοῖς
1328 704 1464 740 σχοινίοις,
1482 703 1553 729 οὓτω
1567 703 1613 730 καὶ
1628 704 1642 729 ὁ
1654 701 1801 733 ἀκόλαστος
1815 700 1862 727 θυ-

1079 753 1196 788 μιάμασι
1220 751 1267 777 καὶ
1292 750 1389 785 μύροις
1414 750 1460 775 καὶ
1484 750 1543 780 ταῖς
1565 748 1619 775 ἀπὸ
1645 748 1699 774 τῶν
1723 747 1862 781 στεφάνων

1078 797 1199 828 simiai;
1218 796 1403 832 περιέλκεται·
1417 795 1464 821 καὶ
1476 794 1555 821 τοῦτό
1572 795 1654 825 ἐστιν,
1671 793 1686 819 ὃ
1704 801 1786 828 φησιν
1813 792 1862 818 ἰε-

1079 843 1183 879 ρεμίας,
1201 844 1242 870 ὃτι
1265 842 1363 875 Ἀνέϐη
1385 841 1511 873 θάνατος
1524 840 1573 867 διὰ
1587 839 1645 866 τῶν
1661 838 1799 873 θυρίδων·
1819 838 1863 864 διὰ

1077 888 1131 924 γὰρ
1144 888 1198 914 τῶν
1217 887 1378 922 αἰσθήσεων,
1397 886 1434 918 ὡς
1453 886 1497 912 διὰ
1512 885 1636 921 Θυρίδων,
1652 885 1804 919 εἰσέρχεται
1823 884 1864 914 είς

1079 935 1128 970 τὴν
1137 934 1224 970 ψυχὴν
1240 936 1254 961 ὁ
1266 934 1314 969 τῆς
1325 933 1460 969 ἁμαρτίας
1471 931 1594 963 Θάνατος.
1609 931 1680 966 Πρὸς
1694 932 1749 961 τοῖς
1763 930 1864 961 ἄλλοις,

1080 982 1127 1007 καὶ
1145 980 1190 1007 τὸν
1215 980 1320 1013 γέλωτα
1339 979 1477 1014 φύγωμεν·
1497 978 1544 1005 καὶ
1566 977 1660 1013 ὥσπερ
1684 977 1713 1003 ὲν
1733 977 1765 1011 τῇ
1784 976 1865 1011 τρίτῃ

1080 1027 1133 1054 τῶν
1143 1026 1291 1054 Βασιλειῶν
1310 1025 1348 1061 τῷ
1366 1025 1443 1060 Ἠλίᾳ
1461 1022 1696 1059 ὲντυγχάνοντιτῷ
1716 1022 1776 1057 Θεῷ
1794 1021 1866 1048 κατὰ

1080 1073 1127 1100 τοῦ
1157 1073 1275 1108 Ἰσραὴλ,
1296 1072 1342 1098 καὶ
1361 1071 1479 1105 λέγοντι,
1501 1071 1598 1104 Κύριε,
1618 1069 1688 1101 τοὺς
1711 1069 1866 1103 προφήτας

1081 1128 1139 1146 σου
1162 1119 1350 1148 ἀπέκτειναν.
1368 1117 1416 1143 καὶ
1442 1117 1478 1143 τὰ
1501 1113 1699 1149 θυσιαστήριά
1716 1121 1775 1141 σου
1798 1122 1867 1140 κατ-

1081 1166 1243 1199 έστρεψαν,
1258 1162 1338 1198 κάγὼ
1360 1162 1546 1196 ἀπελείφθην
1563 1160 1667 1196 μόνος,
1682 1159 1730 1186 καί
1744 1158 1867 1193 ζητοῦσι

1081 1209 1139 1243 τὴν
1153 1208 1259 1243 ψυχήν
1271 1216 1330 1242 μου
1341 1216 1348 1222 ·
1365 1206 1438 1240 λέγει
1454 1207 1468 1233 ὁ
1486 1215 1537 1241 χρη
1542 1204 1685 1241 ματισμὴς,
1699 1203 1868 1231 Κατέλιπον

1082 1253 1197 1289 ἐμαυτῷ
1236 1252 1483 1286 ἑπτακισχιλίους
1514 1251 1644 1284 ἄνδρας,
1667 1250 1777 1281 οἵτινες
1811 1249 1867 1275 οὐκ

1083 1301 1223 1335 ἔκαμψαν
1235 1300 1308 1334 γόνυ
1322 1298 1362 1332 τῷ
1375 1297 1458 1325 Βάαλ
1473 1296 1590 1332 (εἴδωλον
1605 1296 1631 1322 δὲ
1651 1293 1684 1330 ἦν
1700 1296 1716 1330 ή
1733 1294 1807 1321 Βάαλ
1815 1293 1868 1320 ὑπὸ

1082 1347 1137 1374 τῶν
1166 1345 1298 1373 Ἰουδαίων
1320 1344 1381 1371 τότε
1401 1343 1583 1379 τιμώμενον)·
1608 1341 1679 1368 οὕτω
1700 1341 1767 1377 μηδὲ
1788 1341 1869 1376 ἡμεῖς

1083 1392 1267 1428 ὑποκύψωμεν
1278 1392 1310 1426 τῇ
1323 1390 1444 1426 ἁμαρτίᾳ
1456 1389 1499 1416 διὰ
1515 1389 1564 1424 τὴν
1577 1388 1671 1424 χρείαν
1681 1396 1688 1402 ·
1703 1386 1760 1413 ἀλλ’
1774 1386 1868 1422 ὥσπερ

1083 1441 1107 1467 οε
1122 1440 1196 1475 τρεῖς
1220 1437 1314 1469 παῖδες
1330 1438 1362 1472 τῇ
1382 1435 1467 1463 εἰκόνι
1491 1436 1525 1470 τῇ
1550 1435 1647 1470 χρυσῇ,
1672 1434 1705 1468 ἢν
1729 1432 1868 1467 Eme-svo

1084 1484 1330 1521 Νιιὸουχοδονὸσορ,
1345 1483 1375 1509 οὐ
1390 1481 1612 1518 προσεκύνησαν·
1628 1479 1699 1506 οὓτω
1723 1479 1768 1506 καὶ
1790 1477 1871 1514 ἡμεῖς

1083 1533 1123 1569 τῷ
1143 1531 1262 1568 ὲμπαθεῖ
1285 1530 1385 1565 εἰδώλῳ
1408 1529 1459 1564 τῆς
1480 1527 1626 1564 ἁμαρτίας,
1643 1527 1712 1561 ὅπερ
1727 1525 1834 1560 ἵστησιν
1855 1524 1870 1551 ὁ

1084 1577 1215 1610 διάϐολος,
1230 1577 1267 1612 μὴ
1281 1574 1561 1612 προσκυνήσωμεν.⁹0
1573 1572 1622 1608 τὴν
1640 1571 1742 1598 κοιλίαν
1759 1569 1870 1605 φιληδο-

1084 1626 1144 1657 νίας
1159 1625 1239 1651 ἓνεκα
1257 1622 1429 1657 θεοπθιήσας,
1448 1620 1478 1653 εξ
1501 1620 1622 1654 ἀνάγκης
1636 1618 1685 1654 τὴν
1699 1617 1801 1652 ταύτης
1825 1625 1872 1643 συ-

1085 1671 1210 1699 στατικδν
1222 1669 1339 1697 θεοποιΞί
1350 1666 1532 1704 φιλαργυρίαν
1545 1674 1552 1680 ·
1578 1666 1591 1692 ὁ
1611 1664 1664 1699 γὰρ
1680 1663 1872 1700 προσκυνήσας

1084 1719 1117 1753 τῇ
1135 1717 1208 1744 Βάαλ
1230 1716 1274 1742 διὰ
1291 1715 1341 1751 τὴν
1356 1714 1461 1749 χρείαν,
1485 1712 1608 1739 τουτέστι
1629 1710 1679 1745 τὴν
1697 1717 1871 1744 γαστριμαρ-

1085 1765 1157 1800 γίαν,
1173 1763 1221 1790 καὶ
1237 1764 1271 1798 τῇ
1291 1761 1374 1788 εικόνι
1390 1761 1422 1796 τῇ
1438 1760 1536 1795 χρυσῇ,
1552 1759 1585 1793 τῇ
1599 1756 1773 1792 φυλαργυρίᾳ
1789 1755 1871 1790 φημὶ.

1084 1808 1129 1835 τιὰ
1150 1807 1195 1836 τὸν
1220 1806 1301 1841 φόὃον
1326 1805 1552 1841 προσκυνήσειεν,
1579 1802 1667 1828 αἰτίαν
1690 1801 1773 1836 ἄλλην
1797 1808 1873 1834 περι-

1087 1854 1232 1890 ποιητικὴν
1249 1852 1298 1888 τῆς
1315 1850 1456 1886 παρούσης
1476 1848 1549 1883 ζωῆς
1566 1847 1635 1884 μετὰ
1649 1847 1694 1873 τὸν
1710 1846 1809 1882 χρυσὸν
1824 1845 1874 1872 οὐκ

1087 1901 1174 1932 εἰδώς.
1192 1899 1236 1935 Μὴ
1263 1897 1478 1933 καθυϐρίσωμεν
1505 1896 1554 1930 τὴν
1578 1894 1666 1929 ψυχὴν
1691 1892 1735 1919 διὰ
1763 1891 1873 1923 κακίας,

1088 1947 1155 1974 ἀλλὰ
1172 1945 1241 1973 κατὰ
1251 1944 1300 1980 τὴν
1314 1941 1494 1976 ἀποστολικὴν
1506 1940 1686 1976 παραίνεσιν,
1695 1937 1874 1972 ἀναλάϐωμεν

1087 1995 1133 2021 τὸν
1153 1992 1249 2028 θυρεὸν
1261 1991 1311 2026 τῆς
1324 1989 1452 2019 πίστεως,
1470 1989 1498 2014 ὲν
1511 1983 1534 2020 ᾧ
1547 1984 1717 2020 δυνησόμεθα
1737 1983 1826 2028 πάντα
1839 1983 1873 2009 τὰ

1089 2040 1152 2077 βέλη
1168 2025 1215 2066 τοῦ
1231 2025 1352 2072 Πονηροῦ
1366 2035 1399 2062 τὰ
1413 2032 1596 2069 πεπυρωμένα
1612 2031 1716 2057 σῦὲσαι.
1730 2025 1874 2077 Καὶνοῦτος

1087 2089 1102 2114 ὁ
1122 2087 1250 2121 πόλεμος,
1276 2085 1291 2110 ὁ
1312 2082 1379 2118 πρὸς
1405 2081 1439 2108 τὰ
1463 2079 1548 2114 πάθη,
1573 2077 1655 2113 φημὶ,
1680 2076 1765 2107 δεινός
1788 2076 1874 2106 ἐστιν,

1088 2134 1182 2167 ὥσπερ
1199 2131 1215 2157 ὁ
1235 2129 1303 2166 πρὸς
1325 2129 1388 2159 τοὺς
1402 2126 1564 2162 τυράννους¹
1583 2123 1629 2151 καὶ
1648 2123 1679 2149 τὸ
1694 2122 1803 2157 νικῆσαι
1826 2121 1874 2156 τὴν

1089 2179 1236 2215 ἁμαρτίαν,
1259 2176 1330 2211 μέγα
1347 2174 1486 2209 τρόπαιον,
1502 2172 1542 2202 ὡς
1557 2170 1588 2196 τὸ
1608 2168 1800 2205 περιγενέσθαι
1821 2167 1875 2215 τιῖιν

1089 2214 1240 2253 διωκόντων
1255 2223 1278 2249 οί
1292 2222 1440 2257 μάρτυρες.
1461 2217 1524 2245 Ἐὰν
1543 2217 1617 2244 o'tmu
1630 2217 1743 2243 πάντοτε
1763 2214 1875 2249 συντρέ-

251 2283 303 2310 pus
315 2279 424 2310 tempus
440 2276 658 2310 negotiationum
674 2274 811 2307 ducimus,
830 2279 1033 2311 conventusque

1090 2280 1180 2308 χωμεν
1196 2271 1235 2301 είς
1253 2268 1302 2300 τὰς
1321 2266 1376 2293 τῶν
1392 2267 1476 2300 ἁγίων
1499 2263 1606 2299 ἑορτὰς,
1618 2261 1732 2311 mneo;
1751 2260 1876 2311 τιμῷμεν

252 2320 332 2348 nobis
355 2320 450 2347 ﬁatut
476 2320 613 2347 venalium
636 2321 866 2355 permutationem
888 2320 1037 2354 faciamus,

252 2375 308 2395 non
325 2371 355 2394 ut
370 2367 544 2394 divinitatem
562 2375 753 2402 assequamur,
776 2367 856 2402 cujus
877 2367 1039 2396 mediatores

253 2418 318 2441 sunt
335 2413 423 2442 sancti
450 2418 595 2448 martyres,
620 2413 756 2441 hortando
775 2414 886 2449 quidem
909 2415 1039 2448 populum

253 2465 284 2488 ut
299 2460 441 2492 ascendat,
457 2467 490 2487 ac
503 2460 585 2487 veluti
602 2459 674 2488 Deus
685 2460 834 2493 adiciatur;
853 2460 935 2487 Deum
949 2464 1038 2487 autem

254 2507 387 2542 rogando,
405 2511 435 2534 ut
447 2506 563 2534 inclinet
578 2514 607 2534 se
624 2511 706 2541 atque
722 2514 801 2542 opem
818 2506 907 2533 ferat:
921 2506 1040 2540 primum

254 2553 376 2588 quidem,
401 2553 475 2588 quod
502 2553 528 2580 id
552 2553 617 2580 huie
650 2552 763 2587 tempori
789 2552 944 2584 conveniat,
970 2551 1040 2578 haud

255 2607 386 2635 agnosco.
405 2599 476 2633 Quid
500 2600 568 2627 enim
592 2599 675 2634 patere
697 2607 755 2625 cum
775 2599 882 2625 tritico?
895 2599 933 2625 ait
949 2598 1043 2625 Domi-

255 2654 309 2673 nus
325 2654 375 2681 per
389 2645 536 2673 Jeremiam
548 2645 583 2672 “.
609 2645 681 2678 Quid
705 2644 797 2672 carnis
818 2644 949 2679 voluptati
967 2651 1044 2671 com-

255 2699 338 2719 mune
355 2698 418 2718 cum
436 2695 586 2727 martyrum
609 2690 825 2719 certaminibus?
842 2689 944 2717 Deinde
962 2690 1041 2724 equi-

255 2737 318 2765 dem
334 2738 396 2764 volo
413 2737 546 2765 audacius
561 2737 664 2773 aliquid
688 2736 791 2764 dicere.
811 2735 958 2763 Reveritus
980 2743 1044 2763 vero

258 2782 355 2811 festam
368 2783 439 2811 hanc
455 2784 539 2816 diem,
554 2784 750 2819 blasphemiam
767 2783 881 2810 reticeo.
897 2782 1042 2813 Caeterum,

258 2836 313 2856 non
332 2829 445 2857 delicias
462 2834 489 2857 et
508 2829 669 2857 ebrietatem
687 2836 702 2856 a
717 2829 797 2856 nobis
813 2833 948 2864 martyres
962 2835 1044 2862 expo-

259 2878 349 2908 scunt,
374 2879 403 2902 ut
424 2875 518 2903 mitius
535 2875 642 2911 loquar.
667 2873 719 2902 Sed
744 2874 789 2901 hic
812 2873 966 2908 Theologns
983 2873 1043 2900 bla.

1089 2307 1153 2350 τοὺς
1169 2317 1311 2353 μάρτυρας
1322 2323 1328 2329 ·
1347 2313 1395 2340 ἐὰν
1408 2312 1437 2339 δὲ
1454 2309 1659 2346 συνερχώμεθα,
1676 2309 1720 2335 ἵνα
1732 2307 1863 2343 τρυφήσω

1092 2373 1141 2400 μεν
1156 2361 1294 2398 σαρκικῶς
1304 2361 1351 2387 καὶ
1362 2358 1548 2393 προσκαίρως,
1564 2356 1611 2383 καὶ
1625 2356 1667 2382 ῖνα
1677 2354 1710 2381 τὰ
1726 2353 1876 2400 κενούμενα

1091 2399 1223 2446 βρώματα
1248 2406 1458 2440 εἰσενέγκωμεν,
1485 2404 1532 2430 καὶ
1560 2403 1604 2429 ἵνα
1632 2401 1788 2436 ποιήσωμεν
1815 2399 1877 2430 τοὺς

1090 2457 1172 2488 ναοὺς
1191 2455 1246 2481 τῶν
1263 2452 1418 2489 μαρτύρων,
1440 2450 1528 2485 χωρία
1546 2447 1703 2484 κραιπάλης
1719 2447 1765 2473 καὶ
1782 2445 1876 2481 μέθης,

1091 2503 1138 2530 καὶ
1151 2502 1198 2528 ἐὰν
1212 2501 1257 2527 τὸν
1269 2498 1365 2534 καιρὸν
1377 2497 1432 2523 τῶν
1447 2495 1557 2531 ὲορτῶν,
1577 2494 1672 2528 καιρὸν
1688 2491 1877 2526 συναλλαγμά-

1091 2558 1143 2576 των
1165 2545 1413 2580 ὑπολαμῦάνωμεν,
1439 2542 1486 2569 καὶ
1509 2542 1525 2576 ἡ
1543 2540 1651 2571 σύνοδος
1670 2538 1736 2573 ἡμῖν
1752 2537 1875 2572 γένηται,

1090 2595 1133 2621 ἵνα
1146 2593 1233 2620 ὠνίων
1243 2590 1382 2626 διάμειψιν
1405 2586 1592 2623 ποιησώμεθα,
1610 2586 1658 2620 οὐχ
1679 2585 1723 2611 ἵνα
1737 2583 1788 2618 τῆς
1810 2582 1876 2608 θεώ-

1091 2648 1160 2671 σεως
1179 2637 1362 2672 ἐπιτύχωμεν,
1377 2632 1410 2670 ἦς
1425 2635 1534 2670 μεσῖται
1550 2632 1671 2666 γίνονται
1689 2630 1713 2656 oi
1733 2629 1815 2662 ἅγιοι,
1832 2628 1875 2653 τὸν

1095 2686 1143 2721 μὲν
1164 2686 1226 2712 λαὸν
1251 2681 1474 2719 παρακαλοῦντες
1494 2678 1649 2706 ἀναϐαίνειν
1670 2677 1717 2703 καὶ
1739 2673 1874 2704 θεοῠσθαι,

1093 2720 1137 2760 τὸν
1160 2732 1188 2758 δὲ
1204 2731 1270 2757 Θεὸν
1295 2727 1461 2758 ἱκετεύοντες
1486 2723 1670 2752 ἐπικλίνεσθαι
1689 2722 1736 2749 καὶ
1761 2720 1875 2756 βοηθεῖν,

1094 2777 1200 2813 πρῶτον
1227 2776 1285 2811 μὲν,
1309 2774 1368 2800 οὐδὲ
1386 2773 1431 2799 τὸν
1455 2770 1549 2806 καιρὸν
1574 2768 1758 2803 ὲπιγινώσκω,
1784 2765 1876 2813 καιρον

1094 2809 1200 2858 ὲορτῆςι
1217 2809 1247 2848 ’ίῖ
1268 2820 1321 2855 γὰρ
1338 2818 1370 2845 τὸ
1386 2818 1499 2853 ἄχυρον
1522 2815 1596 2849 πρὸς
1611 2814 1664 2841 τὸν
1682 2812 1780 2842 aiter;
1797 2809 1876 2858 malit

1094 2871 1108 2896 ὁ
1125 2854 1225 2904 ίὶύριος
1245 2854 1288 2894 διὰ
1308 2865 1454 2902 Ἱερεμίου·
1472 2864 1498 2890 τί
1514 2863 1542 2890 δὲ
1559 2862 1647 2889 κοινὸν
1665 2862 1698 2897 τῇ
1714 2859 1763 2894 τῆς
1781 2854 1881 2892 σαρκὸς,

295 2940 318 2961 ⁸⁸
335 2939 433 2968 lerem.
451 2949 488 2974 nt,
508 2940 553 2968 2!.
592 2941 613 2958 ⁵9
629 2939 660 2967 ΙΙΙ
678 2939 744 2976 Reg.
761 2947 818 2972 nx,
835 2939 868 2967 l0
887 2946 948 2972 sqq.
987 2939 1009 2955 δυ
1028 2937 1033 2964 l

1083 2945 1126 2964 tes.
1144 2944 1180 2968 v1,
1202 2934 1244 2962 16.
1282 2934 1302 2949 δ’
1318 2932 1419 2961 Jcrcm,
1437 2938 1514 2963 χχιιι,
1529 2929 1573 2959 28.
