2022 3134
155 176 199 204 981

735 176 781 204 AD
801 176 830 204 S.
849 175 1011 205 GREGORH
1030 176 1132 205 OR'AT.
1154 176 1199 219 Xi.

1730 175 1782 203 982

158 236 247 271 τρυφῇ
272 234 340 271 πρὸς
361 235 424 266 τοὺς
447 234 553 269 ἀγῶνας
573 235 627 261 τῶν
647 237 811 271 μαρτύρων;
832 237 948 265 Ἔπειτα

1007 238 1150 272 spbemiam
1164 237 1289 265 obticuit.
1312 237 1340 264 In
1360 237 1462 265 divinis
1478 241 1568 266 autem
1587 238 1674 273 ipsius
1694 238 1784 267 verbis

159 281 227 308 θέλω
243 281 293 317 μὲν
306 282 394 308 είπείν
408 290 433 308 τι
446 281 580 316 τολμηρόν
591 290 598 295 ·
613 281 770 316 αἰδούμενος
784 282 811 308 δὲ
825 282 873 317 τὴν
890 282 950 317 ἑόρ-

157 337 213 354 τιον
236 327 339 364 ταύτην
355 327 473 363 ἡμέραν,
498 327 592 354 σιωπῶ
616 327 646 354 τὸ
668 327 840 363 βλάσφημον·
870 328 949 364 πλὴν,

156 373 187 400 οὐ
200 373 306 409 τρυφὴν
323 373 370 399 καὶ
385 373 471 408 μέθην
487 373 552 408 παρ’
567 372 646 407 ἡμῶν
663 373 825 400 ἀπαιτοῦσιν
840 375 864 400 οἱ
883 375 952 410 μάρ-

156 428 247 456 τυρες,
264 419 309 445 ἴνα
325 419 442 454 μετρίως
457 418 615 446 εῐπω.“Δλλ“
630 419 746 446 ἐνταῦθα
763 420 812 454 μὲν
827 421 840 446 6
855 420 951 447 Θεολό-

157 471 204 496 γος
219 463 270 498 τὴν
285 462 459 498 βλασφημίαν
475 463 603 498 ὲσίγησεν
613 471 619 476 ·
638 464 668 489 ἐν
683 463 711 490 δὲ
731 465 786 495 τοῖς
801 464 883 496 θείοις
899 466 948 491 αύ-

156 507 203 534 τοῦ
216 507 322 539 ἔπεσιν,
344 507 427 543 αὐτὴν
443 507 615 543 ὲξελάλησεν,
628 508 721 541 εἰπὼν,
734 510 774 536 ὅτι
787 511 843 541 τοῖς
856 511 949 546 δαίμο-

159 562 200 579 σιν
213 555 239 580 οἱ
253 553 338 580 πάλαι
351 553 561 590 γαστριζόμενοι
574 555 621 581 καὶ
633 555 791 590 τρυφῶντες
804 556 931 591 ἐόρταζον
941 565 948 571 ·

158 601 182 626 οἱ
196 600 224 626 δὲ
245 600 405 635 Χριστιανοὶ
420 601 522 627 τούτων
544 601 783 637 ἐλευθερωθέντες,
803 611 950 638 πνευματι-

1000 291 1059 310 eam
1084 283 1208 318 protulit,
1233 283 1328 310 dicens
1351 282 1424 317 quod
1452 283 1516 310 olim
1538 283 1627 310 ventri
1653 282 1736 310 dediti
1758 288 1783 308 et

1001 327 1182 358 luxuriantes,
1205 326 1359 354 demonum
1386 326 1453 354 festa
1478 327 1610 361 agebant;
1634 325 1784 353 Christiani

1001 381 1082 405 vero,
1113 373 1148 400 iis
1175 373 1300 404 liberati,
1328 372 1485 407 spirituales
1507 377 1660 400 conventus
1681 372 1785 399 sanctis

1003 419 1113 447 athletis
1146 419 1349 446 constituimus.
1372 418 1449 446 Nunc
1473 424 1563 445 autem
1589 417 1692 449 audite,
1720 417 1784 452 quid

1003 466 1095 498 timeo,
1112 473 1128 492 ο
1143 465 1236 492 mundi
1249 465 1289 492 vel
1304 465 1406 492 ventris
1422 468 1569 494 amatores,
1583 463 1614 490 :Id
1635 463 1786 490 daemonica

1003 512 1176 547 transfugitis
1189 511 1364 546 exemplaria,
1383 511 1409 538 id
1423 515 1476 542 est,
1492 511 1515 538 si
1532 510 1620 536 ventri
1640 509 1787 545 indulgetis

1003 559 1030 586 in
1047 563 1205 586 sanctorum
1222 557 1299 585 festis
1313 561 1340 585 et
1356 556 1588 586 solemnitatibus.
1604 564 1658 583 non
1675 559 1787 583 sanctos

1003 605 1104 637 colitis,
1119 604 1167 632 sed
1183 604 1330 631 daemones.

159 649 208 679 xi;
223 648 349 679 συνόδους
365 649 420 680 τοῖς
433 647 592 683 ἁθλοφόροις
608 649 850 686 συνεστησάμεθα·
874 650 921 677 νῦν
937 651 965 677 δὲ
979 651 1124 683 ἀκούσατε,
1139 651 1167 677 τί
1173 658 1175 660 '
1190 650 1336 685 φοϐοῦμαι,
1352 647 1374 677 ὣ
1391 649 1550 685 φιλόκοσμοι
1565 649 1612 676 καὶ
1628 648 1788 683 φιλογὰστο-

160 703 204 730 ps;
215 702 221 708 '
247 694 316 729 πρὸς
337 695 397 724 τοὺς
418 694 591 729 δαιμονικοῦς
606 695 779 728 αὐτομολείτε
794 695 904 729 τύπους,
922 697 1059 723 τουτέστιν
1074 696 1122 723 ἐὰν
1136 695 1320 732 γαστρίζησθε
1338 697 1366 722 ἐν
1378 697 1437 728 ταῖς
1453 696 1558 731 ἑορταῖς
1569 694 1622 721 τῶν
1641 695 1726 727 ἁγίων
1742 695 1788 721 καὶ

159 742 218 773 ταῖς
235 740 431 776 πανηγύρεσιν,
451 741 481 767 οὺ
496 741 558 772 τοὺς
575 741 669 775 ἁγίους
680 743 787 777 τιμᾶτε,
805 742 872 769 ἀλλὰ
885 744 948 776 τοὺς
962 744 1101 779 δαίμονας.

194 786 254 814 Col.
270 787 324 814 860
337 787 358 813 Α
372 786 399 813 6.
415 786 463 820 Μὴ
480 787 628 814 τοίνυν....
648 787 706 821 τὴν
721 788 887 816 εὐσέϐειαν.
903 789 948 824 Μὴ

161 832 297 867 ἁνάγνως,
313 832 406 867 φησὶν,
420 833 593 868 ἑορτάζωμεν
611 833 658 865 τὰς
677 833 772 870 ἑορτὰς
782 834 835 860 τῶν
850 835 949 868 ἁγίων·

161 879 219 905 ἀλλ’
234 878 330 914 ὥσπερ
350 878 437 905 πάντα
457 879 522 913 ἡμῖν
537 879 596 905 ἐστι
613 879 795 914 πνευματικὰ,
821 880 868 907 καὶ
882 880 953 907 κατὰ

162 925 208 951 τὸν
232 924 330 959 Σιρὰχ,
351 924 518 958 Στολισμὸς
542 925 662 959 ἀνδρὸς,
682 926 731 952 καὶ
749 925 843 960 γέλως
867 926 952 954 ὀδόν-

163 979 233 1002 των,
251 971 301 997 καὶ
320 970 406 1005 ,ϐῆμα
422 970 515 1003 ποδὸς
537 971 697 1006 ἀναγγελεῖ
708 972 774 1006 περὶ
795 973 897 1003 αὑτοῦ.
914 974 953 1005 είς

163 1017 252 1043 πάντα
273 1016 420 1050 φθάνοντος
447 1016 494 1042 τοῦ
511 1016 601 1050 λόγου,
619 1017 678 1052 ἦτοι
698 1017 745 1043 τοῦ
760 1018 951 1052 εὐαγγελικοῦ,

162 1062 179 1099 ἢ
194 1063 241 1089 τοῦ
256 1062 328 1089 κατὰ
343 1062 373 1089 τὸ
388 1062 525 1097 καθῆκον·
541 1062 611 1089 οὕτω
632 1064 679 1089 καὶ
696 1064 712 1098 ὴ
728 1064 757 1089 ὲν
774 1065 834 1095 ταῖς
846 1065 954 1099 ἑορταῖς

163 1109 233 1135 ἔστω
249 1108 406 1144 φαιδροτης.
428 1109 465 1134 Οὺ
478 1109 532 1144 γὰρ
546 1108 643 1135 κωλύω
655 1108 703 1144 τὴν
717 1110 746 1136 ἐν
764 1109 877 1142 ταύταις
891 1110 953 1136 ἄνε-

155 1164 217 1189 -σιν,
241 1155 312 1181 ὥστε
336 1154 383 1182 καὶ
405 1154 600 1190 δαψιλεστέραν
624 1155 674 1190 τῆς
700 1155 832 1190 συνήθους
866 1164 954 1190 παρα-

164 1201 259 1228 θέσθαι
288 1201 445 1237 τράπεζαν,
474 1201 522 1228 καὶ
547 1201 706 1236 διαχυθῆναι
731 1202 859 1238 μετρίως,
886 1202 955 1229 ἀλλὰ

165 1248 271 1279 κολάζω
285 1247 334 1283 τὴν
349 1246 493 1282 ἀμετρίαν,
504 1247 565 1282 ἥτις
576 1247 714 1282 πανταχοῦ
725 1247 855 1283 βλαϐερόν
869 1248 952 1275 ἐστιν.

167 1294 214 1320 Ἂν
226 1293 298 1320 οὕτω
316 1292 510 1328 συνερχώμεθα
525 1294 572 1319 καὶ
585 1293 670 1324 οὕτως
681 1293 867 1330 ἑορτάζωμεν,
884 1295 954 1330 μέγα

167 1340 216 1374 μέν
230 1341 304 1367 ἔστιν
319 1340 417 1372 εἰπεῖν,
431 1339 472 1365 ὅτι
494 1339 541 1366 καὶ
555 1340 635 1374 ἡμεῖς
654 1339 707 1366 τῶν
722 1341 811 1367 αὐτῶν
829 1341 954 1368 ἐπάθλων

166 1387 221 1417 τοῖς
235 1386 369 1421 μάρτυσιν
385 1385 568 1420 ὲπιτύχωμεν.
584 1385 695 1417 Τούτοις
711 1386 764 1422 γὰρ
780 1388 871 1414 ἐκεῖνα
888 1387 955 1414 ἁπό-

166 1432 300 1462 κειται,Ἂ
309 1430 386 1465 μήτε
398 1431 552 1465 ὀφθαλμὸς
563 1429 633 1463 εἶδε,
644 1431 736 1463 καθώς
750 1440 833 1467 φησιν
847 1433 862 1459 6
877 1432 955 1459 ’Λπό-

167 1476 270 1508 στολος,
282 1476 358 1510 μήτε
367 1473 422 1509 οὖς
431 1475 557 1511 ἤκουσε,
567 1476 643 1511 μήτε
653 1477 701 1503 ἐπὶ
714 1477 840 1511 καρδίαν
850 1478 956 1512 ἀνθρώ-

166 1529 225 1549 που
235 1521 337 1556 ἀνέϐη.
353 1522 419 1548 οὐδὲ
429 1522 483 1558 γὰρ
495 1521 664 1558 ἀνθρώπινος
673 1522 734 1554 νοῦς
741 1524 775 1558 τῇ
788 1523 897 1560 εὐκολίᾳ
909 1525 955 1550 ἐπὶ

1039 789 1080 817 Ne
1094 791 1256 825 igitur.......
1271 790 1394 824 pietatem
1413 788 1558 823 efferentes.
1571 804 1604 808 »-
1615 786 1654 815 Ne
1668 787 1787 823 impure,

1004 837 1051 868 ait.
1068 840 1226 864 sanctorum
1245 835 1312 862 festa
1330 835 1514 867 celebremus;
1539 833 1586 861 sed
1603 834 1675 861 sicut
1698 833 1789 861 omnia

1005 883 1085 911 nobis
1108 882 1260 918 spiritualia
1285 884 1360 913 sunt,
1378 884 1405 908 et
1421 880 1499 915 juxta
1525 879 1622 907 Sirach
1649 879 1734 906 ﬁlium
1746 880 1788 907 ":

1005 928 1192 955 Indumentum
1208 927 1268 959 viri,
1284 930 1309 953 et
1324 926 1442 953 dentium
1457 925 1536 956 risus,
1550 929 1575 951 et
1588 923 1659 958 pedis
1673 925 1789 951 incessus

1004 974 1035 1000 de
1047 973 1102 1007 ipso
1114 971 1284 1003 annuntiant,
1297 970 1381 998 verbo
1393 969 1426 996 ad
1437 969 1528 997 omnia
1540 969 1720 1005 pertingente.
1733 970 1790 996 sive

1004 1019 1175 1054 evangelico,
1192 1018 1250 1046 sive
1272 1018 1305 1045 ad
1323 1017 1350 1044 id
1368 1015 1446 1052 quod
1460 1015 1537 1043 decet
1555 1019 1712 1050 spectante:
1727 1015 1790 1043 talis

1005 1067 1042 1094 sit
1056 1070 1084 1094 et
1097 1066 1126 1092 in
1150 1064 1229 1092 festis
1243 1064 1348 1091 laetitia.
1365 1062 1426 1090 Non
1443 1062 1517 1089 enim
1542 1061 1626 1088 animi
1642 1061 1790 1089 relaxatio-

1005 1119 1067 1139 uem
1083 1111 1111 1138 in
1127 1110 1166 1138 eis
1185 1109 1360 1137 interdictam
1373 1108 1448 1140 volo,
1461 1107 1528 1134 adeo
1545 1111 1575 1134 ut
1589 1107 1690 1134 lautior
1710 1106 1791 1134 solito

1007 1159 1162 1185 instruatur
1187 1162 1293 1187 mensa,
1310 1158 1338 1182 et
1358 1153 1497 1181 moderata
1520 1151 1681 1179 adhibeatur
1700 1151 1791 1179 hilari-

1005 1206 1068 1234 tas;
1091 1201 1138 1229 sed
1163 1208 1234 1232 eam,
1254 1207 1315 1235 quae
1339 1198 1449 1226 modum
1469 1197 1586 1229 excedit,
1608 1196 1790 1233 reprehendo,

1005 1249 1078 1276 velut
1092 1247 1165 1276 omni
1180 1246 1261 1274 modo
1278 1246 1397 1274 noxiam.
1423 1244 1452 1272 Si
1474 1252 1524 1271 nos
1542 1244 1578 1271 ita
1596 1243 1792 1275 conveniamus

1007 1302 1039 1320 ac
1054 1294 1124 1321 festa
1142 1293 1325 1324 celebremus,
1340 1298 1468 1326 magnum
1485 1290 1594 1326 quidem
1615 1289 1699 1317 fuerit
1720 1288 1792 1316 alin-

1005 1348 1081 1367 mare
1100 1347 1150 1366 nus
1168 1339 1262 1366 eadem
1287 1345 1319 1364 ac
1341 1340 1478 1372 martyres
1500 1335 1610 1371 prmmia
1627 1339 1793 1363 consecutu-

1005 1394 1061 1413 ros.
1079 1385 1155 1419 Quos
1170 1385 1243 1412 enim
1259 1384 1316 1412 haec
1333 1387 1454 1414 manent,
1469 1391 1527 1418 qua
1538 1391 1582 1410 nec
1603 1381 1695 1409 oculus
1717 1381 1791 1414 uidit,

1006 1438 1036 1461 ut
1060 1435 1098 1460 ait
1121 1432 1313 1467 Apostolus",
1341 1439 1388 1458 nec
1406 1431 1479 1458 auris
1501 1430 1614 1467 audivit,
1630 1438 1675 1457 nec
1696 1430 1723 1456 in
1747 1437 1793 1456 car

1006 1478 1117 1506 hominis
1130 1477 1259 1504 ascendit.
1280 1476 1377 1512 Neque
1391 1475 1464 1503 enim
1486 1475 1621 1502 humanus
1637 1474 1794 1502 intellectus

1006 1524 1087 1552 facile
1103 1523 1136 1550 ad
1153 1523 1244 1551 omnia
1260 1530 1422 1555 conversus,
1439 1526 1467 1549 et
1489 1529 1546 1561 pro,
1556 1525 1690 1557 potestate
1703 1521 1795 1549 beati-

167 1567 256 1594 πάντα
267 1567 418 1602 φερόμενος
433 1567 480 1594 καὶ
499 1567 677 1594 ἀναπλάττων
698 1569 727 1595 ἐν
741 1569 850 1604 ἐξουσίᾳ
867 1578 955 1605 μακα-

1008 1570 1130 1597 tudinem
1160 1576 1192 1596 ac
1220 1568 1377 1596 felicitatem
1406 1568 1522 1603 ﬁngens,
1549 1567 1620 1594 bona
1640 1566 1685 1594 illa
1707 1566 1793 1594 infor-

167 1613 278 1648 ριότητα
299 1613 347 1640 καὶ
364 1613 547 1648 εὐδαιμονίαν,
563 1614 654 1640 ἐκεῖνα
679 1615 713 1640 τὰ
738 1614 829 1648 ἀγαθὰ
845 1614 956 1642 δύναται

167 1658 408 1690 ἀνα-τυπώσασθαι,
418 1658 436 1685 ἁ
447 1659 611 1693 ἡτοίμασεν
622 1660 638 1685 ὁ
649 1659 720 1692 Θεὸς
732 1659 794 1692 τοῖς
801 1659 956 1694 ἀγαπῶσιν

167 1705 271 1736 αὐτὸν,
288 1705 344 1735 τοῖς
361 1704 394 1730 δι’
410 1704 525 1739 αἵματος
540 1704 704 1731 τελειωθεῖσι
721 1704 768 1731 καὶ
779 1705 828 1740 τὴν
839 1705 957 1741 Χριστοῦ

170 1749 372 1785 μιμησαμένοις
389 1750 506 1785 σφαγήν.
517 1750 592 1781 Τέως
605 1750 633 1776 δὲ
647 1751 672 1776 εί
683 1750 730 1777 καὶ⁸
744 1750 797 1777 τῶν
813 1751 878 1778 ῐσων
892 1751 958 1787 βρα-

169 1795 249 1822 ϐείων
262 1796 319 1826 τοῖς
332 1794 462 1830 ἀθληταῖς
480 1794 517 1830 μὴ
534 1795 717 1830 ἐπιτύχωμεν,
733 1793 845 1822 ἁλλόὖν
855 1796 904 1830 τὴν
916 1797 959 1824 δό-

170 1840 217 1873 ξαν
232 1841 323 1868 αὐτῶν
342 1840 461 1875 ὀψόμεθα
473 1841 520 1866 καὶ
534 1841 707 1876 ἀκουσόμεθα
721 1843 768 1868 καὶ
781 1842 872 1877 ἡμεῖς·
887 1841 958 1868 Εἴσ-

169 1889 239 1915 ελθε
265 1888 309 1920 εἰς
332 1887 390 1920 τὴν
413 1887 509 1921 χαρὰν
532 1886 585 1913 τοῦ
610 1888 722 1921 Kvplou
745 1895 820 1919 σου,
848 1887 894 1914 καὶ
920 1887 959 1922 τῷ

171 1934 241 1968 φωτὶ
265 1933 316 1969 τῆς
339 1933 419 1967 ἁγίας
445 1933 560 1968 Τριάδος
584 1933 744 1969 τελεώτερον
772 1933 960 1969 ἐλλαμφθησό-

173 1979 252 2014 μεθα,
268 1980 302 2014 ἣν
325 1979 511 2014 ὁμολογοῦμεν
536 1980 694 2016 παῤῥησίᾳ’
720 1981 767 2006 καὶ
789 1980 844 2006 εἴθε
866 1980 960 2015 ὁμολο-

171 2026 287 2061 γοίημεν
304 2025 368 2061 ἄχρι
384 2025 524 2060 τελευτῆς,
542 2025 590 2060 τὴν
612 2025 698 2061 καλὴν
714 2026 960 2063 παρακαταθήκην,

172 2073 205 2107 ἢν
219 2071 295 2106 παρὰ
308 2071 362 2097 τῶν
383 2071 467 2106 ἁγίων
488 2071 618 2107 Πατέρων
634 2072 778 2107 ἐλάϐομεν,
797 2072 850 2099 τῶν
865 2073 894 2100 ὲν
909 2073 960 2099 Νι-

172 2118 238 2154 καίᾳ
257 2118 503 2154 συνηθροισμένων,
530 2118 583 2144 τῶν
605 2119 745 2154 ἐγγυτέρω
770 2119 822 2154 τῆς
843 2119 961 2155 Χριστοῦ

174 2163 323 2199 παρουσίας
338 2163 385 2189 καὶ
398 2163 447 2198 τῆς
464 2163 575 2199 πρώτης
591 2164 708 2195 πίστεως
724 2164 777 2191 τῶν
793 2164 960 2191 ἀποστόλων.

172 2209 292 2240 Εἰκότως
306 2209 334 2236 δὲ
350 2209 466 2244 Χριστὸν
482 2210 531 2244 μὲν
546 2209 576 2236 τὸ
594 2210 742 2246 μυστήριον
761 2211 810 2246 τῆς
826 2210 960 2246 ὲνανθρω-

1007 1622 1081 1642 mare
1100 1617 1201 1649 potest,
1218 1621 1276 1648 qua:
1298 1613 1458 1648 praeparavit
1475 1612 1543 1640 Deus
1563 1612 1735 1647 diligentibus
1754 1619 1791 1644 so.

1007 1660 1141 1696 sanguine
1157 1659 1285 1694 perfectis
1302 1659 1460 1694 Christique
1476 1659 1643 1686 occisionem
1668 1658 1792 1686 imitatis.

1007 1707 1085 1740 Quod
1102 1706 1125 1733 si
1140 1714 1195 1733 non
1209 1705 1303 1732 eadem
1316 1708 1399 1740 atque
1413 1709 1549 1740 martyres
1566 1704 1676 1739 praemia
1695 1703 1794 1731 refera-

1008 1761 1081 1784 mus,
1097 1752 1212 1788 gloriam
1232 1759 1297 1778 vero
1313 1758 1407 1778 eorum
1429 1751 1583 1779 videbimus
1600 1754 1628 1778 et
1651 1750 1793 1777 audiemus

1008 1806 1059 1825 nos
1082 1805 1201 1832 quoque,
1233 1796 1321 1823 Venite
1341 1796 1369 1822 in
1392 1796 1519 1830 gaudium
1548 1795 1655 1822 Domini
1675 1795 1743 1826 mei;
1766 1799 1794 1822 et

1009 1847 1110 1872 sanctae
1132 1842 1275 1870 Trinitatis
1292 1842 1394 1868 lumine
1409 1841 1791 1877 perfectiuscollustrabimur,

1008 1897 1089 1925 quam
1108 1889 1192 1916 libere
1221 1887 1393 1914 conlitemur.
1420 1886 1509 1922 Atque
1533 1887 1637 1914 utinam
1659 1894 1747 1921 usque
1765 1887 1792 1913 in

1010 1936 1091 1963 ﬁnem
1122 1934 1301 1962 conﬁteamur
1328 1933 1491 1968 praeclarum
1523 1932 1590 1959 illud
1620 1932 1795 1968 depositum,

1009 1981 1081 2017 quod
1094 1988 1109 2007 a
1121 1973 1224 2008 sanctis
1237 1978 1364 2006 Patribus
1382 1979 1549 2013 accepimus.
1571 1977 1667 2005 Nicaea:
1680 1986 1796 2013 congreo

1011 2027 1091 2063 satis,
1107 2025 1210 2053 Christi
1233 2023 1385 2059 praesentiae
1409 2023 1589 2058 nascentique
1607 2023 1668 2051 ﬁdei
1688 2027 1796 2058 aposto-

1012 2075 1070 2101 lica:
1086 2071 1273 2108 propioribus!
1287 2070 1415 2098 Fortasse
1429 2074 1520 2097 autem
1543 2069 1681 2097 Christum
1702 2070 1795 2097 lncar-

1011 2119 1132 2147 nationis
1161 2117 1323 2153 mysterium
1347 2115 1506 2150 Theologus
1530 2115 1653 2148 vocavit;
1679 2115 1795 2150 primam

1011 2173 1077 2193 vero
1093 2164 1184 2194 ﬁdem,
1205 2162 1392 2197 Theologiam.
1409 2161 1460 2194 Qui
1476 2161 1548 2188 enim
1569 2168 1623 2188 non
1644 2160 1720 2196 prius
1735 2168 1798 2188 esse

1013 2210 1098 2238 Deum
1120 2208 1278 2239 crediderit,
1303 2215 1392 2242 neque
1405 2214 1467 2234 cum
1484 2213 1533 2241 pro
1552 2206 1632 2233 nobis
1651 2205 1736 2232 fuisse
1753 2205 1798 2232 in-

173 2255 282 2290 πήσεως
295 2256 310 2281 6
326 2254 453 2288 Θεολόγος
476 2255 588 2282 ἐκάλεσε
599 2263 606 2271 ο
624 2254 735 2291 πρώτην
751 2256 778 2282 δὲ
795 2256 897 2288 πίστιν,
909 2245 956 2291 γτὴι

1014 2258 1156 2283 carnatum
1174 2252 1277 2281 credet.
1301 2251 1425 2287 Namque
1441 2259 1504 2286 erga
1532 2258 1581 2278 nos
1596 2250 1797 2278 Providentiam

174 2298 322 2332 θεολογίαν.
355 2300 384 2326 '0
397 2299 450 2335 γὰρ
482 2299 520 2335 μὴ
549 2300 696 2332 πιστεύσας
722 2301 853 2337 πρότερον
893 2299 961 2327 εἶναι

1015 2301 1102 2336 primo
1120 2301 1146 2327 in
1162 2300 1222 2328 loco
1238 2299 1315 2336 ponit
1328 2298 1551 2332 veraAtheolugia.

174 2346 249 2378 Θεὸν,
264 2347 315 2373 οὐκ
331 2346 364 2372 ἂν
377 2346 437 2373 οὐδὲ
460 2347 667 2383 ὲνανθρωπῆσαι
687 2347 780 2374 τοῦτον
795 2347 829 2375 δι’
843 2349 915 2384 ἡμᾶς
932 2349 1096 2375 πιστεύσειε.
1118 2349 1282 2384 Προηγεῖται
1298 2346 1351 2381 γὰρ
1368 2345 1417 2380 τῆς
1439 2347 1502 2380 περὶ
1524 2346 1597 2381 ἡμᾶς
1616 2345 1770 2380 οἰκονομίας
1783 2345 1800 2380 ἡ

175 2393 276 2428 ἀληθὴς
293 2392 425 2427 θεολογία.

209 2439 268 2467 Col.
289 2438 341 2466 840
360 2438 380 2464 Ι)
396 2439 421 2466 1.
451 2439 482 2465 '0
498 2438 532 2465 δὲ
547 2439 627 2472 Θεὸς.
643 2459 650 2465 .
663 2458 671 2466 .
687 2460 691 2466 .
715 2440 839 2467 αἰώνων.
863 2440 960 2475 Ἀμήν.

177 2485 221 2517 Εἰς
236 2485 319 2521 εὐχὴν
328 2485 484 2512 κατακλείει
499 2485 544 2511 τὸν
554 2485 632 2520 λόγον
647 2486 661 2511 6
670 2486 809 2520 Θεολόγος.
823 2485 923 2514 Ἐλαϐε
935 2486 962 2513 δὲ

177 2535 207 2558 το
226 2533 292 2566 μὲν,
308 2533 323 2558 6
337 2531 403 2563 Θεὸς
419 2531 474 2565 τῆς
489 2531 621 2566 εἰρήνης,
636 2533 668 2559 ὲκ
681 2531 730 2559 τοῦ·
746 2532 825 2566 ἁγίου
839 2532 944 2559 Παύλου
955 2540 962 2548 ο

177 2578 275 2613 ὁμοίως
297 2578 344 2604 καὶ
367 2577 407 2609 τὸ,
430 2578 444 2604 ὁ
463 2577 632 2611 καταλλάξας
654 2578 727 2613 ἡμᾶς
744 2577 830 2614 ἐαυτῷ
852 2578 896 2605 διὰ
916 2578 962 2605 τοῦ

178 2623 305 2659 σταυροῦ.
323 2623 435 2658 ἐχθροὺς
458 2623 536 2654 ὄντας
558 2623 602 2650 διὰ
623 2624 672 2658 τῆς
697 2624 843 2659 ἁμαρτίας.
858 2625 913 2651 Καὶ
934 2624 965 2651 τὸ

178 2670 422 2705 εὐαγγελισάμενος
446 2670 556 2705 εἰρήνην
578 2671 632 2701 τοῖς
656 2670 740 2704 ἐγγὺς
763 2669 808 2696 καὶ
834 2670 889 2701 τοῖς
913 2679 960 2705 μαι

179 2717 264 2752 κράν·
287 2716 355 2751 ὅπερ
367 2716 391 2744 .ὸ
410 2717 486 2750 ἅγιος
503 2715 607 2747 Παῦλος
628 2716 660 2742 ἐκ
683 2716 730 2742 τοῦ
748 2715 859 2743 Ἡσαΐου
876 2716 965 2743 λαϐὼν

178 2764 360 2800 ἡρμήνευσεν,
384 2763 467 2796 ἐγγὺς
491 2762 540 2797 μὲν
563 2762 679 2793 καλέσας
709 2763 771 2794 τοὺς
795 2762 845 2788 ὑπὸ
872 2763 963 2797 νόμον,

181 2810 290 2846 μακρὰν
308 2810 347 2843 δὲ,
369 2810 431 2841 τοὺς
457 2809 508 2842 ἔξω
530 2810 623 2846 νρμρυ.
644 2802 680 2835 Τὸ
701 2809 739 2841 δὲ,
760 2810 773 2835 6
794 2809 841 2843 τῆς
856 2808 966 2843 ἀγάπης

215 2903 237 2917 ¹¹
256 2901 338 2928 Eccli.
355 2909 410 2931 xix,
424 2900 467 2927 ‘27.

184 2935 262 2964 Rom.
277 2945 303 2966 v.
320 2937 362 2964 i0.
400 2937 424 2953 "
443 2935 539 2967 Ephcs.
557 2943 588 2969 ιι,
601 2935 644 2963 17.

1054 2440 1121 2466 Deus
1146 2445 1315 2467 autem.......
1344 2440 1510 2466 surculorum.
1535 2437 1626 2465 Amen.
1651 2436 1800 2464 -<Preca-

1015 2487 1091 2514 tione
1106 2485 1245 2514 concludit
1262 2486 1413 2513 orationem
1428 2484 1596 2518 Theologus.
1614 2482 1738 2518 Sumpsit
1750 2490 1799 2509 au-

1016 2538 1070 2563 tem
1092 2532 1150 2559 haec
1168 2532 1262 2562 verba,
1290 2531 1361 2559 Deus
1387 2531 1471 2565 pacis,
1489 2538 1521 2558 ex
1548 2533 1644 2557 sancto
1669 2529 1799 2562 Paulo“;

1017 2579 1175 2614 pariterque
1197 2578 1244 2605 illa
1255 2578 1289 2610 ",
1306 2577 1353 2613 qui
1371 2585 1423 2604 nos
1444 2576 1495 2603 sibi
1518 2583 1567 2612 per
1580 2583 1688 2603 crucem
1704 2582 1802 2602 recon-

1017 2624 1132 2657 ciliavit,
1161 2631 1223 2651 cum
1251 2628 1362 2658 peccato
1396 2622 1500 2649 inimici
1528 2628 1662 2648 essemus.
1690 2619 1800 2647 Necnon

1015 2670 1081 2698 illud
1091 2670 1124 2702 ",
1139 2670 1258 2697 faustum
1275 2669 1351 2704 par-is
1363 2667 1501 2698 nuntium,
1512 2670 1570 2693 tum
1588 2667 1632 2693 his
1645 2666 1691 2701 qui
1718 2673 1801 2700 prope

1016 2720 1106 2749 erant,
1128 2722 1184 2743 tum
1209 2716 1252 2742 his
1274 2715 1320 2750 qui
1345 2714 1435 2749 longe,
1463 2713 1564 2741 attulit.
1583 2712 1660 2745 Quod
1689 2711 1800 2747 quidem

1017 2768 1129 2791 sanctus
1156 2761 1260 2789 Paulus
1286 2769 1318 2788 ex
1346 2760 1415 2788 Isaia
1438 2764 1575 2794 sumptum
1604 2758 1801 2793 interpretatus

1017 2814 1068 2841 est,
1093 2809 1235 2844 propiores
1257 2807 1366 2842 quidem
1393 2813 1496 2833 vocans
1523 2812 1571 2832 cos
1596 2805 1644 2840 qui
1671 2804 1723 2832 sub
1742 2804 1801 2839 lege

516 2900 538 2916 ⁸³
555 2899 637 2936 lCor.
657 2909 686 2935 ιι,
705 2902 730 2930 9.
771 2902 792 2917 "'
809 2900 886 2929 Rom.
907 2908 950 2935 xv,

1007 2909 1014 2936 ;
1034 2908 1088 2935 ιιι,
1108 2901 1158 2934 20-,
1181 2899 1202 2928 ll
1222 2900 1285 2928 Cor.
1306 2905 1368 2933 xm,
1386 2897 1428 2930 il,
1445 2901 1497 2924 etc.
1538 2896 1560 2912 "
1578 2895 1681 2931 pres.
1702 2903 1732 2928 ιι,
1750 2894 1798 2928 i6;
