2022 3134
251 171 304 199 987

938 174 1079 205 NONNUS
1097 176 1208 204 ABBAS

1826 175 1877 205 981

253 228 401 256 indeorum
415 227 611 255 immortalium
625 235 771 256 numerum
786 230 890 258 ascitus
905 235 931 258 et
941 240 1038 261 conse-

1093 234 1234 270 οὐρανοὺς,
1249 232 1344 259 ἔϐαλεν
1357 233 1451 259 ἑαυτὸν
1466 233 1495 259 ἐν
1507 232 1546 268 τῷ
1557 232 1738 268 ἀναδιδομένῳ
1752 233 1819 267 πυρὶ
1831 233 1878 268 τῆς

252 280 346 304 cratus
357 277 440 305 esset,
450 273 476 300 in
486 273 574 301 Etnae
588 273 677 309 ignem
689 282 750 302 sese
759 276 888 310 conjecit.
897 277 947 304 Hic
959 285 1040 313 porro

252 321 326 356 ignis
348 320 462 348 Vulcani
481 323 619 353 crateres,
638 320 689 348 hoc
705 325 747 348 est
769 321 904 350 foramina
921 325 1041 359 appella-

252 371 307 394 tur.
326 365 372 394 Sic
389 366 472 393 miser
486 366 511 393 vi
537 365 652 394 flammae
681 367 843 402 absumptus
865 369 977 396 interiit.
1007 370 1040 398 At

252 421 318 440 vero
333 412 404 440 Deus
422 412 580 446 hujusmodi
594 413 706 440 exilium
732 414 823 442 inanis
844 415 938 449 gloriae
966 416 1040 443 desi-

251 458 505 485 deriocontractum
517 458 544 485 iu
556 458 694 493 publicum
704 458 827 494 proferre
834 460 939 492 volens,
948 460 1039 488 eﬂ'ecit

252 507 282 530 ut
302 503 336 530 ad
352 503 569 531 convincendam
584 511 692 535 eorum.
723 505 771 540 qui
789 513 860 532 vano
874 505 954 533 fama:
978 511 1036 534 stu-

251 550 298 577 dio
313 549 471 585 ﬂagrarent.
493 551 649 583 stultitiam,
676 551 788 579 calceus
813 552 900 586 ipsius
917 560 950 579 ex
977 553 1039 588 igne

252 595 399 623 incolumis
426 601 595 631 egereretur.
619 596 708 631 Atque
730 596 766 623 ita
784 597 961 632 perspicuum
979 605 1038 624 om-

253 642 336 669 nibus
348 641 450 669 factum
464 647 518 674 est,
540 651 603 670 eum
626 643 797 670 divinitatem
827 644 1038 679 haudquaquam

252 688 379 723 adeptum
396 689 491 721 fuisse,
506 697 601 716 verum
622 697 670 725 per
686 690 794 717 inanem
809 690 904 725 gloria:
918 698 1037 718 amorem

251 734 364 761 omnino
379 735 528 762 exarsisse.
564 734 739 770 Trophonius
755 741 857 768 autem,
892 737 1036 768 Aristaeus,

249 785 277 807 et
296 780 501 815 Empedotimus
520 781 638 809 Lebadia
665 781 774 809 Boeotia;
795 781 863 809 urbe
886 782 938 809 orti
960 786 1035 814 sunt,

251 827 474 862 vaticinandique
492 831 579 854 artem
595 828 760 855 coluerunt:
776 829 822 863 qui
841 828 923 855 etiam
947 828 1037 855 inanis

249 871 329 900 fama:
344 873 436 900 studio
451 873 567 904 incensi,
585 882 617 901 ac
631 873 782 901 divinitatis
799 874 956 908 opinionem
982 874 1035 902 sibi

250 921 322 954 apud
333 918 458 947 homines
475 920 623 947 conciliare
632 920 786 954 cupientes,
800 920 826 947 in
839 928 939 956 specus
950 928 1036 955 quas-
1053 910 1074 937 Β

249 965 312 992 dam
328 973 357 993 se
371 966 525 1000 praecipites
543 966 688 999 dederunt,
707 971 736 993 ut
759 974 874 1001 prorsus
893 966 928 993 de
945 965 1036 993 medio

250 1011 424 1044 tollerentur,
438 1020 488 1039 nec
503 1012 652 1047 quidquam
668 1021 700 1040 ex
714 1013 841 1048 corporis
859 1020 952 1040 eorum
976 1012 1038 1039 reli-

249 1057 322 1092 quiis
334 1058 451 1085 inveniri
466 1063 570 1093 posset.
588 1058 637 1086 Hic
650 1067 747 1087 eorum
763 1059 815 1086 fuit
825 1059 925 1086 exitus.
949 1058 1036 1086 Caete-

249 1111 310 1130 rum
326 1105 466 1139 cognitum
482 1108 524 1132 est
535 1112 584 1132 eos
601 1105 657 1131 illic
679 1109 794 1132 mortem
822 1105 935 1136 obiisse,
962 1105 1035 1140 quod

248 1151 323 1177 circa
338 1151 411 1178 hunc
422 1151 512 1178 locum
535 1151 677 1178 oraculum
695 1151 842 1178 exstiterit.
870 1150 918 1178 Est
940 1155 1031 1178 autem

250 1197 438 1231 proverbium,
468 1198 495 1225 in
512 1197 663 1233 Trophonii
694 1206 806 1232 specum
828 1198 932 1226 oraculi
949 1205 1033 1225 causa

250 1242 396 1277 proficisci,
414 1243 448 1271 de
465 1243 623 1270 hominibus
637 1243 747 1277 pallidis
766 1247 848 1278 atque
872 1251 888 1270 a
910 1243 968 1270 risu
987 1243 1035 1270 ab-

249 1288 436 1317 horrentibus.
457 1289 590 1324 Quisquis
607 1291 679 1317 enim
697 1290 731 1317 ad
759 1290 900 1317 oraculum
925 1290 990 1317 illud
1007 1297 1036 1317 se

1091 281 1198 315 Αῐτνης.
1212 279 1333 306 Τοῦ-τοδε
1343 279 1373 306 τὸ
1384 278 1440 314 πῦρ
1458 279 1576 313 λέγεται,
1593 281 1619 305 οἱ
1641 279 1693 305 τοῦ
1715 278 1879 313 Ἡφαίστου

1091 326 1244 361 κρατῆρες.
1258 326 1313 352 Καὶ
1325 326 1406 357 αὐτὸς
1421 325 1469 360 μὲν
1483 325 1607 352 ἀπώλετο
1618 325 1670 351 ὑπὸ
1679 324 1726 350 τοῦ
1741 325 1836 357 πτυρός.
1852 325 1879 352 ’0

1091 373 1119 400 δὲ
1129 372 1194 404 Θεὸς
1203 372 1364 407 βουλόμενος
1377 371 1558 407 δημοσιεῦσαι
1570 371 1653 397 αὑτοῦ
1661 369 1709 406 τὴν
1715 371 1877 404 κενοδοξίαν,

1090 420 1120 446 τὺ
1135 419 1262 447 σὰνδαλον
1276 418 1357 445 αὐτοῦ
1372 417 1576 453 ἀποπτυσθῆναι
1593 417 1661 444 σῶον
1675 418 1707 443 ἐκ
1721 416 1768 443 τοῦ
1795 416 1879 451 πυρὸς

1091 464 1215 499 ἐποίησε,
1229 464 1284 490 Καὶ
1297 463 1383 494 οὕτως
1396 462 1518 498 ἐγνώσθη
1539 463 1632 494 πᾶσιν,
1650 462 1690 488 ὅτι
1705 461 1773 493 Θεὸς
1789 461 1838 496 μὲν
1849 461 1879 487 οὐ

1090 510 1197 544 γέγονε,
1211 509 1332 544 κατεκάη
1344 509 1372 536 δὲ
1386 509 1424 540 είς
1439 508 1514 540 τέλος
1533 508 1616 541 ἀξίως
1625 507 1675 542 τῆς
1687 507 1790 538 οἰκείας
1805 515 1879 536 κενο-

1089 555 1189 588 δοξίας.
1204 556 1235 583 Οἱ
1247 555 1276 581 δὲ
1296 555 1359 590 περὶ
1374 554 1418 581 τὸν
1444 553 1598 590 Τροφώνιον
1619 554 1665 580 καὶ
1684 553 1879 588 Ἐμπεδὸτιμον

1091 601 1138 628 καὶ
1153 602 1305 636 Ἀρισταῖον
1318 601 1439 635 ὑπῆρχον
1452 600 1501 635 μὲν
1515 600 1548 626 ἐκ
1562 599 1611 634 τῆς
1622 599 1762 631 Βοιωτίας,
1777 598 1880 630 πόλεως

1089 647 1232 678 Λεϐαδίας,
1246 646 1356 681 μάντεις
1367 647 1396 673 δὲ
1407 647 1466 677 ταῖς
1477 646 1584 681 τέχναις
1592 655 1599 661 ·
1612 646 1658 673 καὶ
1671 644 1742 673 οὗτοι
1752 646 1879 681 βουλόμε-

1088 702 1127 720 νοι
1144 693 1316 727 κενοὼξῆσαι
1327 693 1373 719 καὶ
1384 693 1479 725 δεῖξαι,
1496 693 1536 719 ὅτι
1550 692 1754 727 ἀνελήφθησαν,
1768 693 1878 723 ἑαυτοὺς

1087 738 1117 765 ἓν
1129 747 1199 765 τισιν
1212 738 1386 774 ὑποϐρυχίοις
1400 738 1541 773 σπηλαίοις
1554 738 1659 768 ἔϐαλον,
1671 738 1717 764 ἐπὶ
1729 737 1769 773 τῷ
1783 738 1877 768 τεθνᾴ-

1088 793 1142 816 ναι,
1167 785 1213 811 καὶ
1239 785 1277 820 μὴ
1292 784 1437 819 εὑρεθῆναι
1460 784 1549 811 αὐτῶν
1571 784 1606 810 τὰ
1623 783 1744 818 λείψανα.
1757 781 1837 810 Οὗτοι
1850 784 1878 811 δὲ

1087 831 1249 866 τεθνήκασιν
1259 838 1266 845 ·
1279 829 1454 865 ἐγνώσθησαν
1467 830 1495 856 δὲ
1511 829 1553 855 ὃτι
1572 830 1660 855 ὲκεῖσε
1674 828 1820 860 ἀπέθανον,
1836 829 1878 856 διὰ

1087 876 1117 903 τὺ
1127 878 1251 912 μαντεῖον
1263 876 1379 910 φανῆναι
1392 875 1457 911 περὶ
1468 875 1514 902 τὸν
1524 875 1616 902 τόπον.
1628 875 1705 902 Ἐστι
1717 875 1745 902 δέ
1758 884 1800 906 τις
1809 884 1877 911 παρ-

1087 923 1164 957 οιμία
1184 924 1200 958 ὴ
1227 922 1342 956 λέγουσα
1358 930 1366 938 ·
1387 923 1438 955 Εις
1466 921 1633 956 Τροφωνίου
1662 921 1875 956 μεμάντευσσι.

1088 969 1202 1003 Λέγεται
1213 969 1242 996 δὲ
1252 968 1298 995 ἐπὶ
1312 968 1365 995 τῶν
1385 966 1558 1003 ὠχριὼντων,
1571 967 1616 993 καὶ
1630 967 1764 1002 μηδέποτε
1781 966 1878 1001 γελών-

1087 1024 1149 1042 των.
1167 1016 1223 1047 na;
1243 1015 1297 1051 γὰρ
1317 1015 1332 1041 ὁ
1348 1013 1521 1041 καταϐαίνων
1541 1014 1581 1044 εἰς
1593 1013 1624 1040 τὸ
1640 1015 1763 1049 μαντεῖον
1780 1013 1875 1043 ἐκεῖνο.

1088 1061 1236 1095 ἀγέλαστος
1251 1061 1328 1096 ἀνῄει
1338 1060 1385 1087 καὶ
1397 1060 1504 1095 ὠχριῶν
1513 1059 1653 1095 διηνεκῶς.
1662 1059 1792 1094 Ἔλεγχος
1808 1058 1835 1085 δὲ
1845 1056 1877 1094 ἦν

1086 1104 1164 1139 οὗτος
1180 1108 1269 1134 αὐτῶν
1280 1107 1392 1139 τούτων,
1407 1107 1447 1133 ὃτι
1462 1106 1659 1142 ὼχριάσαντες,
1677 1105 1725 1132 καὶ
1744 1105 1877 1140 μηδέποτε

1087 1154 1116 1180 ὲν
1128 1153 1167 1188 τῷ
1176 1153 1333 1188 ὑποϐρυχίῳ
1348 1152 1511 1187 γελάσαντες
1520 1151 1691 1186 τεθνήκασιν.
1712 1150 1877 1186 Ἠξιώθησαν

1085 1199 1114 1226 δὲ
1128 1199 1142 1225 ό
1156 1198 1311 1234 Τροφώνιος
1327 1198 1374 1225 καὶ
1397 1197 1554 1233 Ἀγαμήδης
1565 1198 1579 1224 ὁ
1594 1196 1706 1231 dum;
1718 1195 1800 1223 αὑτοῦ
1811 1205 1877 1231 μανι

1086 1244 1224 1276 τεύεσθαι,
1241 1243 1285 1270 διὰ
1307 1243 1337 1270 τὸ
1359 1244 1450 1270 κτίσαι
1464 1243 1562 1274 αὐτοὺς
1579 1242 1633 1269 ἀπὸ
1648 1242 1756 1268 οἰκείων
1769 1242 1876 1277 χρημα-

1087 1299 1143 1316 των
1158 1290 1188 1316 τὸ
1201 1290 1273 1325 ἱερὸν
1285 1290 1315 1316 τὸ
1329 1290 1358 1315 ὲν
1371 1282 1482 1320 Δελφοῖς
1499 1288 1545 1315 τοῦ
1558 1288 1736 1320 Ἀπόλλωνος.

247 1334 417 1366 conferebat,
433 1336 518 1363 tristis
545 1339 729 1370 perpetuoque
748 1336 849 1370 pallore
882 1335 994 1362 allectus
1016 1335 1170 1363 recedebat.
1194 1335 1270 1368 Quod
1305 1335 1414 1370 quidem
1445 1339 1605 1370 argumento
1640 1338 1699 1361 erat
1724 1333 1775 1361 hos
1806 1336 1879 1360 vates

248 1383 350 1418 pallore
366 1382 506 1410 confertos
533 1390 583 1409 nec
608 1383 635 1410 in
658 1384 839 1410 subterraneo
866 1382 1024 1417 hujusmodi
1045 1383 1105 1411 loco
1122 1383 1148 1410 in
1176 1383 1263 1410 risum
1289 1390 1411 1417 unquam
1433 1382 1540 1409 solutos
1573 1381 1721 1408 interiisse.
1757 1379 1880 1414 Tropho-

247 1428 310 1455 nius
321 1435 403 1462 porro
421 1432 448 1455 et
463 1428 626 1463 Agamedes,
643 1427 730 1463 ipsius
743 1435 903 1462 germanus,
915 1427 1058 1455 divinandi

247 1474 384 1508 Apollinis
395 1473 557 1509 Delphicum
573 1474 788 1502 exstruxissent.

528 1528 556 1555 2.
577 1528 617 1556 De
639 1528 748 1556 Proteo.

282 1575 334 1602 llic
351 1574 466 1602 Proteus
479 1583 579 1610 genere
592 1575 684 1603 Thrax
697 1579 766 1608 erat,
785 1575 913 1611 ﬁliosque
933 1576 1032 1604 habuit

248 1621 349 1649 Holum
365 1625 392 1648 et
408 1620 574 1656 Telegonum
594 1630 600 1648 :
621 1623 667 1656 qui
691 1630 752 1648 cum
770 1622 829 1649 loca
845 1622 936 1649 omnia
950 1622 1034 1649 latro-

247 1667 331 1694 ciniis
344 1666 445 1693 infesta
463 1670 601 1698 tenerent,
620 1667 655 1694 ab
673 1666 790 1694 Hercule
807 1672 917 1702 propter
930 1667 1035 1703 Geryo-

248 1713 293 1740 nis
306 1712 391 1740 boves
407 1712 470 1739 illac
486 1713 538 1739 iter
560 1711 676 1740 faciente
687 1714 843 1748 interempti
870 1719 945 1741 sunt.
970 1714 1037 1741 Pro-

248 1765 308 1787 teus
319 1759 402 1794 igitur
416 1759 584 1786 obliliorum
600 1760 777 1788 amissionem
809 1761 884 1787 luctu
913 1761 1036 1795 perditus

249 1813 282 1833 ac
295 1805 488 1840 desperatione
506 1805 612 1833 fractus
630 1806 657 1832 in
675 1813 752 1833 mare
766 1806 934 1842 praecipitem
953 1815 982 1835 se
992 1807 1038 1835 de-

248 1853 300 1883 dit,
327 1860 360 1879 ac
386 1853 501 1880 deorum
531 1853 707 1881 miseratione
734 1853 966 1881 immortalitatem
994 1857 1037 1881 est

248 1901 425 1929 consecutus,
441 1898 621 1933 marinusque
634 1899 740 1926 daemon
756 1899 868 1927 allectus
882 1903 935 1932 est,
955 1903 1037 1934 atque

249 1945 275 1971 in
292 1943 391 1971 Pharia
409 1945 497 1971 insula
513 1945 683 1972 domicilium
711 1945 763 1972 sibi
785 1945 854 1972 ﬁxit.
880 1944 930 1972 Hic
953 1946 1036 1973 etiam

248 1997 310 2017 cum
328 1989 424 2025 phocis
441 1990 548 2017 versari
566 1990 678 2018 dicitur.
700 1990 771 2017 Idem
790 1990 939 2018 Alexandri
953 1990 1034 2018 Hele-

248 2043 325 2068 nam,
341 2043 404 2062 cum
432 2044 447 2063 a
471 2035 577 2064 Graecia
601 2036 712 2071 Trojam
736 2037 888 2071 navigaret.
920 2038 1036 2071 accepit,

249 2082 356 2117 ipsique
374 2081 455 2108 inane
479 2081 588 2109 Helenae.
615 2082 794 2109 simulacrum
826 2081 912 2108 dedit.
940 2081 1037 2109 Postea

250 2133 342 2156 autem
359 2136 422 2155 cum
442 2128 580 2156 Menelaus
595 2128 721 2156 conlecto
737 2128 808 2156 bello
826 2127 946 2162 Trojano
960 2127 1039 2155 Hele-

250 2181 313 2201 nam
330 2174 357 2200 in
376 2173 495 2209 Egypto
506 2182 568 2203 esse
583 2174 754 2206 rescivisset,
764 2180 846 2209 atque
857 2174 892 2201 ad
908 2173 1037 2201 Proteum

250 2228 280 2247 se
294 2221 468 2253 contulisset,
483 2227 542 2247 eam
556 2219 589 2247 ab
601 2227 633 2247 eo
645 2220 761 2255 accepit.
780 2219 836 2246 Hac
853 2227 935 2254 porro
951 2219 1038 2246 facul-

1096 1433 1156 1456 arte
1188 1428 1282 1456 donati
1304 1431 1380 1460 sunt,
1403 1427 1476 1462 quod
1514 1427 1639 1462 pecuniis
1669 1426 1726 1453 suis
1751 1426 1880 1461 templum

1301 1528 1333 1564 β’.
1354 1527 1424 1562 Περὶ
1443 1527 1501 1554 τοῦ
1518 1526 1667 1561 Πρωτέως.

1121 1572 1205 1608 Οὗτος
1221 1577 1236 1603 ὁ
1250 1575 1379 1611 Πρωτεὺς
1392 1574 1541 1608 Δίγόπτιος
1558 1573 1606 1608 μὲν
1620 1570 1654 1608 ἦν
1669 1571 1700 1598 τὸ
1717 1572 1795 1606 γένος
1805 1581 1811 1586 ·
1825 1570 1881 1608 εἶχε

1087 1623 1116 1650 δὲ
1131 1623 1178 1649 δύο
1193 1622 1277 1654 υἱοὺς,
1294 1620 1391 1648 Μῶλον
1406 1620 1454 1646 καὶ
1471 1619 1633 1655 Τηλέγονον.
1650 1618 1768 1650 Τούτους
1782 1619 1882 1654 λῃστὰς

1087 1671 1166 1702 ὂντας
1179 1671 1194 1696 ὁ
1211 1669 1349 1704 Ἡρακλῆς
1362 1667 1446 1694 ἐλθὼν
1459 1667 1620 1694 ἀπέκτεινεν
1637 1666 1825 1701 ἀπερχόμενος
1839 1665 1884 1693 διὰ

1087 1717 1149 1748 τοὺς
1161 1716 1296 1751 Γηρυόνου
1312 1714 1384 1750 βοῦς,
1400 1713 1500 1740 Τοῦτον
1515 1710 1562 1740 οὖν
1577 1712 1732 1748 ἀθυμοῦντα
1743 1712 1788 1739 τὸν
1805 1712 1884 1746 Πρω-

1087 1763 1136 1790 τέα
1152 1762 1196 1789 διὰ
1208 1762 1258 1798 τὴν
1270 1761 1406 1796 ἀποϐολὴν
1422 1760 1476 1786 τῶν
1492 1760 1605 1791 τέκνων,
1625 1758 1673 1785 καὶ
1690 1758 1805 1794 ῥίψαντα
1820 1759 1883 1784 ἐαυ-

1087 1810 1134 1836 τὸν
1150 1810 1190 1841 εις
1201 1809 1349 1840 θάλασσαν,
1365 1809 1390 1835 οἱ
1409 1807 1466 1834 θεοὶ
1484 1806 1645 1842 ἐλεήσαντες
1664 1805 1880 1840 ἀπηθανάτισαν·

1088 1855 1136 1882 xui.
1147 1855 1242 1890 γέγονε
1250 1855 1354 1890 δαίμων
1367 1853 1508 1885 θαλάττιος
1523 1853 1570 1879 καὶ¹
1577 1853 1685 1888 ἔρχεται
1701 1853 1749 1879 καὶ
1756 1853 1826 1879 οἰκεῖ
1835 1852 1883 1887 τὴν

1089 1900 1191 1936 Φαρίαν
1206 1900 1296 1936 νῆσον.
1306 1896 1390 1931 Οὗτος
1403 1898 1566 1933 λέγεταικαὶ
1582 1897 1652 1933 μετὰ
1670 1898 1725 1924 τῶν
1739 1896 1885 1932 φωκῶνὲν-

1088 1946 1250 1973 διαιτᾶσθαι.
1268 1943 1352 1977 Οὗτος
1376 1945 1423 1972 καὶ
1438 1944 1484 1971 τοῦ
1509 1943 1684 1979 Ἀλεξάνδρου
1705 1943 1754 1978 τὴν
1774 1943 1884 1978 Ἑλένην

1089 1991 1185 2019 ἔλαϐεν
1201 1991 1324 2023 ἐλθόντος
1334 1991 1388 2017 ἀπὸ
1399 1992 1450 2024 τῆς
1467 1989 1601 2021 Ἑλλάδος,
1617 1989 1664 2015 καὶ
1675 1988 1792 2026 δέδωκεν
1810 1989 1884 2023 αὑτῷ

1089 2038 1119 2064 τὸ
1138 2037 1245 2064 εἴδωλον
1258 2037 1308 2072 τῆς
1328 2036 1447 2072 Ἑλένης.
1467 2035 1600 2071 Ὕστερον
1614 2035 1642 2061 δὲ
1656 2034 1795 2061 Μενελάου
1814 2034 1885 2070 μετὰ

1090 2083 1134 2109 τὸν
1147 2083 1270 2118 Τρωϊκὸν
1284 2082 1401 2118 πόλεμον
1414 2081 1554 2118 μαθόντος,
1565 2080 1602 2111 ὡς
1614 2081 1654 2112 εἰς
1665 2080 1801 2114 Αἴγυπτόν
1811 2081 1885 2106 ἐστιν

1089 2130 1106 2164 ἡ
1129 2128 1235 2164 Ἑλένη,
1251 2129 1299 2155 καὶ
1323 2128 1448 2159 ἐλθόντος
1468 2127 1544 2162 παρὰ
1568 2126 1615 2152 τὸν
1629 2126 1758 2161 Πρωτέα,
1770 2126 1886 2153 δέδωκεν

1090 2175 1175 2210 αὐτὴν
1192 2174 1276 2210 αὐτῷ.
1293 2175 1410 2209 Λέγεται
1429 2174 1456 2200 δὲ
1471 2170 1547 2205 οὗτος
1565 2172 1580 2198 ὁ
1594 2172 1722 2207 Πρωτεὺς
1746 2180 1885 2207 μεταμορ-

1092 2221 1208 2256 φοῦσθαι
1222 2221 1291 2257 πρὸς
1307 2222 1370 2252 τοὺς
1385 2219 1608 2255 ἐντυγχάνοντας,
1619 2218 1670 2244 καὶ¹
1682 2218 1742 2245 ποτὲ
1759 2218 1809 2254 μὲν
1826 2217 1886 2253 φαί-

250 2270 306 2294 tate
319 2266 450 2301 praeditus
465 2274 526 2294 csse
543 2265 661 2294 Proteus
675 2266 851 2298 credebatur,
883 2271 912 2293 ut
929 2267 1038 2301 quoties

1091 2267 1184 2295 νεσθαι
1199 2267 1312 2300 τοιόσδε,
1328 2267 1393 2294 ποτε
1405 2266 1434 2293 δὲ
1443 2265 1556 2292 τοιόσδε.

251 2321 267 2340 a
282 2312 446 2347 quibusdam
459 2312 591 2344 adiretur,
609 2320 671 2340 sese
682 2311 904 2344 transformaret,
923 2320 955 2339 ac
967 2320 1039 2340 nunc

251 2358 313 2390 hoc,
326 2366 400 2386 nunc
414 2358 480 2384 illud
494 2357 656 2386 elliccretur.

438 2416 464 2443 ὅ.
486 2414 524 2441 De
545 2413 660 2441 Hercule
680 2418 704 2440 et
723 2413 856 2442 incendio.

286 2462 390 2489 Crebro
406 2468 534 2488 sermone
546 2460 677 2494 jactatur,
696 2459 840 2486 Herculem
855 2457 930 2486 lovis
946 2463 972 2486 et
995 2459 1041 2486 Al—

251 2515 356 2535 cmenae
372 2507 456 2534 ﬁlium
475 2506 617 2541 praestanti
641 2506 742 2533 virtute
763 2505 874 2532 heroem
896 2505 1040 2533 duodecim

255 2553 407 2580 certamina
424 2552 590 2579 confecisse.
609 2551 646 2579 De
664 2551 752 2586 ipsius
767 2555 857 2578 autem
873 2551 1001 2579 incendio
1015 2557 1042 2580 et

251 2599 466 2634 conﬂagratione
481 2598 538 2625 haec
555 2598 693 2625 memoria:
710 2597 816 2632 prodita
834 2602 908 2625 sunt.
923 2596 1040 2625 Uxorem

254 2644 373 2672 habebat
392 2643 503 2671 nomine
522 2643 689 2678 Dejaniram,
707 2651 789 2678 quam
813 2647 943 2678 superato
963 2644 1041 2671 rivali

252 2683 374 2717 Acheloo
393 2690 428 2717 ab
442 2689 536 2717 (lineo
546 2694 700 2725 acceperat,
714 2698 747 2717 ex
761 2698 846 2725 eaque
858 2690 966 2726 Hyllum
979 2699 1042 2726 pro-

253 2735 366 2763 creavit.
380 2735 455 2763 Hanc
470 2744 536 2771 ergo
548 2736 702 2771 Dejaniram
715 2744 777 2763 cum
793 2737 820 2764 in
832 2738 949 2771 patriam
963 2745 1041 2765 suam

253 2781 378 2814 duceret,
387 2781 492 2810 Nessus
506 2781 744 2816 Hippocentaurus
753 2781 786 2808 ad
800 2781 888 2816 ipsius
901 2786 1040 2817 aspectum

254 2835 349 2855 amore
370 2828 484 2861 exarsit,
510 2833 592 2863 atque
615 2829 641 2855 in
665 2828 778 2857 ﬂumine
794 2828 912 2864 quodam
933 2836 996 2855 cum
1011 2836 1042 2855 ea

254 2874 384 2908 congredi
403 2875 527 2902 tentavit.
553 2874 630 2907 Quod
650 2883 712 2902 cum
734 2875 866 2902 Hercules
890 2874 1042 2901 intellexis-

257 2924 309 2950 set,
328 2920 433 2956 sagitta:
449 2920 505 2948 ictu
522 2928 584 2948 eum
599 2921 744 2957 oppressit.
759 2920 879 2949 Moriens
895 2923 984 2948 autem
996 2919 1042 2948 ille

1147 2419 1182 2450 γ’.
1201 2415 1270 2449 Περὶ
1287 2415 1463 2449 Ἡρακλέους
1477 2414 1526 2441 καὶ
1540 2413 1595 2448 τῆς
1611 2413 1710 2448 πυρᾶς
1728 2413 1831 2440 αὐτοῦ.

1134 2461 1223 2492 Πολὺς
1237 2460 1287 2495 μὲν
1305 2461 1320 2486 ὁ
1333 2459 1411 2494 λόγος
1427 2459 1537 2494 θρυλλεί
1547 2459 1591 2485 τὸν
1610 2459 1757 2494 Ἡρακλέα,
1774 2459 1815 2486 ὅτι
1831 2459 1888 2491 υίὸς

1094 2507 1132 2534 ὢν
1143 2506 1189 2532 τοῦ
1205 2506 1265 2537 Διὸς
1278 2505 1325 2532 καὶ
1345 2504 1509 2541 Ἀλκμήνης,
1519 2505 1629 2540 ἦρωςτε
1647 2504 1695 2536 ὢν,
1705 2505 1768 2536 τοὺς
1784 2504 1889 2532 δώδεκα

1095 2553 1191 2584 ἄθλους
1204 2552 1343 2587 ἐξήνυσεν.
1357 2547 1389 2578 Ἦ
1397 2550 1424 2577 δὲ
1432 2550 1478 2577 νῦν
1489 2551 1518 2577 ἐν
1530 2549 1597 2585 τῷδε
1608 2549 1646 2585 τῷ
1657 2550 1749 2586 χωρίῳ
1761 2550 1825 2586 περὶ
1837 2549 1888 2585 τῆς

1095 2597 1184 2633 πυρᾶς
1210 2596 1315 2632 ἱστορία
1332 2596 1405 2622 ἐστὶν
1422 2595 1491 2632 αὕτη
1509 2604 1516 2611 ·
1533 2592 1618 2628 Οὗτος
1634 2597 1648 2622 ὁ
1668 2595 1807 2631 Ἡρακλῆς
1830 2593 1888 2630 εἶχε

1094 2643 1211 2677 γυναῖκα
1228 2642 1339 2676 ὀνόματι
1362 2641 1540 2676 Δηῖάνειραν,
1557 2641 1589 2676 ἣν
1612 2641 1707 2668 ἔλαϐεν
1729 2641 1759 2673 ἐξ
1775 2640 1888 2671 Οἰνέως,

1095 2688 1262 2725 ἀντεραστὴς
1277 2687 1422 2722 γενόμενος
1449 2686 1572 2722 Ἀχελώῳ
1593 2686 1632 2722 τῷ
1652 2686 1787 2721 ’ποταμῷ⁵
1799 2685 1829 2719 ἐξ
1853 2683 1888 2721 ἦς

1095 2737 1171 2763 ἔτεκε
1182 2736 1227 2762 καὶ
1241 2735 1287 2760 τὸν
1297 2734 1405 2761 Ὕλλον.
1419 2733 1527 2769 Ταύτην
1539 2733 1629 2760 τοίνυν
1647 2733 1696 2768 τὴν
1713 2732 1887 2767 Δηῖάνειοαν,

1096 2783 1154 2818 ἅμα
1164 2781 1203 2817 τῷ
1216 2781 1309 2808 λαϐεῖν
1324 2780 1372 2807 καὶ
1384 2780 1532 2815 ἀποφέρειν
1558 2780 1587 2805 ἐν
1600 2781 1633 2814 τῇ
1653 2779 1741 2814 οίκείᾳ
1757 2779 1869 2814 πατριδι
1879 2799 1886 2809 ,

1098 2828 1158 2854 ἰδὼν
1170 2829 1184 2854 ὁ
1199 2827 1301 2858 Νέσσος
1314 2824 1353 2858 εἷς
1376 2825 1431 2852 τῶν
1457 2824 1701 2859 Ἱπποκενταύρων,
1715 2823 1821 2859 ἠράσθη
1837 2822 1887 2850 αὑο

1096 2873 1156 2908 τῆς,
1175 2873 1304 2899 καὶκατὰ
1321 2881 1380 2898 τινα
1400 2871 1520 2906 ποταμὺν
1541 2870 1679 2910 ηϐουλήθη
1702 2870 1772 2904 αὐτῇ
1786 2877 1886 2903 συγγε-

1096 2919 1198 2947 νέσθαι.
1219 2920 1248 2946 '0
1274 2917 1320 2946 οὖν
1340 2917 1478 2954 Ἡρακλῆς
1508 2916 1613 2953 μαθὼν,
1638 2915 1813 2949 κατατοξεὺει
1841 2914 1887 2941 τὸν
