2022 3134
131 193 184 224 939

563 193 610 222 AD
631 193 651 222 S
682 193 844 223 GREGORH
861 194 966 224 ()RAT.
985 195 995 222 Ι
1014 194 1154 223 CONTRA
1171 193 1353 222 JULIANUM.

1705 189 1758 218 ςοο

130 250 247 279 Νέσσον.
278 251 471 286 Ἀποθνήσκων
495 251 524 278 δὲ
540 253 660 285 ἐκεῖνος,
678 257 711 279 εκ
734 253 780 279 τοῦ
807 253 922 289 αἵματος

974 261 1099 281 cruorem
1115 259 1195 280 suum
1212 250 1346 285 Deianirae
1361 248 1493 283 impertit,
1509 246 1683 275 fraudulento
1696 248 1758 275 an'r-

131 297 230 326 ιαυτοῦ
245 297 337 324 δίδωσι
352 299 383 334 τῇ
397 297 552 334 Δηϊανείρᾳ,
570 298 694 326 ὑπειπών
708 308 736 325 τε
751 299 797 326 καὶ
816 300 921 335 ἀπατή-

134 353 192 376 σας,
204 344 246 370 ὅτι
259 344 356 370 Ἔσται
368 352 409 370 σοι
423 343 502 370 τοῦτο
520 344 550 370 τὸ
573 341 644 380 αἷμα
665 345 733 380 πρὸς
749 345 860 381 φίλτρον
873 344 920 372 τοῦ

138 389 305 425 Ἡρακλέους
317 398 325 405 ⁸
342 389 395 421 ἵνα,
410 389 491 424 φησὶν
501 409 508 421 ,
527 389 574 416 ἐὰν
590 389 688 425 μάθῃς,
704 390 745 416 ὅτι
762 389 843 425 ἄλλης
859 391 919 425 ἐρᾷ,

132 435 231 471 χρία-ης
252 435 285 461 ἐκ
301 434 348 461 τοῦ
372 435 487 470 αἵματος
502 434 596 461 τούτου
611 435 641 461 τὸ
662 435 762 470 ἔνδυμα
773 435 820 462 τοῦ
838 436 921 471 Ἠρα-

133 480 243 512 κλέους,
262 480 310 507 καὶ
329 480 457 516 μεθιστᾷς
478 480 559 507 αὐτὸν
583 481 624 511 εἰς
641 480 688 507 τὸν
708 481 807 516 ἑαυτῆς
828 480 919 508 πόθον.

133 525 218 553 Τοῦτο
231 524 279 553 οὖν
291 529 321 553 τδ
339 523 409 562 αἷμα
422 524 494 562 εἶχεν
507 528 524 562 ἡ
537 527 691 562 Δηϊάνειρα.
706 526 760 553 Tot":
773 525 820 553 οὗν
839 527 920 562 Ἠρα-

133 571 228 603 κλέους
248 571 299 606 τῆς
319 571 403 608 Ἰόλης
420 572 470 607 τῆς
493 572 539 599 τοῦ
558 572 678 608 Εὐρύτου
700 571 833 608 θυγατρὸς
858 574 922 607 ἐρα-

133 617 243 650 σθέντος
263 618 310 644 καὶ
331 617 469 651 λαϐόντος,
487 618 534 645 καὶ
556 618 600 645 διὰ
620 618 667 645 τοῦ
682 618 751 653 Λίχα
765 617 921 654 πέμψαντος

132 663 216 699 αὐτὴν
234 664 272 696 ὡς
293 663 465 699 αἰχμάλωτον
489 664 557 700 πρὸς
571 664 621 700 τὴν
635 664 804 700 Δηῖάνειραν,
822 665 861 696 είς
879 664 922 691 ἔν-

132 717 205 736 νοιαν
218 709 265 735 καὶ
281 709 446 744 ζηλοτυπίαν
461 709 572 745 ἐκινήθη
590 711 607 746 ὴ
622 709 776 745 Δηϊάνειρα,
795 710 842 736 καὶ
862 710 922 745 βου-

132 754 244 790 ληθεῖσα
253 755 298 782 τὸν
311 755 400 791 ἔρωτα
418 756 585 790 μεταστῆσαι
599 756 639 788 εἰς
648 755 757 791 ἑαυτὴν,
765 755 812 781 τὸν
822 754 921 790 χιτῶνα

132 801 178 828 τοῦ
195 801 362 837 Ἡρακλέους
379 802 449 837 χρίει
465 801 505 836 τῷ
520 802 617 836 αἵματι
627 802 675 828 τοῦ
692 802 806 834 Νέσσου,
825 801 871 828 καὶ
887 801 922 828 δί-

131 848 213 874 δωσιν
227 847 387 874 ἐνδύσασθαι
397 847 439 881 τῷ
460 847 590 883 Ἠρακλεῖ
601 857 608 863 ·
623 848 654 874 τὸ
670 847 698 874 δὲ
714 845 748 883 ἦν
761 846 922 882 ἀνδροφόνον

132 893 162 919 τὸ
174 890 255 929 αἷμα.
279 893 475 928 Ἐνδυσαμένου
491 893 546 928 γὰρ
559 892 605 920 τοῦ
624 893 799 928 Ἡρακλέους,
816 892 922 928 ὑφῆψεν

131 940 147 967 ὁ
166 940 264 976 χιτὼν,
280 939 327 966 καὶ
348 940 510 974 κατέφλεξεν
530 940 610 967 αύτόν
624 948 630 955 ·
651 941 665 966 6
678 939 706 966 δὲ
718 940 861 974 καιόμενος
875 939 922 966 καὶ
938 931 957 958 Β

133 986 213 1022 ῥίψας
223 985 320 1012 ἑαυτὸν
332 986 362 1012 ὲν
373 986 412 1021 τῷ
430 986 544 1021 πλησίον
555 985 681 1021 ποταμῷ,
696 985 797 1021 θερμὸν
806 985 836 1011 τὸ
849 984 921 1020 ὕδωρ

132 1033 260 1068 ἐποίησεν
276 1041 284 1048 ·
304 1031 334 1064 ἐξ
357 1029 388 1059 οὗ
411 1032 505 1058 λοιπὸν
526 1032 671 1066 γεγόνασιν
687 1032 714 1058 αι
731 1030 919 1067 Θερμοπύλαι,

134 1077 236 1112 μεταξὺ
251 1076 399 1108 Θετταλίας
413 1076 461 1103 καὶ
476 1076 604 1108 Φωκίδος.

226 1120 257 1147 δ’.
275 1120 346 1154 Περὶ
362 1120 417 1154 τῆς
433 1119 571 1154 Πέλοπος
584 1119 761 1154 κρεουργίας
774 1119 823 1155 (Ι).

165 1166 301 1199 Τάνταλος
325 1166 446 1202 Φρυγίας
461 1164 495 1201 ἦν
521 1165 661 1201 βασιλεύς”
678 1162 756 1197 οὗτος
772 1165 853 1201 γεννᾷ
876 1165 922 1191 τὸν

133 1212 249 1240 Πέλοπα.
265 1213 357 1248 Τούτῳ
375 1211 413 1248 τῷ
425 1212 552 1247 Ταντάλῳ
568 1212 633 1239 ποτὲ
647 1213 672 1239 οι
687 1212 743 1239 θεοὶ
755 1211 923 1247 ἐπεξενώθη-

133 1267 189 1287 en.
205 1259 304 1287 Λαϐὼν
320 1257 367 1286 οὗν
379 1259 425 1286 τὸν
444 1259 554 1286 Πέλοπα
569 1259 614 1285 τὸν
635 1259 699 1286 ἴδιον
715 1258 772 1285 υἱὸν
786 1259 801 1285 ό
812 1257 924 1285 Τάντα-

132 1306 185 1339 λος,
197 1306 393 1340 κατασφάττει,
411 1307 459 1333 καὶ
475 1305 686 1341 κρεουργεξκαὶ
698 1305 767 1340 ἐψεῖ,
780 1305 826 1332 καὶ
837 1313 923 1340 παρα-

131 1352 236 1387 τίθησιν
250 1352 367 1387 εὐωχίαν
390 1353 446 1383 τοῖς
468 1351 549 1384 θεοῖς.
567 1351 676 1378 Τούτων
694 1351 722 1377 δὲ
739 1351 793 1377 τῶν
815 1351 921 1387 κρεῶν,

132 1398 149 1433 ἡ
165 1397 298 1434 Δημήτηρ
318 1397 436 1432 βαλοῦσα
455 1398 535 1433 χεῖρα
547 1417 554 1429 ,
570 1397 649 1424 ἔλασε
676 1396 724 1423 καὶ
742 1397 843 1431 ἔφαγεν
868 1396 923 1423 ἀπὸ

131 1443 177 1471 τοῦ
190 1443 266 1479 ὤμου
280 1452 287 1459 ·
303 1445 327 1471 οἱ
341 1444 370 1470 δὲ
380 1443 454 1471 άλλοι
468 1443 526 1470 θεοὶ
545 1443 704 1479 ἐλεήσαντες
716 1442 762 1469 τὸν
775 1442 921 1476 Τάνταλον,

132 1489 177 1517 καὶ
191 1488 380 1524 θαυμάσαντες
399 1489 440 1516 ὅτι
455 1488 502 1516 τοῦ
520 1488 615 1520 παιδὸς
629 1488 712 1515 αὐτοῦ
725 1487 921 1524 κατεφρόνησε,

973 308 1018 327 mo
1031 299 1166 330 subfatus,
1181 299 1206 325 ei
1224 297 1258 325 ad
1274 296 1316 324 sui
1335 303 1428 322 amore
1442 294 1665 322 inﬂammandum
1687 293 1756 321 Her-

971 345 1060 372 culem
1077 343 1150 371 hunc
1167 349 1292 377 cruorem
1309 339 1465 375 adiumento
1485 339 1552 372 fore,
1569 343 1598 365 ut
1622 339 1644 366 si
1665 346 1757 373 quan-

971 390 1018 424 do,
1047 390 1146 425 inquit.
1167 396 1232 417 eum
1252 386 1377 415 mulieris
1389 385 1502 413 alterius
1527 392 1619 412 amore
1640 385 1756 420 ﬂagrare

971 435 1102 468 senseris,
1116 435 1167 462 hoc
1182 433 1313 469 sanguine
1333 426 1435 460 vestem
1452 431 1538 466 ipsius
1549 431 1647 465 tingas,
1673 435 1757 465 atque

974 484 1013 510 ita
1036 483 1128 518 ipsius
1146 488 1265 508 amorem
1288 479 1321 506 ad
1345 483 1371 506 te
1395 484 1518 505 revoces.
1546 476 1672 511 Dejanira
1691 484 1756 510 ergo

971 529 1045 556 hunc
1060 535 1184 556 cruorem
1200 526 1367 554 asservabat.
1383 524 1506 558 Cumque
1524 521 1656 550 Hercules
1672 521 1755 548 lolam

975 583 1057 610 quam
1082 575 1183 602 misere
1206 572 1356 608 deperibat,
1381 570 1546 605 accepisset,
1571 575 1687 603 eamque
1708 575 1757 603 per

974 621 1077 649 Lichen
1094 621 1166 648 velut
1182 621 1327 654 captivam,
1343 617 1376 644 ad
1396 616 1548 650 Deianiram
1567 614 1700 646 misisset,
1714 621 1759 641 ze-

972 668 1074 704 lotypia
1089 667 1201 703 percita,
1217 665 1395 699 Herculisque
1404 670 1523 691 amorem
1535 662 1568 689 ad
1584 670 1614 690 se
1629 668 1758 689 revocare

973 714 1100 749 cupiens,
1125 713 1213 748 ipsius
1233 715 1334 739 vestem
1351 709 1429 737 Nessi
1456 709 1588 744 sanguine
1608 707 1757 735 delibutam

972 760 1025 796 ipsi
1053 759 1217 788 induendam
1250 757 1334 785 dedit.
1361 756 1499 784 Exitiosns
1521 762 1603 790 porro
1631 757 1690 782 erat
1713 753 1759 780 hic

972 813 1065 834 cruor.
1088 804 1155 832 Cum
1175 811 1240 837 ergo
1259 802 1413 838 hujusmodi
1442 806 1542 828 vestem
1560 799 1691 836 Hercules
1713 799 1758 826 in-

973 851 1090 884 duisset,
1109 849 1200 877 statim
1214 856 1364 876 succensus
1379 851 1459 882 atque
1475 849 1590 874 exustus
1600 850 1651 873 est.
1663 843 1692 871 In
1707 844 1760 871 hac

975 901 1067 924 autem
1086 895 1299 931 conﬂagratione
1320 903 1382 922 cum
1406 895 1434 922 in
1453 893 1634 928 propinquum
1651 898 1759 918 amnem

973 952 1003 972 se
1018 943 1191 978 coniecisset,
1206 942 1320 970 calidam
1338 948 1435 976 aquam
1449 939 1547 968 eti'ecit.
1562 938 1602 965 Ex
1617 945 1672 973 quo
1681 937 1759 965 dein-

973 998 1038 1025 ceps
1058 989 1223 1017 exstiterunt
1247 987 1435 1023 Thermopylae
1457 987 1528 1014 inter
1542 985 1711 1013 Thessaliam
1730 988 1760 1012 et

974 1036 1131 1064 Phocidem.

1163 1125 1191 1152 4.
1214 1124 1251 1151 De
1271 1123 1379 1158 Pelopis
1397 1122 1552 1150 laniatione.

1009 1170 1141 1198 Tantalus
1158 1178 1205 1197 rex
1221 1175 1278 1198 erat
1294 1169 1427 1205 Phrygiae.
1450 1168 1576 1203 Pelopem
1599 1167 1701 1202 genuit.
1718 1166 1761 1194 Ab

974 1218 1030 1246 hoc
1052 1217 1168 1245 Tantalo
1193 1216 1230 1244 dii
1256 1216 1393 1252 quondam
1421 1215 1539 1250 hospitio
1562 1214 1664 1248 recepti
1684 1217 1759 1240 sunt.

975 1265 1092 1292 Sumens
1109 1271 1175 1298 ergo
1191 1263 1275 1290 ﬁlium
1293 1270 1373 1290 suum
1391 1261 1516 1296 Pelopem
1532 1260 1674 1292 Tantalus,
1700 1266 1760 1286 ma-

975 1315 1041 1344 ctat,
1063 1310 1158 1343 laniat,
1180 1309 1274 1345 coquit
1289 1308 1454 1344 apponitque
1468 1307 1520 1334 diis
1536 1308 1564 1333 in
1580 1305 1684 1333 cibum.
1702 1304 1757 1332 Ce-

974 1365 1019 1385 res
1035 1365 1096 1385 cum
1117 1364 1200 1384 manu
1213 1363 1245 1383 ex
1259 1355 1311 1382 hoc
1327 1355 1388 1382 cibo
1408 1354 1584 1389 sumpsisset,
1599 1360 1632 1380 ex
1647 1352 1761 1379 humero

978 1403 1105 1431 comedit.
1130 1401 1226 1429 Caeteri
1245 1406 1333 1428 autem
1349 1400 1398 1433 dii,
1423 1397 1612 1427 misericordia
1628 1396 1760 1424 commoti

979 1449 1163 1484 admiratique
1182 1447 1255 1483 quod
1271 1446 1402 1474 Tantalus
1426 1445 1537 1481 proprio
1560 1443 1618 1471 tilio
1642 1451 1695 1470 non
1712 1449 1760 1476 pe-

976 1493 1119 1529 percisset,
1140 1500 1236 1520 carnes
1262 1492 1434 1527 conjungunt
1455 1491 1616 1525 salvumque
1633 1487 1760 1522 Pelopem

132 1532 288 1559 συντιθέασι
297 1533 332 1559 τὰ
343 1533 421 1569 κρέα,
431 1534 478 1560 καὶ
486 1532 647 1560 ἀποτελοῦσι
661 1533 729 1560 σῶον
743 1533 788 1560 τὸν
801 1533 920 1560 Πέλοπα.

974 1528 1087 1567 l‘aciunt.
1103 1539 1201 1566 Deerat
1214 1543 1305 1566 autem
1317 1538 1369 1566 hoc
1384 1537 1502 1565 frustum
1513 1544 1545 1564 ex
1558 1536 1672 1562 humero
1687 1533 1762 1569 qhod

130 1576 184 1605 Ἦν
198 1578 226 1605 δὲ
241 1578 333 1606 λεῖπον
349 1580 436 1606 ἐκεῖνο
452 1580 466 1606 ὁ
481 1579 580 1614 ἔφαγεν
595 1580 627 1606 ἐκ
643 1578 690 1606 τοῦ
709 1579 784 1614 ὤμου
800 1580 816 1614 ή
829 1579 922 1615 Δημή-

130 1631 192 1660 τηρ.
207 1625 377 1660 Προσθέντες
392 1623 438 1653 οὖν
459 1626 631 1662 ὲλεφάντινόν
641 1635 667 1653 τι
685 1625 757 1653 κατὰ
774 1626 819 1652 τὸν
834 1623 920 1661 ὦμον,

131 1670 294 1706 ἐπλήρωσαν
311 1671 380 1698 σῶον
390 1671 436 1698 τὸν
458 1671 577 1698 Πέλοπα.
592 1671 670 1698 Οὕτω
686 1669 732 1698 οὖν
743 1671 834 1698 λοιπὸν
848 1671 921 1698 ἆπαν

131 1716 160 1742 τὸ
178 1716 332 1744 Πελοπιδῶν
346 1717 423 1752 γένος
436 1718 469 1744 ἐκ
485 1717 580 1745 τούτου
596 1715 631 1753 ἦν
644 1718 788 1753 ἐπίσημον,
805 1717 921 1753 ἐχόντων

131 1762 240 1789 πάντων
258 1763 288 1789 ὲν
307 1764 362 1795 τοῖς
379 1762 466 1798 ὤμοις
478 1763 523 1790 τὸν
538 1763 709 1797 ἐλεφάντινον
726 1763 818 1790 τόπον.

245 1812 275 1834 ε’.
288 1808 360 1842 Περὶ
380 1807 434 1843 τῆς
450 1808 509 1836 τῶν
529 1808 654 1843 Φρυγῶν
669 1807 805 1843 ἐπιτομῆς.

165 1853 244 1880 Κατὰ
256 1854 306 1889 τὴν
319 1854 440 1889 Φρυγίαν
454 1854 581 1881 ἐσέϐοντο
594 1854 644 1889 τὴν
659 1854 766 1889 μητέρα
781 1853 835 1880 τῶν
852 1853 921 1880 θεῶν

131 1899 178 1935 τὴν
201 1899 279 1926 Ῥέαν
293 1899 363 1935 ὑπὲρ
384 1899 472 1926 πάντα
488 1899 558 1927 θεόν.
573 1899 666 1936 Ταύτῃ
683 1897 729 1926 οὖν
749 1899 798 1931 τὰς
811 1899 922 1931 τελετὰς

131 1945 270 1977 ποιοῦντες
282 1946 307 1972 ot
319 1945 434 1982 Φρύγες,
449 1945 616 1981 κατέτεμνον
633 1946 746 1977 ἑαυτοὺς
761 1945 920 1981 μαχαίραις,

131 1990 179 2019 οὒκ
191 1993 350 2020 ἀποκτεῖναι
361 1992 509 2025 ἐθέλοντες,
518 1991 586 2019 ἀλλὰ
602 1992 680 2028 μόνον
694 1992 820 2027 αἱμάξαι.
835 1991 922 2018 Τοῦτο

130 2038 157 2065 δὲ
173 2027 282 2066 ἐποίουν
308 2038 472 2074 κηλούμενοι
496 2027 662 2070 αὐλοῖς,νῖνα
686 2038 794 2070 ἀπόνως
817 2037 921 2073 φέρωσι

131 2085 320 2121 πληττόμενοι.
340 2086 418 2112 Μετὰ
440 2085 468 2112 δὲ
489 2085 540 2117 τὰς
565 2084 690 2120 πληγὰς.
708 2084 776 2121 πρὸς
795 2084 920 2120 ἀκαθάρ-

131 2138 192 2161 τους
213 2125 300 2164 μίξεις
325 2129 461 2166 ὲχώρουν,
479 2129 617 2164 γυναικῶν
636 2129 668 2165 δὴ
694 2129 780 2164 λέγω,
798 2129 848 2156 οὐκ
873 2129 920 2156 ἁν-

131 2183 211 2211 ορων.

355 2214 392 2243 ς’.
405 2211 476 2245 Περὶ
498 2211 551 2239 τοῦ
570 2211 694 2246 Μίθρου.

166 2257 203 2291 (2)
211 2257 242 2283 '0
254 2257 344 2284 τοίνυν
360 2257 467 2293 Μίθρας
482 2257 622 2293 νομίζεται
633 2257 708 2291 παρὰ
722 2257 840 2294 Πέρσαις
851 2254 920 2283 εἶναι

131 2303 144 2328 ὁ
157 2303 242 2338 ἥλιος.
256 2304 303 2330 καὶ
317 2303 490 2336 θυσιάζουσιν
505 2304 587 2339 αύτῷ,
602 2304 648 2330 καὶ
668 2303 774 2330 τελοῦσι
789 2312 865 2335 τινας
874 2312 919 2329 τε-

131 2348 210 2381 λετὰς
225 2351 265 2381 είς
281 2350 373 2377 αὐτόν.
388 2351 425 2377 Οὺ
440 2350 551 2377 δύναται
569 2348 616 2377 οὖν
633 2359 674 2382 τις
691 2351 730 2382 εἰς
750 2350 831 2377 αὑτὸν
850 2350 921 2377 τελε-

131 2395 238 2431 σθῆναι.
254 2397 278 2422 εί
301 2396 338 2432 μὴ
359 2396 490 2432 πρότερον
509 2397 552 2423 διὰ
573 2396 628 2423 τῶν
643 2396 754 2432 βαθμῶν
769 2397 822 2422 τῶν
839 2396 920 2423 κολά-

132 2448 199 2467 σεων
214 2440 355 2476 παρέλθοι.
377 2440 480 2477 Βαθμοὶ
498 2441 526 2468 δέ
547 2442 599 2468 είσι
622 2441 776 2473 κολάσεων,
796 2441 841 2467 τὸν
871 2442 920 2476 μὲν

131 2485 246 2521 ἀριθμὸν
261 2486 435 2522 ὁγδοήκοντα,
447 2486 554 2522 ἔχοντες
566 2487 595 2513 δὲ
610 2487 741 2513 ὑπόϐασιν
758 2486 805 2513 καὶ
817 2486 919 2514 ἀνάϐα-

133 2539 182 2558 σιν.
197 2531 365 2563 Κολάζονται
383 2533 438 2572 γάρ
455 2532 562 2567 πρῶτον
578 2531 628 2564 τὰς
646 2527 840 2568 ἐλαφροτέρας,
860 2529 920 2558 εἶτα

131 2576 178 2607 τὰς
192 2576 410 2612 ἓραστικωτέρας
421 2585 428 2592 ·
441 2577 489 2604 καὶ
500 2575 549 2604 εἷθ’
560 2576 630 2605 οὕτω
648 2577 716 2613 μετὰ
731 2577 761 2605 τὸ
775 2577 920 2612 παρελθεῖν

131 2621 172 2648 διὰ
185 2622 280 2648 πασῶν
291 2622 345 2649 τῶν
358 2623 503 2653 κολάσεων,
519 2624 579 2650 τότε
594 2623 709 2649 τελεῖται
722 2624 736 2649 ὁ
750 2622 918 2658 τελούμενος.

133 2667 163 2692 Δί
185 2667 213 2694 δὲ
231 2667 356 2700 κολάσεις
371 2669 434 2700 εἰσὶ,
448 2669 478 2695 τὸ
491 2668 537 2695 διὰ
558 2668 644 2704 πυρὸς
657 2668 811 2703 παρελθεῖν,
828 2668 858 2695 τὸ
875 2668 920 2695 διὰ

132 2712 241 2749 κρύους,
252 2713 296 2740 διὰ
310 2714 405 2749 πείνης
422 2715 467 2742 καὶ
480 2715 569 2751 δίψης,
585 2714 629 2741 διὰ
640 2714 793 2750 ὁδοιπορίας
808 2713 918 2749 πολλῆς,

133 2759 177 2785 καὶ
193 2758 287 2790 ἁπλῶς
303 2758 348 2785 διὰ
363 2759 457 2786 πασῶν
470 2760 524 2786 τῶν
540 2759 677 2787 τοιούτων.

218 2804 251 2835 ζ’.
268 2804 336 2838 Περὶ
351 2803 407 2838 τῆς
422 2805 458 2831 ἐν
470 2805 590 2839 Ταύροις
610 2805 812 2837 ξενοκτονίας.

166 2849 267 2885 Ταῦροι
285 2849 360 2882 ἔθνος
380 2851 438 2877 ἐστὶ
454 2851 518 2886 περὶ
536 2851 584 2886 τὴν
607 2851 734 2878 Σκυθίαν.
753 2851 796 2877 Ἐν
812 2850 917 2882 τούτοις

134 2894 265 2930 μετετέθη
277 2895 329 2922 ὑπὸ
341 2896 390 2931 τῆς
409 2896 564 2931 Ἀρτέμιδος
577 2897 594 2932 ἡ
604 2896 726 2931 θυγάτηρ
749 2895 916 2932 Ἀγαμέμνο-

168 2950 208 2986 tt)
225 2949 364 2979 Scholium
380 2951 430 2982 hoc
442 2952 577 2982 omittitur
593 2953 625 2982 in
635 2953 754 2982 editione
765 2952 846 2982 Billii-.

972 1585 1128 1612 comederat
1153 1584 1247 1612 Ceres.
1264 1583 1401 1611 Addentes
1419 1590 1485 1618 ergo
1500 1581 1536 1609 dii
1552 1580 1654 1616 aliquid
1669 1579 1761 1608 eboris

973 1632 1087 1660 humero
1106 1631 1230 1666 Pelopem
1248 1631 1383 1665 integrum
1405 1631 1595 1658 restituerunt.
1610 1627 1673 1655 Ideo
1687 1634 1762 1654 nunc

971 1686 1062 1714 genus
1085 1676 1247 1712 Peiopidum
1262 1684 1293 1704 ex
1309 1677 1361 1704 hoc
1377 1675 1505 1711 deinceps
1525 1674 1575 1702 fuit
1591 1673 1761 1709 insignitum,

972 1723 1102 1751 omnibus
1125 1723 1152 1750 in
1170 1723 1286 1750 humero
1310 1721 1476 1749 habentibus
1492 1721 1581 1747 locum
1598 1720 1760 1747 eburneum.

1164 1803 1191 1830 5.
1215 1801 1252 1829 De
1264 1801 1397 1836 Phrygum
1412 1800 1567 1827 exelectione.

1007 1852 1038 1879 in
1053 1850 1171 1886 Phrygia
1185 1857 1241 1885 prae
1255 1848 1362 1876 ceteris
1378 1847 1432 1875 diis
1449 1847 1590 1874 colebatur
1606 1845 1682 1872 Rhea
1701 1851 1761 1871 ma-

971 1903 1013 1926 ter
1027 1898 1155 1925 deorum.
1183 1896 1212 1923 In
1236 1895 1318 1930 hujus
1333 1901 1398 1929 ergo
1421 1893 1508 1921 sacris
1526 1892 1647 1928 Phryges
1664 1890 1762 1918 cultris

971 1945 1078 1979 seipsos
1103 1941 1273 1974 incidebant,
1299 1947 1353 1968 non
1370 1944 1400 1967 ut
1421 1939 1475 1967 sibi
1501 1945 1595 1966 necem
1620 1937 1760 1969 afferrent,

972 1989 1019 2016 sed
1036 1992 1065 2015 ut
1076 1987 1238 2023 sanguinem
1253 1986 1387 2014 duntaxat
1398 1984 1582 2013 extraherent.
1597 1982 1654 2010 Hoc
1670 1986 1760 2009 autem

972 2042 1035 2066 cum
1061 2034 1211 2066 faciebant,
1235 2032 1310 2059 tibiis
1328 2031 1543 2069 deﬁniebantur,
1558 2033 1589 2057 ut
1613 2030 1683 2057 ictus
1703 2029 1762 2057 sine

971 2079 1074 2108 doloris
1091 2087 1174 2108 sensu
1188 2078 1350 2114 perferrent.
1362 2077 1427 2105 Post
1443 2077 1537 2112 plagas
1553 2082 1618 2103 vero
1626 2075 1658 2102 ad
1671 2075 1760 2109 impu-

972 2135 1018 2156 ros
1035 2131 1062 2155 et
1078 2126 1198 2160 nefarios
1210 2125 1375 2152 concubitus
1385 2124 1513 2156 ruebant,
1526 2123 1671 2150 mulierum
1686 2122 1760 2155 dico,

972 2181 1027 2200 non
1040 2173 1175 2200 virorum.

1251 2206 1279 2233 6.
1302 2205 1340 2232 De
1364 2203 1475 2232 Mithra.

1006 2253 1057 2281 Hic
1072 2252 1170 2280 lilithra
1183 2253 1254 2288 apud
1267 2251 1367 2279 Persas
1383 2252 1424 2279 sol
1439 2259 1501 2279 esse
1517 2251 1702 2284 existimatur,
1719 2251 1759 2278 ei-

972 2307 1025 2334 que
1041 2299 1166 2326 victimas
1179 2298 1332 2331 immolant,
1348 2305 1380 2325 ae
1395 2305 1474 2325 sacra
1491 2297 1616 2332 quaedam
1633 2297 1659 2324 in
1673 2297 1761 2332 ipsius

971 2346 1102 2373 honorem
1125 2344 1240 2372 faciunt.
1259 2344 1356 2371 Nullus
1373 2351 1454 2379 porro
1479 2343 1569 2379 ipsius
1593 2344 1681 2371 sacris
1704 2343 1759 2370 ini-

972 2392 1035 2419 tiari
1051 2395 1151 2427 potest,
1169 2390 1220 2418 nisi
1237 2390 1314 2425 prius
1330 2398 1378 2425 per
1396 2389 1533 2425 quasdam
1558 2389 1755 2424 suppliciorum

972 2438 1072 2473 gradus
1088 2437 1238 2464 transierit.
1263 2436 1333 2463 Sunt
1357 2440 1448 2463 autem
1470 2439 1668 2462 tormentorum
1690 2443 1756 2470 gra-

972 2483 1022 2511 dus
1036 2484 1187 2518 octoginta,
1212 2482 1313 2518 partim
1337 2481 1522 2513 remissiores,
1541 2481 1639 2516 partim
1667 2481 1758 2508 inlen-

971 2530 1067 2557 tiores.
1085 2529 1208 2556 Primum
1230 2528 1303 2555 enim
1320 2527 1467 2555 levioribus
1492 2526 1645 2562 suppliciis,
1660 2526 1760 2553 deinde

971 2575 1128 2603 acrioribus
1142 2574 1308 2606 atliciuntur,
1320 2578 1403 2609 atque
1414 2574 1450 2600 ita
1467 2577 1529 2608 post
1540 2573 1656 2600 decursa
1667 2570 1758 2600 omnia

973 2626 1107 2650 tormenta
1131 2621 1220 2656 ipsius
1237 2621 1326 2648 sacris
1349 2620 1518 2647 imbuuntur.
1543 2619 1600 2655 Igni
1616 2619 1716 2654 quippe
1731 2624 1758 2646 ct

973 2677 1043 2704 aqua
1058 2673 1141 2704 atque
1153 2667 1313 2703 hujusmodi
1331 2667 1528 2702 suppliciorum
1544 2667 1693 2703 generibus
1707 2674 1757 2694 ex-

970 2720 1139 2742 crucmntur.

1090 2804 1116 2832 7.
1139 2804 1176 2832 De
1194 2805 1325 2839 hospitum
1341 2803 1411 2832 crede
1427 2804 1497 2838 apud
1513 2804 1618 2831 Tauros

1005 2850 1086 2877 Tauri
1106 2850 1197 2885 populi
1217 2853 1281 2877 sunt
1296 2849 1370 2876 circa
1394 2849 1547 2884 Scythiam.
1571 2847 1651 2883 Apud
1673 2854 1721 2875 eos
1739 2853 1754 2874 a

971 2896 1054 2923 Diana
1075 2895 1207 2923 translata
1227 2899 1269 2922 est
1289 2894 1426 2929 Iphigenia
1447 2893 1660 2930 Agamemnonis
1687 2892 1754 2924 lilia,

1005 2952 1043 2988 (θ)
1057 2951 1161 2981 Similia
1178 2960 1254 2980 num.
1268 2951 1302 2980 47
1318 2951 1399 2979 intra.
