  <div class='ocr_page' id='page_1' title='image "/cluster/home/n/w/nwhite01/storage/ocr_20150623/36/njp.32101013202633/508.png"; bbox 0 0 2046 3131; ppageno 0'>
   <div class='ocr_carea' id='block_1_1' title="bbox 143 135 195 164">
    <p class='ocr_par' dir='ltr' id='par_1_1' title="bbox 143 135 195 164">
     <span class='ocr_line' id='line_1_1' title="bbox 143 135 195 164; baseline 0 -1"><span class='ocrx_word' id='word_1_1' title='bbox 143 135 195 164; x_wconf 72' lang='lat'><strong>993</strong></span> 
     </span>
    </p>
   </div>
   <div class='ocr_carea' id='block_1_2' title="bbox 342 189 728 229">
    <p class='ocr_par' dir='ltr' id='par_1_2' title="bbox 342 189 728 229">
     <span class='ocr_line' id='line_1_2' title="bbox 342 189 728 229; baseline 0.021 -13"><span class='ocrx_word' id='word_1_2' title='bbox 342 189 384 224; x_wconf 79' lang='grc' dir='ltr'><strong>ιβ’.</strong></span> <span class='ocrx_word' id='word_1_3' title='bbox 405 192 473 225; x_wconf 80' lang='grc' dir='ltr'><strong>Περὶ</strong></span> <span class='ocrx_word' id='word_1_4' title='bbox 486 191 542 226; x_wconf 81' lang='grc' dir='ltr'>τῆς</span> <span class='ocrx_word' id='word_1_5' title='bbox 559 193 728 229; x_wconf 77' lang='grc' dir='ltr'>Ἀρτέμιδος.</span> 
     </span>
    </p>
   </div>
   <div class='ocr_carea' id='block_1_3' title="bbox 177 232 933 277">
    <p class='ocr_par' dir='ltr' id='par_1_3' title="bbox 177 232 933 277">
     <span class='ocr_line' id='line_1_3' title="bbox 177 232 933 277; baseline 0.02 -19"><span class='ocrx_word' id='word_1_6' title='bbox 177 233 214 259; x_wconf 77' lang='grc' dir='ltr'><strong>Τὸ</strong></span> <span class='ocrx_word' id='word_1_7' title='bbox 223 232 252 259; x_wconf 83' lang='grc' dir='ltr'>δὲ</span> <span class='ocrx_word' id='word_1_8' title='bbox 268 234 338 261; x_wconf 82' lang='grc' dir='ltr'>κατὰ</span> <span class='ocrx_word' id='word_1_9' title='bbox 351 236 401 271; x_wconf 82' lang='grc' dir='ltr'>τὴν</span> <span class='ocrx_word' id='word_1_10' title='bbox 418 238 562 273; x_wconf 72' lang='grc' dir='ltr'>Ἄρτεμιν,</span> <span class='ocrx_word' id='word_1_11' title='bbox 578 240 646 277; x_wconf 84' lang='grc' dir='ltr'>αὔτη</span> <span class='ocrx_word' id='word_1_12' title='bbox 659 243 793 277; x_wconf 84' lang='grc' dir='ltr'><strong>παρθένος</strong></span> <span class='ocrx_word' id='word_1_13' title='bbox 807 241 874 271; x_wconf 81' lang='grc' dir='ltr'>οὖσα</span> <span class='ocrx_word' id='word_1_14' title='bbox 887 246 933 272; x_wconf 79' lang='grc' dir='ltr'>καὶ</span> 
     </span>
    </p>
   </div>
   <div class='ocr_carea' id='block_1_4' title="bbox 142 277 933 322">
    <p class='ocr_par' dir='ltr' id='par_1_4' title="bbox 142 277 933 322">
     <span class='ocr_line' id='line_1_4' title="bbox 142 277 933 322; baseline 0.018 -19"><span class='ocrx_word' id='word_1_15' title='bbox 142 277 260 314; x_wconf 76' lang='grc' dir='ltr'>σώφρων</span> <span class='ocrx_word' id='word_1_16' title='bbox 277 280 293 313; x_wconf 78' lang='grc' dir='ltr'>ἡ</span> <span class='ocrx_word' id='word_1_17' title='bbox 306 279 376 313; x_wconf 80' lang='grc' dir='ltr'>θεὸς,</span> <span class='ocrx_word' id='word_1_18' title='bbox 392 281 486 318; x_wconf 77' lang='grc' dir='ltr'>ἔχαιρε</span> <span class='ocrx_word' id='word_1_19' title='bbox 507 285 562 316; x_wconf 82' lang='grc' dir='ltr'>τοῖς</span> <span class='ocrx_word' id='word_1_20' title='bbox 584 285 683 321; x_wconf 78' lang='grc' dir='ltr'><strong>αἵμασι</strong></span> <span class='ocrx_word' id='word_1_21' title='bbox 697 288 747 322; x_wconf 85' lang='grc' dir='ltr'>τῆς</span> <span class='ocrx_word' id='word_1_22' title='bbox 763 288 933 322; x_wconf 79' lang='grc' dir='ltr'><strong>ξενοκτονίας</strong></span> 
     </span>
    </p>
   </div>
   <div class='ocr_carea' id='block_1_5' title="bbox 140 324 285 358">
    <p class='ocr_par' dir='ltr' id='par_1_5' title="bbox 140 324 285 358">
     <span class='ocr_line' id='line_1_5' title="bbox 140 324 285 358; baseline 0.014 -8"><span class='ocrx_word' id='word_1_23' title='bbox 140 324 285 358; x_wconf 77' lang='grc' dir='ltr'>τιμᾶσθαι.</span> 
     </span>
    </p>
   </div>
   <div class='ocr_carea' id='block_1_6' title="bbox 234 372 824 412">
    <p class='ocr_par' dir='ltr' id='par_1_6' title="bbox 234 372 824 412">
     <span class='ocr_line' id='line_1_6' title="bbox 234 372 824 412; baseline 0.017 -15"><span class='ocrx_word' id='word_1_24' title='bbox 234 373 277 404; x_wconf 83' lang='grc' dir='ltr'>ιγ’.</span> <span class='ocrx_word' id='word_1_25' title='bbox 293 372 362 406; x_wconf 80' lang='grc' dir='ltr'><strong>Περὶ</strong></span> <span class='ocrx_word' id='word_1_26' title='bbox 374 373 426 400; x_wconf 84' lang='grc' dir='ltr'>τοῦ</span> <span class='ocrx_word' id='word_1_27' title='bbox 438 375 562 402; x_wconf 80' lang='grc' dir='ltr'><strong>κωνείου</strong></span> <span class='ocrx_word' id='word_1_28' title='bbox 577 377 630 403; x_wconf 85' lang='grc' dir='ltr'><strong>τοῦ</strong></span> <span class='ocrx_word' id='word_1_29' title='bbox 643 379 824 412; x_wconf 78' lang='grc' dir='ltr'><strong>Σωκράτους.</strong></span> 
     </span>
    </p>
   </div>
   <div class='ocr_carea' id='block_1_7' title="bbox 176 416 932 461">
    <p class='ocr_par' dir='ltr' id='par_1_7' title="bbox 176 416 932 461">
     <span class='ocr_line' id='line_1_7' title="bbox 176 416 932 461; baseline 0.017 -20"><span class='ocrx_word' id='word_1_30' title='bbox 176 416 329 452; x_wconf 83' lang='grc' dir='ltr'><strong>Σωκράτης</strong></span> <span class='ocrx_word' id='word_1_31' title='bbox 347 418 377 444; x_wconf 87' lang='grc' dir='ltr'>τὸ</span> <span class='ocrx_word' id='word_1_32' title='bbox 398 419 448 453; x_wconf 83' lang='grc' dir='ltr'>μὲν</span> <span class='ocrx_word' id='word_1_33' title='bbox 465 421 543 454; x_wconf 84' lang='grc' dir='ltr'>γένος</span> <span class='ocrx_word' id='word_1_34' title='bbox 558 419 592 457; x_wconf 80' lang='grc' dir='ltr'>ἦν</span> <span class='ocrx_word' id='word_1_35' title='bbox 614 423 764 458; x_wconf 80' lang='grc' dir='ltr'>Ἀθηναῖος,</span> <span class='ocrx_word' id='word_1_36' title='bbox 788 426 932 461; x_wconf 84' lang='grc' dir='ltr'>φιλόσοφος</span> 
     </span>
    </p>
   </div>
   <div class='ocr_carea' id='block_1_8' title="bbox 140 461 932 509">
    <p class='ocr_par' dir='ltr' id='par_1_8' title="bbox 140 461 932 509">
     <span class='ocr_line' id='line_1_8' title="bbox 140 461 932 509; baseline 0.018 -22"><span class='ocrx_word' id='word_1_37' title='bbox 140 461 169 488; x_wconf 77' lang='grc' dir='ltr'>δὲ</span> <span class='ocrx_word' id='word_1_38' title='bbox 184 462 235 497; x_wconf 85' lang='grc' dir='ltr'>τὴν</span> <span class='ocrx_word' id='word_1_39' title='bbox 250 463 404 492; x_wconf 78' lang='grc' dir='ltr'>παίδευσιν.</span> <span class='ocrx_word' id='word_1_40' title='bbox 420 465 521 493; x_wconf 88' lang='grc' dir='ltr'>Τοῦτον</span> <span class='ocrx_word' id='word_1_41' title='bbox 536 468 574 500; x_wconf 84' lang='grc' dir='ltr'>ὡς</span> <span class='ocrx_word' id='word_1_42' title='bbox 585 468 711 504; x_wconf 86' lang='grc' dir='ltr'>δαιμόνια</span> <span class='ocrx_word' id='word_1_43' title='bbox 723 472 804 499; x_wconf 87' lang='grc' dir='ltr'>καινὰ</span> <span class='ocrx_word' id='word_1_44' title='bbox 819 481 932 509; x_wconf 80' lang='grc' dir='ltr'>παρεισ-</span> 
     </span>
    </p>
   </div>
   <div class='ocr_carea' id='block_1_9' title="bbox 141 508 928 552">
    <p class='ocr_par' dir='ltr' id='par_1_9' title="bbox 141 508 928 552">
     <span class='ocr_line' id='line_1_9' title="bbox 141 508 928 552; baseline 0.017 -18"><span class='ocrx_word' id='word_1_45' title='bbox 141 508 259 544; x_wconf 78' lang='grc' dir='ltr'>φέροντα</span> <span class='ocrx_word' id='word_1_46' title='bbox 272 512 305 546; x_wconf 81' lang='grc' dir='ltr'><strong>τῇ</strong></span> <span class='ocrx_word' id='word_1_47' title='bbox 320 511 442 547; x_wconf 70' lang='grc' dir='ltr'>πολιτείᾳ</span> <span class='ocrx_word' id='word_1_48' title='bbox 454 513 601 547; x_wconf 80' lang='grc' dir='ltr'>ᾐτιάσαντο</span> <span class='ocrx_word' id='word_1_49' title='bbox 618 517 730 549; x_wconf 77' lang='grc' dir='ltr'>’Ἄνυτος</span> <span class='ocrx_word' id='word_1_50' title='bbox 739 518 785 544; x_wconf 80' lang='grc' dir='ltr'>καὶ</span> <span class='ocrx_word' id='word_1_51' title='bbox 799 519 913 552; x_wconf 82' lang='grc' dir='ltr'>Μέλιτος</span> <span class='ocrx_word' id='word_1_52' title='bbox 922 529 928 535; x_wconf 93' lang='grc'><strong>·</strong></span> 
     </span>
    </p>
   </div>
   <div class='ocr_carea' id='block_1_10' title="bbox 140 556 930 597">
    <p class='ocr_par' dir='ltr' id='par_1_10' title="bbox 140 556 930 597">
     <span class='ocr_line' id='line_1_10' title="bbox 140 556 930 597; baseline 0.016 -16"><span class='ocrx_word' id='word_1_53' title='bbox 140 557 292 591; x_wconf 79' lang='grc' dir='ltr'><strong>κατεκρίθη</strong></span> <span class='ocrx_word' id='word_1_54' title='bbox 309 556 356 584; x_wconf 82' lang='grc' dir='ltr'>οὖν</span> <span class='ocrx_word' id='word_1_55' title='bbox 370 558 407 590; x_wconf 82' lang='grc' dir='ltr'>ὡς</span> <span class='ocrx_word' id='word_1_56' title='bbox 427 559 592 596; x_wconf 79' lang='grc' dir='ltr'><strong>διαφθείρων</strong></span> <span class='ocrx_word' id='word_1_57' title='bbox 607 563 670 595; x_wconf 80' lang='grc' dir='ltr'>τοὺς</span> <span class='ocrx_word' id='word_1_58' title='bbox 689 564 766 597; x_wconf 82' lang='grc' dir='ltr'><strong>νέους</strong></span> <span class='ocrx_word' id='word_1_59' title='bbox 785 566 930 594; x_wconf 79' lang='grc' dir='ltr'><strong>ἀποθανεῖν</strong></span> 
     </span>
    </p>
   </div>
   <div class='ocr_carea' id='block_1_11' title="bbox 140 603 692 638">
    <p class='ocr_par' dir='ltr' id='par_1_11' title="bbox 140 603 692 638">
     <span class='ocr_line' id='line_1_11' title="bbox 140 603 692 638; baseline 0.014 -9"><span class='ocrx_word' id='word_1_60' title='bbox 140 603 236 630; x_wconf 80' lang='grc' dir='ltr'>πιόντα</span> <span class='ocrx_word' id='word_1_61' title='bbox 254 603 383 632; x_wconf 83' lang='grc' dir='ltr'>κώνειον·</span> <span class='ocrx_word' id='word_1_62' title='bbox 401 607 448 633; x_wconf 78' lang='grc' dir='ltr'>καὶ</span> <span class='ocrx_word' id='word_1_63' title='bbox 461 607 530 634; x_wconf 85' lang='grc' dir='ltr'>πιὼν</span> <span class='ocrx_word' id='word_1_64' title='bbox 546 609 692 638; x_wconf 77' lang='grc' dir='ltr'>ἀπέθανεν.</span> 
     </span>
    </p>
   </div>
   <div class='ocr_carea' id='block_1_12' title="bbox 253 695 820 735">
    <p class='ocr_par' dir='ltr' id='par_1_12' title="bbox 253 695 820 735">
     <span class='ocr_line' id='line_1_12' title="bbox 253 695 820 735; baseline 0.014 -14"><span class='ocrx_word' id='word_1_65' title='bbox 253 695 294 721; x_wconf 82' lang='grc' dir='ltr'>ιδ’.</span> <span class='ocrx_word' id='word_1_66' title='bbox 315 696 385 729; x_wconf 77' lang='grc' dir='ltr'><strong>Περὶ</strong></span> <span class='ocrx_word' id='word_1_67' title='bbox 403 697 456 724; x_wconf 87' lang='grc' dir='ltr'>τοῦ</span> <span class='ocrx_word' id='word_1_68' title='bbox 483 698 660 732; x_wconf 74' lang='grc' dir='ltr'><strong>Ἐπικτήτου</strong></span> <span class='ocrx_word' id='word_1_69' title='bbox 679 701 820 735; x_wconf 76' lang='grc' dir='ltr'><strong>σκέλους.</strong></span> 
     </span>
    </p>
   </div>
   <div class='ocr_carea' id='block_1_13' title="bbox 176 741 928 784">
    <p class='ocr_par' dir='ltr' id='par_1_13' title="bbox 176 741 928 784">
     <span class='ocr_line' id='line_1_13' title="bbox 176 741 928 784; baseline 0.013 -18"><span class='ocrx_word' id='word_1_70' title='bbox 176 741 342 777; x_wconf 78' lang='grc' dir='ltr'>Ἐπίκτητος</span> <span class='ocrx_word' id='word_1_71' title='bbox 359 743 503 778; x_wconf 79' lang='grc' dir='ltr'>φιλόσοφος</span> <span class='ocrx_word' id='word_1_72' title='bbox 515 742 549 780; x_wconf 82' lang='grc' dir='ltr'>ἦν</span> <span class='ocrx_word' id='word_1_73' title='bbox 559 753 565 760; x_wconf 90' lang='grc'><strong>·</strong></span> <span class='ocrx_word' id='word_1_74' title='bbox 581 743 657 778; x_wconf 78' lang='grc' dir='ltr'>οὗτος</span> <span class='ocrx_word' id='word_1_75' title='bbox 668 747 745 783; x_wconf 80' lang='grc' dir='ltr'><strong>ἐδέθη</strong></span> <span class='ocrx_word' id='word_1_76' title='bbox 763 749 815 774; x_wconf 81' lang='grc' dir='ltr'>ὑπὸ</span> <span class='ocrx_word' id='word_1_77' title='bbox 829 749 928 784; x_wconf 84' lang='grc' dir='ltr'>τυράν-</span> 
     </span>
    </p>
   </div>
   <div class='ocr_carea' id='block_1_14' title="bbox 138 789 927 828">
    <p class='ocr_par' dir='ltr' id='par_1_14' title="bbox 138 789 927 828">
     <span class='ocr_line' id='line_1_14' title="bbox 138 789 927 828; baseline 0.01 -14"><span class='ocrx_word' id='word_1_78' title='bbox 138 797 183 815; x_wconf 85' lang='grc' dir='ltr'><strong>νου</strong></span> <span class='ocrx_word' id='word_1_79' title='bbox 199 789 230 814; x_wconf 82' lang='grc' dir='ltr'><strong>τὸ</strong></span> <span class='ocrx_word' id='word_1_80' title='bbox 254 789 363 821; x_wconf 72' lang='grc' dir='ltr'>σκέλος·</span> <span class='ocrx_word' id='word_1_81' title='bbox 387 789 501 826; x_wconf 82' lang='grc' dir='ltr'>ὕστερον</span> <span class='ocrx_word' id='word_1_82' title='bbox 514 791 542 818; x_wconf 80' lang='grc' dir='ltr'>δὲ</span> <span class='ocrx_word' id='word_1_83' title='bbox 557 791 695 828; x_wconf 75' lang='grc' dir='ltr'>ἡδουλήθη</span> <span class='ocrx_word' id='word_1_84' title='bbox 716 794 796 821; x_wconf 74' lang='grc' dir='ltr'>λῦσαι</span> <span class='ocrx_word' id='word_1_85' title='bbox 817 794 898 822; x_wconf 81' lang='grc' dir='ltr'>αὑτὸν</span> <span class='ocrx_word' id='word_1_86' title='bbox 913 796 927 822; x_wconf 78' lang='grc' dir='ltr'><strong>ὁ</strong></span> 
     </span>
    </p>
   </div>
   <div class='ocr_carea' id='block_1_15' title="bbox 136 834 925 873">
    <p class='ocr_par' dir='ltr' id='par_1_15' title="bbox 136 834 925 873">
     <span class='ocr_line' id='line_1_15' title="bbox 136 834 925 873; baseline 0.011 -14"><span class='ocrx_word' id='word_1_87' title='bbox 136 834 277 870; x_wconf 78' lang='grc' dir='ltr'>τύραννος.</span> <span class='ocrx_word' id='word_1_88' title='bbox 295 834 403 870; x_wconf 82' lang='grc' dir='ltr'>Ἠρὼτα</span> <span class='ocrx_word' id='word_1_89' title='bbox 419 834 466 863; x_wconf 83' lang='grc' dir='ltr'>οὖν</span> <span class='ocrx_word' id='word_1_90' title='bbox 477 837 557 864; x_wconf 80' lang='grc' dir='ltr'>αὑτὸν</span> <span class='ocrx_word' id='word_1_91' title='bbox 572 837 659 866; x_wconf 82' lang='grc' dir='ltr'>οὕτω·</span> <span class='ocrx_word' id='word_1_92' title='bbox 674 839 777 873; x_wconf 78' lang='grc' dir='ltr'><strong>Θέλεις,</strong></span> <span class='ocrx_word' id='word_1_93' title='bbox 805 839 828 867; x_wconf 84' lang='grc' dir='ltr'>ὦ</span> <span class='ocrx_word' id='word_1_94' title='bbox 850 842 925 867; x_wconf 85' lang='grc' dir='ltr'>Ἐπί-</span> 
     </span>
    </p>
   </div>
   <div class='ocr_carea' id='block_1_16' title="bbox 137 873 962 923">
    <p class='ocr_par' dir='ltr' id='par_1_16' title="bbox 137 873 962 923">
     <span class='ocr_line' id='line_1_16' title="bbox 137 873 962 923; baseline 0.013 -18"><span class='ocrx_word' id='word_1_95' title='bbox 137 888 230 915; x_wconf 83' lang='grc' dir='ltr'>κτητε,</span> <span class='ocrx_word' id='word_1_96' title='bbox 245 880 319 907; x_wconf 79' lang='grc' dir='ltr'>λύσω</span> <span class='ocrx_word' id='word_1_97' title='bbox 332 889 380 913; x_wconf 82' lang='grc' dir='ltr'><strong>σε;</strong></span> <span class='ocrx_word' id='word_1_98' title='bbox 404 882 433 908; x_wconf 86' lang='grc'><strong>’0</strong></span> <span class='ocrx_word' id='word_1_99' title='bbox 444 882 472 909; x_wconf 89' lang='grc' dir='ltr'>δὲ</span> <span class='ocrx_word' id='word_1_100' title='bbox 489 883 665 920; x_wconf 70' lang='grc' dir='ltr'>ἀπεκρίνατο·</span> <span class='ocrx_word' id='word_1_101' title='bbox 682 885 714 911; x_wconf 90' lang='grc' dir='ltr'>Τί</span> <span class='ocrx_word' id='word_1_102' title='bbox 722 886 786 922; x_wconf 81' lang='grc' dir='ltr'>γὰρ,</span> <span class='ocrx_word' id='word_1_103' title='bbox 795 887 923 923; x_wconf 83' lang='grc' dir='ltr'>δέδεμαι;</span> <span class='ocrx_word' id='word_1_104' title='bbox 941 873 962 900; x_wconf 77' lang='grc' dir='ltr'><strong>Β</strong></span> 
     </span>
    </p>
   </div>
   <div class='ocr_carea' id='block_1_17' title="bbox 133 924 924 968">
    <p class='ocr_par' dir='ltr' id='par_1_17' title="bbox 133 924 924 968">
     <span class='ocr_line' id='line_1_17' title="bbox 133 924 924 968; baseline 0.014 -18"><span class='ocrx_word' id='word_1_105' title='bbox 133 924 172 957; x_wconf 81' lang='grc' dir='ltr'>ὡς</span> <span class='ocrx_word' id='word_1_106' title='bbox 188 926 239 961; x_wconf 82' lang='grc' dir='ltr'>τῆς</span> <span class='ocrx_word' id='word_1_107' title='bbox 256 927 347 962; x_wconf 75' lang='grc' dir='ltr'>ψυχῆς</span> <span class='ocrx_word' id='word_1_108' title='bbox 362 927 444 954; x_wconf 79' lang='grc' dir='ltr'>αὑτοῦ</span> <span class='ocrx_word' id='word_1_109' title='bbox 466 928 547 963; x_wconf 77' lang='grc' dir='ltr'>δῆθεν</span> <span class='ocrx_word' id='word_1_110' title='bbox 573 930 611 966; x_wconf 80' lang='grc' dir='ltr'>μὴ</span> <span class='ocrx_word' id='word_1_111' title='bbox 632 931 787 968; x_wconf 80' lang='grc' dir='ltr'>δεδεμένης.</span> <span class='ocrx_word' id='word_1_112' title='bbox 808 933 924 968; x_wconf 81' lang='grc' dir='ltr'><strong>Λέγεται</strong></span> 
     </span>
    </p>
   </div>
   <div class='ocr_carea' id='block_1_18' title="bbox 135 970 829 1015">
    <p class='ocr_par' dir='ltr' id='par_1_18' title="bbox 135 970 829 1015">
     <span class='ocr_line' id='line_1_18' title="bbox 135 970 829 1015; baseline 0.012 -17"><span class='ocrx_word' id='word_1_113' title='bbox 135 970 180 999; x_wconf 80' lang='grc' dir='ltr'>οὖν</span> <span class='ocrx_word' id='word_1_114' title='bbox 192 973 230 1009; x_wconf 82' lang='grc' dir='ltr'>μὴ</span> <span class='ocrx_word' id='word_1_115' title='bbox 245 973 276 1000; x_wconf 83' lang='grc' dir='ltr'><strong>τὸ</strong></span> <span class='ocrx_word' id='word_1_116' title='bbox 288 973 367 1009; x_wconf 82' lang='grc' dir='ltr'>σῶμα</span> <span class='ocrx_word' id='word_1_117' title='bbox 382 972 452 1001; x_wconf 85' lang='grc' dir='ltr'>εἶναι</span> <span class='ocrx_word' id='word_1_118' title='bbox 469 975 623 1011; x_wconf 79' lang='grc' dir='ltr'>ἅνθρωπος,</span> <span class='ocrx_word' id='word_1_119' title='bbox 639 977 697 1004; x_wconf 82' lang='grc' dir='ltr'>ἀλλ’</span> <span class='ocrx_word' id='word_1_120' title='bbox 714 979 730 1014; x_wconf 86' lang='grc' dir='ltr'>ἡ</span> <span class='ocrx_word' id='word_1_121' title='bbox 746 978 829 1015; x_wconf 52' lang='grc' dir='ltr'>ψυχὴ</span> 
     </span>
    </p>
   </div>
   <div class='ocr_carea' id='block_1_19' title="bbox 356 1064 698 1100">
    <p class='ocr_par' dir='ltr' id='par_1_19' title="bbox 356 1064 698 1100">
     <span class='ocr_line' id='line_1_19' title="bbox 356 1064 698 1100; baseline 0.012 -10"><span class='ocrx_word' id='word_1_122' title='bbox 356 1067 395 1090; x_wconf 84' lang='grc' dir='ltr'><strong>ιε’.</strong></span> <span class='ocrx_word' id='word_1_123' title='bbox 417 1064 486 1099; x_wconf 76' lang='grc' dir='ltr'><strong>Περὶ</strong></span> <span class='ocrx_word' id='word_1_124' title='bbox 505 1065 698 1100; x_wconf 78' lang='grc' dir='ltr'><strong>Ἀναξάρχου.</strong></span> 
     </span>
    </p>
   </div>
   <div class='ocr_carea' id='block_1_20' title="bbox 173 1120 923 1161">
    <p class='ocr_par' dir='ltr' id='par_1_20' title="bbox 173 1120 923 1161">
     <span class='ocr_line' id='line_1_20' title="bbox 173 1120 923 1161; baseline 0.009 -14"><span class='ocrx_word' id='word_1_125' title='bbox 173 1121 339 1157; x_wconf 78' lang='grc' dir='ltr'>Ἀνάξαρχος</span> <span class='ocrx_word' id='word_1_126' title='bbox 363 1122 508 1157; x_wconf 77' lang='grc' dir='ltr'>φιλόσοφος</span> <span class='ocrx_word' id='word_1_127' title='bbox 528 1121 572 1159; x_wconf 85' lang='grc' dir='ltr'><strong>ἦν.</strong></span> <span class='ocrx_word' id='word_1_128' title='bbox 592 1120 676 1156; x_wconf 79' lang='grc' dir='ltr'>Οὗτος</span> <span class='ocrx_word' id='word_1_129' title='bbox 704 1125 846 1161; x_wconf 81' lang='grc' dir='ltr'><strong>συσχεθεὶς</strong></span> <span class='ocrx_word' id='word_1_130' title='bbox 870 1127 923 1154; x_wconf 78' lang='grc' dir='ltr'><strong>ὑπὸ</strong></span> 
     </span>
    </p>
   </div>
   <div class='ocr_carea' id='block_1_21' title="bbox 140 1167 923 1207">
    <p class='ocr_par' dir='ltr' id='par_1_21' title="bbox 140 1167 923 1207">
     <span class='ocr_line' id='line_1_21' title="bbox 140 1167 923 1207; baseline 0.008 -14"><span class='ocrx_word' id='word_1_131' title='bbox 140 1167 286 1203; x_wconf 79' lang='grc' dir='ltr'><strong>Ἀρχελάου</strong></span> <span class='ocrx_word' id='word_1_132' title='bbox 296 1168 343 1194; x_wconf 82' lang='grc' dir='ltr'>τοῦ</span> <span class='ocrx_word' id='word_1_133' title='bbox 353 1169 497 1204; x_wconf 82' lang='grc' dir='ltr'>τυράννου,</span> <span class='ocrx_word' id='word_1_134' title='bbox 512 1170 559 1195; x_wconf 79' lang='grc' dir='ltr'>καὶ</span> <span class='ocrx_word' id='word_1_135' title='bbox 576 1169 683 1206; x_wconf 79' lang='grc' dir='ltr'>βληθεὶς</span> <span class='ocrx_word' id='word_1_136' title='bbox 695 1171 724 1197; x_wconf 84' lang='grc' dir='ltr'>ὲν</span> <span class='ocrx_word' id='word_1_137' title='bbox 736 1171 821 1207; x_wconf 78' lang='grc' dir='ltr'>ὅλμῳ,</span> <span class='ocrx_word' id='word_1_138' title='bbox 830 1173 923 1200; x_wconf 76' lang='grc' dir='ltr'>ἐπτισ-</span> 
     </span>
    </p>
   </div>
   <div class='ocr_carea' id='block_1_22' title="bbox 134 1214 921 1255">
    <p class='ocr_par' dir='ltr' id='par_1_22' title="bbox 134 1214 921 1255">
     <span class='ocr_line' id='line_1_22' title="bbox 134 1214 921 1255; baseline 0.008 -15"><span class='ocrx_word' id='word_1_139' title='bbox 134 1223 194 1241; x_wconf 86' lang='grc' dir='ltr'>σετο</span> <span class='ocrx_word' id='word_1_140' title='bbox 215 1214 308 1250; x_wconf 83' lang='grc' dir='ltr'>μοχλῷ</span> <span class='ocrx_word' id='word_1_141' title='bbox 336 1215 442 1250; x_wconf 85' lang='grc' dir='ltr'>ξυλίνῳ.</span> <span class='ocrx_word' id='word_1_142' title='bbox 462 1216 627 1243; x_wconf 81' lang='grc' dir='ltr'>Πτίσσεσθαι</span> <span class='ocrx_word' id='word_1_143' title='bbox 647 1217 676 1243; x_wconf 76' lang='grc' dir='ltr'>δέ</span> <span class='ocrx_word' id='word_1_144' title='bbox 700 1218 769 1250; x_wconf 77' lang='grc' dir='ltr'>ἐστι,</span> <span class='ocrx_word' id='word_1_145' title='bbox 790 1219 821 1245; x_wconf 84' lang='grc' dir='ltr'>τὸ</span> <span class='ocrx_word' id='word_1_146' title='bbox 841 1219 921 1255; x_wconf 85' lang='grc' dir='ltr'>δίκην</span> 
     </span>
    </p>
   </div>
   <div class='ocr_carea' id='block_1_23' title="bbox 134 1261 921 1301">
    <p class='ocr_par' dir='ltr' id='par_1_23' title="bbox 134 1261 921 1301">
     <span class='ocr_line' id='line_1_23' title="bbox 134 1261 921 1301; baseline 0.008 -14"><span class='ocrx_word' id='word_1_147' title='bbox 134 1261 285 1296; x_wconf 69' lang='grc' dir='ltr'>πασσάνης</span> <span class='ocrx_word' id='word_1_148' title='bbox 297 1261 448 1288; x_wconf 80' lang='grc' dir='ltr'>τύπτεσθαι</span> <span class='ocrx_word' id='word_1_149' title='bbox 458 1270 465 1277; x_wconf 93' lang='grc'><strong>·</strong></span> <span class='ocrx_word' id='word_1_150' title='bbox 485 1262 562 1289; x_wconf 74' lang='grc' dir='ltr'>ἐνθεν</span> <span class='ocrx_word' id='word_1_151' title='bbox 576 1263 604 1289; x_wconf 82' lang='grc' dir='ltr'>δὲ</span> <span class='ocrx_word' id='word_1_152' title='bbox 625 1263 674 1290; x_wconf 81' lang='grc' dir='ltr'>καὶ</span> <span class='ocrx_word' id='word_1_153' title='bbox 688 1264 825 1299; x_wconf 86' lang='grc' dir='ltr'>πτισσάνη</span> <span class='ocrx_word' id='word_1_154' title='bbox 844 1266 921 1301; x_wconf 80' lang='grc' dir='ltr'>παρὰ</span> 
     </span>
    </p>
   </div>
   <div class='ocr_carea' id='block_1_24' title="bbox 133 1307 920 1345">
    <p class='ocr_par' dir='ltr' id='par_1_24' title="bbox 133 1307 920 1345">
     <span class='ocr_line' id='line_1_24' title="bbox 133 1307 920 1345; baseline 0.006 -12"><span class='ocrx_word' id='word_1_155' title='bbox 133 1315 161 1334; x_wconf 77' lang='grc' dir='ltr'><strong>το</strong></span> <span class='ocrx_word' id='word_1_156' title='bbox 176 1307 350 1336; x_wconf 78' lang='grc' dir='ltr'>πτίσσεσθαι.</span> <span class='ocrx_word' id='word_1_157' title='bbox 368 1308 554 1344; x_wconf 85' lang='grc' dir='ltr'>Ητισσόμενος</span> <span class='ocrx_word' id='word_1_158' title='bbox 571 1309 599 1336; x_wconf 77' lang='grc' dir='ltr'>δὲ</span> <span class='ocrx_word' id='word_1_159' title='bbox 613 1308 700 1341; x_wconf 81' lang='grc' dir='ltr'>οὕτως</span> <span class='ocrx_word' id='word_1_160' title='bbox 714 1310 766 1345; x_wconf 84' lang='grc' dir='ltr'>ἔφη</span> <span class='ocrx_word' id='word_1_161' title='bbox 776 1320 782 1327; x_wconf 93' lang='grc'><strong>·</strong></span> <span class='ocrx_word' id='word_1_162' title='bbox 805 1311 920 1343; x_wconf 85' lang='grc' dir='ltr'>Πτίσσε,</span> 
     </span>
    </p>
   </div>
   <div class='ocr_carea' id='block_1_25' title="bbox 133 1353 921 1392">
    <p class='ocr_par' dir='ltr' id='par_1_25' title="bbox 133 1353 921 1392">
     <span class='ocr_line' id='line_1_25' title="bbox 133 1353 921 1392; baseline 0.005 -13"><span class='ocrx_word' id='word_1_163' title='bbox 133 1354 227 1380; x_wconf 78' lang='grc' dir='ltr'>πτίσσε</span> <span class='ocrx_word' id='word_1_164' title='bbox 249 1353 296 1380; x_wconf 82' lang='grc' dir='ltr'>τὸν</span> <span class='ocrx_word' id='word_1_165' title='bbox 321 1353 488 1389; x_wconf 80' lang='grc' dir='ltr'>Ἀναξάρχου</span> <span class='ocrx_word' id='word_1_166' title='bbox 514 1354 642 1387; x_wconf 82' lang='grc' dir='ltr'>θύλακον,</span> <span class='ocrx_word' id='word_1_167' title='bbox 667 1356 697 1382; x_wconf 80' lang='grc' dir='ltr'>οὐ</span> <span class='ocrx_word' id='word_1_168' title='bbox 718 1356 773 1392; x_wconf 85' lang='grc' dir='ltr'><strong>γὰρ</strong></span> <span class='ocrx_word' id='word_1_169' title='bbox 796 1357 921 1390; x_wconf 84' lang='grc' dir='ltr'><strong>πτίσσεις</strong></span> 
     </span>
    </p>
   </div>
   <div class='ocr_carea' id='block_1_26' title="bbox 138 1399 919 1439">
    <p class='ocr_par' dir='ltr' id='par_1_26' title="bbox 138 1399 919 1439">
     <span class='ocr_line' id='line_1_26' title="bbox 138 1399 919 1439; baseline 0.005 -13"><span class='ocrx_word' id='word_1_170' title='bbox 138 1400 301 1436; x_wconf 70' lang='grc' dir='ltr'>Ἀνάξαρχον</span> <span class='ocrx_word' id='word_1_171' title='bbox 311 1409 317 1414; x_wconf 93' lang='grc'><strong>·</strong></span> <span class='ocrx_word' id='word_1_172' title='bbox 334 1400 532 1439; x_wconf 72' lang='grc' dir='ltr'>αἰνιττόμενος,</span> <span class='ocrx_word' id='word_1_173' title='bbox 550 1399 594 1428; x_wconf 78' lang='grc' dir='ltr'>οἶα</span> <span class='ocrx_word' id='word_1_174' title='bbox 609 1401 753 1437; x_wconf 86' lang='grc' dir='ltr'>φιλόσοφος</span> <span class='ocrx_word' id='word_1_175' title='bbox 767 1403 857 1438; x_wconf 85' lang='grc' dir='ltr'>δῆθεν,</span> <span class='ocrx_word' id='word_1_176' title='bbox 873 1403 919 1430; x_wconf 81' lang='grc' dir='ltr'>τοῦ</span> 
     </span>
    </p>
   </div>
   <div class='ocr_carea' id='block_1_27' title="bbox 133 1445 620 1481">
    <p class='ocr_par' dir='ltr' id='par_1_27' title="bbox 133 1445 620 1481">
     <span class='ocr_line' id='line_1_27' title="bbox 133 1445 620 1481; baseline 0.006 -10"><span class='ocrx_word' id='word_1_177' title='bbox 133 1445 256 1481; x_wconf 76' lang='grc' dir='ltr'>εώματος</span> <span class='ocrx_word' id='word_1_178' title='bbox 269 1446 371 1481; x_wconf 86' lang='grc' dir='ltr'>μηδένα</span> <span class='ocrx_word' id='word_1_179' title='bbox 386 1446 464 1480; x_wconf 86' lang='grc' dir='ltr'>λόγον</span> <span class='ocrx_word' id='word_1_180' title='bbox 476 1447 620 1474; x_wconf 83' lang='grc' dir='ltr'>ποιεῖσθαι.</span> 
     </span>
    </p>
   </div>
   <div class='ocr_carea' id='block_1_28' title="bbox 207 1491 840 1529">
    <p class='ocr_par' dir='ltr' id='par_1_28' title="bbox 207 1491 840 1529">
     <span class='ocr_line' id='line_1_28' title="bbox 207 1491 840 1529; baseline 0.005 -11"><span class='ocrx_word' id='word_1_181' title='bbox 207 1495 256 1524; x_wconf 85' lang='grc' dir='ltr'>ις’.</span> <span class='ocrx_word' id='word_1_182' title='bbox 276 1492 346 1526; x_wconf 73' lang='grc' dir='ltr'><strong>Περὶ</strong></span> <span class='ocrx_word' id='word_1_183' title='bbox 364 1491 417 1519; x_wconf 81' lang='grc' dir='ltr'>τοῦ</span> <span class='ocrx_word' id='word_1_184' title='bbox 432 1493 637 1528; x_wconf 72' lang='grc' dir='ltr'><strong>Κλεομϐρότου</strong></span> <span class='ocrx_word' id='word_1_185' title='bbox 657 1494 840 1529; x_wconf 79' lang='grc' dir='ltr'>πηδήματος.</span> 
     </span>
    </p>
   </div>
   <div class='ocr_carea' id='block_1_29' title="bbox 566 139 1349 178">
    <p class='ocr_par' dir='ltr' id='par_1_29' title="bbox 566 139 1349 178">
     <span class='ocr_line' id='line_1_29' title="bbox 566 139 1349 178; baseline 0.017 -13"><span class='ocrx_word' id='word_1_186' title='bbox 566 139 612 166; x_wconf 88' lang='lat' dir='ltr'><strong>AD</strong></span> <span class='ocrx_word' id='word_1_187' title='bbox 632 139 661 167; x_wconf 87' lang='lat' dir='ltr'><strong>S.</strong></span> <span class='ocrx_word' id='word_1_188' title='bbox 680 140 844 169; x_wconf 77' lang='lat' dir='ltr'><strong>GREGORII</strong></span> <span class='ocrx_word' id='word_1_189' title='bbox 861 142 964 172; x_wconf 82' lang='lat' dir='ltr'><strong>ORAT.</strong></span> <span class='ocrx_word' id='word_1_190' title='bbox 986 143 996 171; x_wconf 93' lang='lat' dir='ltr'>I</span> <span class='ocrx_word' id='word_1_191' title='bbox 1012 145 1151 175; x_wconf 80' lang='lat' dir='ltr'><strong>CONTRA</strong></span> <span class='ocrx_word' id='word_1_192' title='bbox 1168 148 1349 178; x_wconf 78' lang='lat' dir='ltr'><strong>JULIANUM.</strong></span> 
     </span>
    </p>
   </div>
   <div class='ocr_carea' id='block_1_30' title="bbox 1719 153 1772 182">
    <p class='ocr_par' dir='ltr' id='par_1_30' title="bbox 1719 153 1772 182">
     <span class='ocr_line' id='line_1_30' title="bbox 1719 153 1772 182; baseline 0.019 -1"><span class='ocrx_word' id='word_1_193' title='bbox 1719 153 1772 182; x_wconf 66' lang='grc'><strong>994</strong></span> 
     </span>
    </p>
   </div>
   <div class='ocr_carea' id='block_1_31' title="bbox 1159 204 1594 242">
    <p class='ocr_par' dir='ltr' id='par_1_31' title="bbox 1159 204 1594 242">
     <span class='ocr_line' id='line_1_31' title="bbox 1159 204 1594 242; baseline 0.009 -12"><span class='ocrx_word' id='word_1_194' title='bbox 1159 204 1203 231; x_wconf 72' lang='grc'><strong>12.</strong></span> <span class='ocrx_word' id='word_1_195' title='bbox 1224 205 1263 232; x_wconf 83' lang='lat' dir='ltr'><strong>De</strong></span> <span class='ocrx_word' id='word_1_196' title='bbox 1275 213 1368 233; x_wconf 78' lang='lat' dir='ltr'><strong>cruore</strong></span> <span class='ocrx_word' id='word_1_197' title='bbox 1378 206 1413 233; x_wconf 84' lang='lat' dir='ltr'><strong>ad</strong></span> <span class='ocrx_word' id='word_1_198' title='bbox 1425 206 1511 234; x_wconf 79' lang='lat' dir='ltr'><strong>altare</strong></span> <span class='ocrx_word' id='word_1_199' title='bbox 1525 207 1594 242; x_wconf 69' lang='lat' dir='ltr'><strong>fuso.</strong></span> 
     </span>
    </p>
   </div>
   <div class='ocr_carea' id='block_1_32' title="bbox 1019 247 1770 288">
    <p class='ocr_par' dir='ltr' id='par_1_32' title="bbox 1019 247 1770 288">
     <span class='ocr_line' id='line_1_32' title="bbox 1019 247 1770 288; baseline 0.009 -13"><span class='ocrx_word' id='word_1_200' title='bbox 1019 247 1115 280; x_wconf 84' lang='lat' dir='ltr'><strong>Diana,</strong></span> <span class='ocrx_word' id='word_1_201' title='bbox 1134 252 1260 285; x_wconf 83' lang='lat' dir='ltr'><strong>quamvis</strong></span> <span class='ocrx_word' id='word_1_202' title='bbox 1279 252 1367 287; x_wconf 83' lang='lat' dir='ltr'><strong>virgo,</strong></span> <span class='ocrx_word' id='word_1_203' title='bbox 1385 260 1417 280; x_wconf 85' lang='lat' dir='ltr'><strong>ac</strong></span> <span class='ocrx_word' id='word_1_204' title='bbox 1436 253 1575 288; x_wconf 76' lang='lat' dir='ltr'><strong>pudicilite</strong></span> <span class='ocrx_word' id='word_1_205' title='bbox 1591 253 1671 281; x_wconf 86' lang='lat' dir='ltr'><strong>laude</strong></span> <span class='ocrx_word' id='word_1_206' title='bbox 1685 253 1770 286; x_wconf 84' lang='lat' dir='ltr'><strong>clara.</strong></span> 
     </span>
    </p>
   </div>
   <div class='ocr_carea' id='block_1_33' title="bbox 982 295 1772 338">
    <p class='ocr_par' dir='ltr' id='par_1_33' title="bbox 982 295 1772 338">
     <span class='ocr_line' id='line_1_33' title="bbox 982 295 1772 338; baseline 0.01 -17"><span class='ocrx_word' id='word_1_207' title='bbox 982 295 1128 324; x_wconf 65' lang='lat' dir='ltr'><strong>cruoribus</strong></span> <span class='ocrx_word' id='word_1_208' title='bbox 1145 301 1238 325; x_wconf 86' lang='lat' dir='ltr'><strong>tamen</strong></span> <span class='ocrx_word' id='word_1_209' title='bbox 1254 298 1309 326; x_wconf 88' lang='lat' dir='ltr'><strong>illis</strong></span> <span class='ocrx_word' id='word_1_210' title='bbox 1332 300 1533 333; x_wconf 71' lang='lat' dir='ltr'><strong>oblectabatur,</strong></span> <span class='ocrx_word' id='word_1_211' title='bbox 1554 301 1601 336; x_wconf 90' lang='lat' dir='ltr'><strong>qui</strong></span> <span class='ocrx_word' id='word_1_212' title='bbox 1627 301 1654 328; x_wconf 93' lang='lat' dir='ltr'><strong>in</strong></span> <span class='ocrx_word' id='word_1_213' title='bbox 1678 301 1772 338; x_wconf 84' lang='lat' dir='ltr'><strong>hospi-</strong></span> 
     </span>
    </p>
   </div>
   <div class='ocr_carea' id='block_1_34' title="bbox 982 342 1371 373">
    <p class='ocr_par' dir='ltr' id='par_1_34' title="bbox 982 342 1371 373">
     <span class='ocr_line' id='line_1_34' title="bbox 982 342 1371 373; baseline 0.015 -6"><span class='ocrx_word' id='word_1_214' title='bbox 982 344 1040 367; x_wconf 88' lang='lat' dir='ltr'><strong>tum</strong></span> <span class='ocrx_word' id='word_1_215' title='bbox 1054 342 1128 370; x_wconf 62' lang='lat' dir='ltr'><strong>caede</strong></span> <span class='ocrx_word' id='word_1_216' title='bbox 1144 343 1222 370; x_wconf 77' lang='lat' dir='ltr'><strong>fundi</strong></span> <span class='ocrx_word' id='word_1_217' title='bbox 1236 345 1371 373; x_wconf 86' lang='lat' dir='ltr'><strong>solebam.</strong></span> 
     </span>
    </p>
   </div>
   <div class='ocr_carea' id='block_1_35' title="bbox 1207 390 1551 420">
    <p class='ocr_par' dir='ltr' id='par_1_35' title="bbox 1207 390 1551 420">
     <span class='ocr_line' id='line_1_35' title="bbox 1207 390 1551 420; baseline 0.006 -3"><span class='ocrx_word' id='word_1_218' title='bbox 1207 391 1250 417; x_wconf 78' lang='grc'><strong>15.</strong></span> <span class='ocrx_word' id='word_1_219' title='bbox 1271 390 1310 418; x_wconf 83' lang='lat' dir='ltr'><strong>De</strong></span> <span class='ocrx_word' id='word_1_220' title='bbox 1324 391 1443 418; x_wconf 73' lang='lat' dir='ltr'><strong>Socratis</strong></span> <span class='ocrx_word' id='word_1_221' title='bbox 1454 393 1551 420; x_wconf 81' lang='lat' dir='ltr'><strong>cicuta.</strong></span> 
     </span>
    </p>
   </div>
   <div class='ocr_carea' id='block_1_36' title="bbox 1018 431 1770 470">
    <p class='ocr_par' dir='ltr' id='par_1_36' title="bbox 1018 431 1770 470">
     <span class='ocr_line' id='line_1_36' title="bbox 1018 431 1770 470; baseline 0.015 -11"><span class='ocrx_word' id='word_1_222' title='bbox 1018 431 1148 462; x_wconf 77' lang='lat' dir='ltr'><strong>Socrates</strong></span> <span class='ocrx_word' id='word_1_223' title='bbox 1171 437 1261 470; x_wconf 88' lang='lat' dir='ltr'><strong>patria</strong></span> <span class='ocrx_word' id='word_1_224' title='bbox 1279 437 1456 465; x_wconf 71' lang='lat' dir='ltr'><strong>Atheniensis</strong></span> <span class='ocrx_word' id='word_1_225' title='bbox 1476 443 1545 470; x_wconf 86' lang='lat' dir='ltr'><strong>erat.</strong></span> <span class='ocrx_word' id='word_1_226' title='bbox 1563 439 1625 467; x_wconf 63' lang='lat' dir='ltr'><strong>vita!</strong></span> <span class='ocrx_word' id='word_1_227' title='bbox 1642 440 1770 470; x_wconf 67' lang='lat' dir='ltr'><strong>institute</strong></span> 
     </span>
    </p>
   </div>
   <div class='ocr_carea' id='block_1_37' title="bbox 981 477 1770 520">
    <p class='ocr_par' dir='ltr' id='par_1_37' title="bbox 981 477 1770 520">
     <span class='ocr_line' id='line_1_37' title="bbox 981 477 1770 520; baseline 0.014 -16"><span class='ocrx_word' id='word_1_228' title='bbox 981 477 1175 515; x_wconf 89' lang='lat' dir='ltr'><strong>philosophus.</strong></span> <span class='ocrx_word' id='word_1_229' title='bbox 1204 481 1283 510; x_wconf 84' lang='lat' dir='ltr'><strong>Hunc</strong></span> <span class='ocrx_word' id='word_1_230' title='bbox 1301 483 1375 510; x_wconf 85' lang='lat' dir='ltr'><strong>velut</strong></span> <span class='ocrx_word' id='word_1_231' title='bbox 1401 484 1551 512; x_wconf 74' lang='lat' dir='ltr'><strong>daemonem</strong></span> <span class='ocrx_word' id='word_1_232' title='bbox 1575 487 1719 520; x_wconf 82' lang='lat' dir='ltr'><strong>quemdam</strong></span> <span class='ocrx_word' id='word_1_233' title='bbox 1741 488 1770 515; x_wconf 92' lang='lat' dir='ltr'><strong>in</strong></span> 
     </span>
    </p>
   </div>
   <div class='ocr_carea' id='block_1_38' title="bbox 980 522 1771 568">
    <p class='ocr_par' dir='ltr' id='par_1_38' title="bbox 980 522 1771 568">
     <span class='ocr_line' id='line_1_38' title="bbox 980 522 1771 568; baseline 0.014 -19"><span class='ocrx_word' id='word_1_234' title='bbox 980 522 1186 558; x_wconf 76' lang='lat' dir='ltr'><strong>Rempublicam</strong></span> <span class='ocrx_word' id='word_1_235' title='bbox 1210 527 1361 561; x_wconf 75' lang='lat' dir='ltr'><strong>perniciose</strong></span> <span class='ocrx_word' id='word_1_236' title='bbox 1381 528 1599 558; x_wconf 85' lang='lat' dir='ltr'><strong>introducentem</strong></span> <span class='ocrx_word' id='word_1_237' title='bbox 1613 532 1719 568; x_wconf 88' lang='lat' dir='ltr'><strong>Auytus</strong></span> <span class='ocrx_word' id='word_1_238' title='bbox 1743 539 1771 561; x_wconf 93' lang='lat' dir='ltr'><strong>et</strong></span> 
     </span>
    </p>
   </div>
   <div class='ocr_carea' id='block_1_39' title="bbox 981 567 1769 612">
    <p class='ocr_par' dir='ltr' id='par_1_39' title="bbox 981 567 1769 612">
     <span class='ocr_line' id='line_1_39' title="bbox 981 567 1769 612; baseline 0.015 -17"><span class='ocrx_word' id='word_1_239' title='bbox 981 567 1088 597; x_wconf 85' lang='lat' dir='ltr'><strong>Melitus</strong></span> <span class='ocrx_word' id='word_1_240' title='bbox 1117 571 1142 598; x_wconf 91' lang='lat' dir='ltr'><strong>in</strong></span> <span class='ocrx_word' id='word_1_241' title='bbox 1166 572 1301 606; x_wconf 88' lang='lat' dir='ltr'><strong>judicium</strong></span> <span class='ocrx_word' id='word_1_242' title='bbox 1323 579 1466 602; x_wconf 78' lang='lat' dir='ltr'><strong>vocarunt.</strong></span> <span class='ocrx_word' id='word_1_243' title='bbox 1492 576 1582 611; x_wconf 86' lang='lat' dir='ltr'><strong>Atque</strong></span> <span class='ocrx_word' id='word_1_244' title='bbox 1610 578 1668 612; x_wconf 90' lang='lat' dir='ltr'><strong>ipse</strong></span> <span class='ocrx_word' id='word_1_245' title='bbox 1694 579 1769 606; x_wconf 88' lang='lat' dir='ltr'><strong>velut</strong></span> 
     </span>
    </p>
   </div>
   <div class='ocr_carea' id='block_1_40' title="bbox 980 619 1769 656">
    <p class='ocr_par' dir='ltr' id='par_1_40' title="bbox 980 619 1769 656">
     <span class='ocr_line' id='line_1_40' title="bbox 980 619 1769 656; baseline 0.015 -15"><span class='ocrx_word' id='word_1_246' title='bbox 980 623 1079 649; x_wconf 84' lang='lat' dir='ltr'><strong>pueros</strong></span> <span class='ocrx_word' id='word_1_247' title='bbox 1100 624 1282 653; x_wconf 90' lang='lat' dir='ltr'><strong>corrumpens</strong></span> <span class='ocrx_word' id='word_1_248' title='bbox 1306 619 1339 646; x_wconf 85' lang='lat' dir='ltr'><strong>ad</strong></span> <span class='ocrx_word' id='word_1_249' title='bbox 1355 621 1453 648; x_wconf 76' lang='lat' dir='ltr'><strong>cicuta:</strong></span> <span class='ocrx_word' id='word_1_250' title='bbox 1470 623 1598 656; x_wconf 88' lang='lat' dir='ltr'><strong>poculum</strong></span> <span class='ocrx_word' id='word_1_251' title='bbox 1623 623 1769 654; x_wconf 87' lang='lat' dir='ltr'><strong>damnatus</strong></span> 
     </span>
    </p>
   </div>
   <div class='ocr_carea' id='block_1_41' title="bbox 978 663 1462 696">
    <p class='ocr_par' dir='ltr' id='par_1_41' title="bbox 978 663 1462 696">
     <span class='ocr_line' id='line_1_41' title="bbox 978 663 1462 696; baseline 0.017 -9"><span class='ocrx_word' id='word_1_252' title='bbox 978 665 1030 693; x_wconf 86' lang='lat' dir='ltr'><strong>est,</strong></span> <span class='ocrx_word' id='word_1_253' title='bbox 1045 669 1100 696; x_wconf 91' lang='lat' dir='ltr'><strong>quo</strong></span> <span class='ocrx_word' id='word_1_254' title='bbox 1114 663 1214 691; x_wconf 87' lang='lat' dir='ltr'><strong>hausto</strong></span> <span class='ocrx_word' id='word_1_255' title='bbox 1227 672 1242 691; x_wconf 89' lang='lat' dir='ltr'><strong>e</strong></span> <span class='ocrx_word' id='word_1_256' title='bbox 1259 666 1315 693; x_wconf 84' lang='lat' dir='ltr'><strong>vita</strong></span> <span class='ocrx_word' id='word_1_257' title='bbox 1329 668 1462 694; x_wconf 84' lang='lat' dir='ltr'><strong>excessit.</strong></span> 
     </span>
    </p>
   </div>
   <div class='ocr_carea' id='block_1_42' title="bbox 1201 711 1538 746">
    <p class='ocr_par' dir='ltr' id='par_1_42' title="bbox 1201 711 1538 746">
     <span class='ocr_line' id='line_1_42' title="bbox 1201 711 1538 746; baseline 0.015 -10"><span class='ocrx_word' id='word_1_258' title='bbox 1201 711 1242 737; x_wconf 76' lang='grc' dir='ltr'><strong>Μ.</strong></span> <span class='ocrx_word' id='word_1_259' title='bbox 1263 711 1302 738; x_wconf 84' lang='lat' dir='ltr'><strong>De</strong></span> <span class='ocrx_word' id='word_1_260' title='bbox 1323 711 1436 746; x_wconf 77' lang='lat' dir='ltr'><strong>Epicteti</strong></span> <span class='ocrx_word' id='word_1_261' title='bbox 1453 722 1538 742; x_wconf 83' lang='lat' dir='ltr'><strong>crure.</strong></span> 
     </span>
    </p>
   </div>
   <div class='ocr_carea' id='block_1_43' title="bbox 1013 752 1768 796">
    <p class='ocr_par' dir='ltr' id='par_1_43' title="bbox 1013 752 1768 796">
     <span class='ocr_line' id='line_1_43' title="bbox 1013 752 1768 796; baseline 0.017 -17"><span class='ocrx_word' id='word_1_262' title='bbox 1013 752 1151 788; x_wconf 84' lang='lat' dir='ltr'><strong>Epictetus</strong></span> <span class='ocrx_word' id='word_1_263' title='bbox 1177 756 1357 792; x_wconf 89' lang='lat' dir='ltr'><strong>philosophus</strong></span> <span class='ocrx_word' id='word_1_264' title='bbox 1380 763 1450 796; x_wconf 83' lang='lat' dir='ltr'><strong>erat.</strong></span> <span class='ocrx_word' id='word_1_265' title='bbox 1479 760 1550 789; x_wconf 85' lang='lat' dir='ltr'><strong>Huic</strong></span> <span class='ocrx_word' id='word_1_266' title='bbox 1577 770 1592 789; x_wconf 91' lang='lat' dir='ltr'><strong>a</strong></span> <span class='ocrx_word' id='word_1_267' title='bbox 1620 763 1768 792; x_wconf 85' lang='lat' dir='ltr'><strong>Macedone</strong></span> 
     </span>
    </p>
   </div>
   <div class='ocr_carea' id='block_1_44' title="bbox 977 802 1766 838">
    <p class='ocr_par' dir='ltr' id='par_1_44' title="bbox 977 802 1766 838">
     <span class='ocr_line' id='line_1_44' title="bbox 977 802 1766 838; baseline 0.018 -14"><span class='ocrx_word' id='word_1_268' title='bbox 977 802 1095 834; x_wconf 80' lang='lat' dir='ltr'><strong>tyranno</strong></span> <span class='ocrx_word' id='word_1_269' title='bbox 1110 808 1174 829; x_wconf 82' lang='lat' dir='ltr'><strong>crus</strong></span> <span class='ocrx_word' id='word_1_270' title='bbox 1189 803 1308 831; x_wconf 83' lang='lat' dir='ltr'><strong>vinculis</strong></span> <span class='ocrx_word' id='word_1_271' title='bbox 1323 805 1469 832; x_wconf 82' lang='lat' dir='ltr'><strong>astrictum</strong></span> <span class='ocrx_word' id='word_1_272' title='bbox 1485 811 1537 835; x_wconf 89' lang='lat' dir='ltr'><strong>est.</strong></span> <span class='ocrx_word' id='word_1_273' title='bbox 1555 807 1653 836; x_wconf 88' lang='lat' dir='ltr'><strong>Postea</strong></span> <span class='ocrx_word' id='word_1_274' title='bbox 1674 814 1766 838; x_wconf 89' lang='lat' dir='ltr'><strong>autem</strong></span> 
     </span>
    </p>
   </div>
   <div class='ocr_carea' id='block_1_45' title="bbox 977 848 1767 891">
    <p class='ocr_par' dir='ltr' id='par_1_45' title="bbox 977 848 1767 891">
     <span class='ocr_line' id='line_1_45' title="bbox 977 848 1767 891; baseline 0.018 -21"><span class='ocrx_word' id='word_1_275' title='bbox 977 852 1039 871; x_wconf 93' lang='lat' dir='ltr'><strong>cum</strong></span> <span class='ocrx_word' id='word_1_276' title='bbox 1057 853 1120 873; x_wconf 87' lang='lat' dir='ltr'><strong>eum</strong></span> <span class='ocrx_word' id='word_1_277' title='bbox 1136 848 1243 875; x_wconf 89' lang='lat' dir='ltr'><strong>solvere</strong></span> <span class='ocrx_word' id='word_1_278' title='bbox 1260 856 1392 885; x_wconf 82' lang='lat' dir='ltr'><strong>tyrannus</strong></span> <span class='ocrx_word' id='word_1_279' title='bbox 1405 853 1497 884; x_wconf 86' lang='lat' dir='ltr'><strong>vellet.</strong></span> <span class='ocrx_word' id='word_1_280' title='bbox 1511 862 1543 880; x_wconf 78' lang='lat' dir='ltr'><strong>ex</strong></span> <span class='ocrx_word' id='word_1_281' title='bbox 1559 862 1648 890; x_wconf 84' lang='lat' dir='ltr'><strong>eoque</strong></span> <span class='ocrx_word' id='word_1_282' title='bbox 1663 864 1767 891; x_wconf 73' lang='lat' dir='ltr'><strong>quaere-</strong></span> 
     </span>
    </p>
   </div>
   <div class='ocr_carea' id='block_1_46' title="bbox 977 889 1766 936">
    <p class='ocr_par' dir='ltr' id='par_1_46' title="bbox 977 889 1766 936">
     <span class='ocr_line' id='line_1_46' title="bbox 977 889 1766 936; baseline 0.019 -21"><span class='ocrx_word' id='word_1_283' title='bbox 977 894 1038 916; x_wconf 79' lang='lat' dir='ltr'><strong>ret:</strong></span> <span class='ocrx_word' id='word_1_284' title='bbox 1058 889 1152 924; x_wconf 85' lang='lat' dir='ltr'><strong>Visne,</strong></span> <span class='ocrx_word' id='word_1_285' title='bbox 1169 891 1299 927; x_wconf 84' lang='lat' dir='ltr'><strong>Epictete,</strong></span> <span class='ocrx_word' id='word_1_286' title='bbox 1324 900 1349 922; x_wconf 91' lang='lat' dir='ltr'><strong>te</strong></span> <span class='ocrx_word' id='word_1_287' title='bbox 1366 897 1490 924; x_wconf 80' lang='lat' dir='ltr'><strong>solvam?</strong></span> <span class='ocrx_word' id='word_1_288' title='bbox 1512 889 1714 936; x_wconf 22' lang='lat' dir='ltr'><strong>Quidainquit.</strong></span> <span class='ocrx_word' id='word_1_289' title='bbox 1731 910 1766 930; x_wconf 88' lang='lat' dir='ltr'><strong>an</strong></span> 
     </span>
    </p>
   </div>
   <div class='ocr_carea' id='block_1_47' title="bbox 975 938 1766 982">
    <p class='ocr_par' dir='ltr' id='par_1_47' title="bbox 975 938 1766 982">
     <span class='ocr_line' id='line_1_47' title="bbox 975 938 1766 982; baseline 0.019 -21"><span class='ocrx_word' id='word_1_290' title='bbox 975 943 1036 962; x_wconf 83' lang='lat' dir='ltr'><strong>sum</strong></span> <span class='ocrx_word' id='word_1_291' title='bbox 1063 938 1219 966; x_wconf 84' lang='lat' dir='ltr'><strong>astrictus?</strong></span> <span class='ocrx_word' id='word_1_292' title='bbox 1237 939 1342 972; x_wconf 84' lang='lat' dir='ltr'><strong>Quibus</strong></span> <span class='ocrx_word' id='word_1_293' title='bbox 1360 943 1485 971; x_wconf 86' lang='lat' dir='ltr'><strong>videlicet</strong></span> <span class='ocrx_word' id='word_1_294' title='bbox 1500 946 1590 972; x_wconf 87' lang='lat' dir='ltr'><strong>verbis</strong></span> <span class='ocrx_word' id='word_1_295' title='bbox 1610 947 1662 974; x_wconf 90' lang='lat' dir='ltr'><strong>hoc</strong></span> <span class='ocrx_word' id='word_1_296' title='bbox 1678 948 1748 982; x_wconf 88' lang='lat' dir='ltr'><strong>signi</strong></span> <span class='ocrx_word' id='word_1_297' title='bbox 1763 966 1766 970; x_wconf 95' lang='lat'><strong><em>-</em></strong></span> 
     </span>
    </p>
   </div>
   <div class='ocr_carea' id='block_1_48' title="bbox 974 980 1763 1024">
    <p class='ocr_par' dir='ltr' id='par_1_48' title="bbox 974 980 1763 1024">
     <span class='ocr_line' id='line_1_48' title="bbox 974 980 1763 1024; baseline 0.02 -17"><span class='ocrx_word' id='word_1_298' title='bbox 974 980 1083 1013; x_wconf 86' lang='lat' dir='ltr'><strong>licabat,</strong></span> <span class='ocrx_word' id='word_1_299' title='bbox 1097 983 1215 1012; x_wconf 86' lang='lat' dir='ltr'><strong>animam</strong></span> <span class='ocrx_word' id='word_1_300' title='bbox 1234 994 1311 1013; x_wconf 89' lang='lat' dir='ltr'><strong>suam</strong></span> <span class='ocrx_word' id='word_1_301' title='bbox 1335 996 1507 1024; x_wconf 79' lang='lat' dir='ltr'><strong>nequaquam</strong></span> <span class='ocrx_word' id='word_1_302' title='bbox 1530 992 1649 1020; x_wconf 78' lang='lat' dir='ltr'><strong>vinctam</strong></span> <span class='ocrx_word' id='word_1_303' title='bbox 1666 994 1763 1023; x_wconf 81' lang='lat' dir='ltr'><strong>fuisse.</strong></span> 
     </span>
    </p>
   </div>
   <div class='ocr_carea' id='block_1_49' title="bbox 974 1025 1744 1070">
    <p class='ocr_par' dir='ltr' id='par_1_49' title="bbox 974 1025 1744 1070">
     <span class='ocr_line' id='line_1_49' title="bbox 974 1025 1744 1070; baseline 0.019 -17"><span class='ocrx_word' id='word_1_304' title='bbox 974 1025 1069 1063; x_wconf 86' lang='lat' dir='ltr'><strong>Itaque</strong></span> <span class='ocrx_word' id='word_1_305' title='bbox 1085 1036 1139 1057; x_wconf 89' lang='lat' dir='ltr'><strong>non</strong></span> <span class='ocrx_word' id='word_1_306' title='bbox 1152 1038 1253 1065; x_wconf 90' lang='lat' dir='ltr'><strong>corpus</strong></span> <span class='ocrx_word' id='word_1_307' title='bbox 1269 1032 1351 1061; x_wconf 85' lang='lat' dir='ltr'><strong>homo</strong></span> <span class='ocrx_word' id='word_1_308' title='bbox 1371 1043 1433 1063; x_wconf 88' lang='lat' dir='ltr'><strong>esse</strong></span> <span class='ocrx_word' id='word_1_309' title='bbox 1448 1037 1560 1070; x_wconf 79' lang='lat' dir='ltr'><strong>dicitur,</strong></span> <span class='ocrx_word' id='word_1_310' title='bbox 1578 1039 1624 1066; x_wconf 91' lang='lat' dir='ltr'><strong>sed</strong></span> <span class='ocrx_word' id='word_1_311' title='bbox 1642 1041 1744 1069; x_wconf 88' lang='lat' dir='ltr'><strong>anima.</strong></span> 
     </span>
    </p>
   </div>
   <div class='ocr_carea' id='block_1_50' title="bbox 1220 1077 1510 1109">
    <p class='ocr_par' dir='ltr' id='par_1_50' title="bbox 1220 1077 1510 1109">
     <span class='ocr_line' id='line_1_50' title="bbox 1220 1077 1510 1109; baseline 0.021 -6"><span class='ocrx_word' id='word_1_312' title='bbox 1220 1077 1264 1104; x_wconf 76' lang='grc'><strong>15.</strong></span> <span class='ocrx_word' id='word_1_313' title='bbox 1284 1078 1324 1105; x_wconf 78' lang='lat' dir='ltr'><strong>De</strong></span> <span class='ocrx_word' id='word_1_314' title='bbox 1340 1080 1510 1109; x_wconf 68' lang='lat' dir='ltr'><strong>Anaxarcho.</strong></span> 
     </span>
    </p>
   </div>
   <div class='ocr_carea' id='block_1_51' title="bbox 1009 1117 1764 1163">
    <p class='ocr_par' dir='ltr' id='par_1_51' title="bbox 1009 1117 1764 1163">
     <span class='ocr_line' id='line_1_51' title="bbox 1009 1117 1764 1163; baseline 0.021 -18"><span class='ocrx_word' id='word_1_315' title='bbox 1009 1117 1188 1149; x_wconf 79' lang='lat' dir='ltr'><strong>Anaxarchus</strong></span> <span class='ocrx_word' id='word_1_316' title='bbox 1215 1123 1414 1160; x_wconf 88' lang='lat' dir='ltr'><strong>philosophiam</strong></span> <span class='ocrx_word' id='word_1_317' title='bbox 1443 1129 1631 1163; x_wconf 82' lang='lat' dir='ltr'><strong>proﬁtebatur.</strong></span> <span class='ocrx_word' id='word_1_318' title='bbox 1657 1131 1706 1160; x_wconf 85' lang='lat' dir='ltr'><strong>ilic</strong></span> <span class='ocrx_word' id='word_1_319' title='bbox 1729 1134 1764 1162; x_wconf 88' lang='lat' dir='ltr'><strong>ab</strong></span> 
     </span>
    </p>
   </div>
   <div class='ocr_carea' id='block_1_52' title="bbox 973 1163 1762 1210">
    <p class='ocr_par' dir='ltr' id='par_1_52' title="bbox 973 1163 1762 1210">
     <span class='ocr_line' id='line_1_52' title="bbox 973 1163 1762 1210; baseline 0.023 -21"><span class='ocrx_word' id='word_1_320' title='bbox 973 1163 1108 1193; x_wconf 82' lang='lat' dir='ltr'><strong>Archelao</strong></span> <span class='ocrx_word' id='word_1_321' title='bbox 1128 1171 1244 1202; x_wconf 81' lang='lat' dir='ltr'><strong>tyranno</strong></span> <span class='ocrx_word' id='word_1_322' title='bbox 1268 1177 1413 1207; x_wconf 88' lang='lat' dir='ltr'><strong>correptus</strong></span> <span class='ocrx_word' id='word_1_323' title='bbox 1435 1179 1518 1210; x_wconf 90' lang='lat' dir='ltr'><strong>atque</strong></span> <span class='ocrx_word' id='word_1_324' title='bbox 1543 1176 1571 1203; x_wconf 93' lang='lat' dir='ltr'><strong>in</strong></span> <span class='ocrx_word' id='word_1_325' title='bbox 1599 1180 1762 1208; x_wconf 86' lang='lat' dir='ltr'><strong>mortarium</strong></span> 
     </span>
    </p>
   </div>
   <div class='ocr_carea' id='block_1_53' title="bbox 973 1209 1762 1253">
    <p class='ocr_par' dir='ltr' id='par_1_53' title="bbox 973 1209 1762 1253">
     <span class='ocr_line' id='line_1_53' title="bbox 973 1209 1762 1253; baseline 0.023 -18"><span class='ocrx_word' id='word_1_326' title='bbox 973 1209 1116 1243; x_wconf 90' lang='lat' dir='ltr'><strong>conjectus</strong></span> <span class='ocrx_word' id='word_1_327' title='bbox 1129 1213 1219 1248; x_wconf 84' lang='lat' dir='ltr'><strong>lignea</strong></span> <span class='ocrx_word' id='word_1_328' title='bbox 1233 1216 1301 1244; x_wconf 87' lang='lat' dir='ltr'><strong>sude</strong></span> <span class='ocrx_word' id='word_1_329' title='bbox 1313 1209 1489 1249; x_wconf 76' lang='lat' dir='ltr'><strong>tundebatur.</strong></span> <span class='ocrx_word' id='word_1_330' title='bbox 1507 1222 1671 1251; x_wconf 82' lang='grc' dir='ltr'>Πτίσσεσθαι</span> <span class='ocrx_word' id='word_1_331' title='bbox 1687 1226 1762 1253; x_wconf 87' lang='lat' dir='ltr'><strong>enim</strong></span> 
     </span>
    </p>
   </div>
   <div class='ocr_carea' id='block_1_54' title="bbox 972 1256 1762 1302">
    <p class='ocr_par' dir='ltr' id='par_1_54' title="bbox 972 1256 1762 1302">
     <span class='ocr_line' id='line_1_54' title="bbox 972 1256 1762 1302; baseline 0.024 -22"><span class='ocrx_word' id='word_1_332' title='bbox 972 1259 1014 1281; x_wconf 86' lang='lat' dir='ltr'><strong>est</strong></span> <span class='ocrx_word' id='word_1_333' title='bbox 1030 1256 1161 1290; x_wconf 63' lang='lat' dir='ltr'><strong>ptissana:</strong></span> <span class='ocrx_word' id='word_1_334' title='bbox 1185 1260 1274 1288; x_wconf 83' lang='lat' dir='ltr'><strong>instar</strong></span> <span class='ocrx_word' id='word_1_335' title='bbox 1290 1265 1381 1296; x_wconf 83' lang='lat' dir='ltr'><strong>atteri,</strong></span> <span class='ocrx_word' id='word_1_336' title='bbox 1404 1267 1477 1294; x_wconf 84' lang='lat' dir='ltr'><strong>unde</strong></span> <span class='ocrx_word' id='word_1_337' title='bbox 1501 1271 1527 1294; x_wconf 90' lang='lat' dir='ltr'><strong>et</strong></span> <span class='ocrx_word' id='word_1_338' title='bbox 1546 1269 1670 1302; x_wconf 80' lang='lat' dir='ltr'><strong>ptissana</strong></span> <span class='ocrx_word' id='word_1_339' title='bbox 1689 1270 1762 1299; x_wconf 86' lang='lat' dir='ltr'><strong>dicta</strong></span> 
     </span>
    </p>
   </div>
   <div class='ocr_carea' id='block_1_55' title="bbox 971 1302 1762 1350">
    <p class='ocr_par' dir='ltr' id='par_1_55' title="bbox 971 1302 1762 1350">
     <span class='ocr_line' id='line_1_55' title="bbox 971 1302 1762 1350; baseline 0.023 -23"><span class='ocrx_word' id='word_1_340' title='bbox 971 1305 1023 1328; x_wconf 86' lang='lat' dir='ltr'><strong>est.</strong></span> <span class='ocrx_word' id='word_1_341' title='bbox 1040 1302 1108 1330; x_wconf 83' lang='lat' dir='ltr'><strong>Cum</strong></span> <span class='ocrx_word' id='word_1_342' title='bbox 1123 1312 1188 1340; x_wconf 87' lang='lat' dir='ltr'><strong>ergo</strong></span> <span class='ocrx_word' id='word_1_343' title='bbox 1203 1309 1377 1342; x_wconf 88' lang='lat' dir='ltr'><strong>tunderetur.</strong></span> <span class='ocrx_word' id='word_1_344' title='bbox 1396 1312 1501 1345; x_wconf 83' lang='lat' dir='ltr'><strong>Tunde,</strong></span> <span class='ocrx_word' id='word_1_345' title='bbox 1520 1314 1619 1350; x_wconf 88' lang='lat' dir='ltr'><strong>inquit,</strong></span> <span class='ocrx_word' id='word_1_346' title='bbox 1637 1317 1762 1344; x_wconf 76' lang='lat' dir='ltr'><strong>Anaxar—</strong></span> 
     </span>
    </p>
   </div>
   <div class='ocr_carea' id='block_1_56' title="bbox 972 1345 1761 1391">
    <p class='ocr_par' dir='ltr' id='par_1_56' title="bbox 972 1345 1761 1391">
     <span class='ocr_line' id='line_1_56' title="bbox 972 1345 1761 1391; baseline 0.023 -19"><span class='ocrx_word' id='word_1_347' title='bbox 972 1345 1015 1372; x_wconf 92' lang='lat' dir='ltr'><strong>chi</strong></span> <span class='ocrx_word' id='word_1_348' title='bbox 1040 1353 1144 1383; x_wconf 86' lang='lat' dir='ltr'><strong>utrem;</strong></span> <span class='ocrx_word' id='word_1_349' title='bbox 1168 1359 1258 1387; x_wconf 89' lang='lat' dir='ltr'><strong>neque</strong></span> <span class='ocrx_word' id='word_1_350' title='bbox 1275 1355 1347 1382; x_wconf 89' lang='lat' dir='ltr'><strong>enim</strong></span> <span class='ocrx_word' id='word_1_351' title='bbox 1372 1357 1564 1386; x_wconf 76' lang='lat' dir='ltr'><strong>Anaxarchum</strong></span> <span class='ocrx_word' id='word_1_352' title='bbox 1587 1361 1690 1389; x_wconf 85' lang='lat' dir='ltr'><strong>tundis.</strong></span> <span class='ocrx_word' id='word_1_353' title='bbox 1713 1362 1761 1391; x_wconf 90' lang='lat' dir='ltr'><strong>llis</strong></span> 
     </span>
    </p>
   </div>
   <div class='ocr_carea' id='block_1_57' title="bbox 972 1391 1760 1441">
    <p class='ocr_par' dir='ltr' id='par_1_57' title="bbox 972 1391 1760 1441">
     <span class='ocr_line' id='line_1_57' title="bbox 972 1391 1760 1441; baseline 0.024 -24"><span class='ocrx_word' id='word_1_354' title='bbox 972 1391 1102 1441; x_wconf 75' lang='lat' dir='ltr'><strong>nimirum</strong></span> <span class='ocrx_word' id='word_1_355' title='bbox 1121 1397 1223 1429; x_wconf 85' lang='lat' dir='ltr'><strong>verbis,</strong></span> <span class='ocrx_word' id='word_1_356' title='bbox 1246 1403 1276 1426; x_wconf 94' lang='lat' dir='ltr'><strong>ut</strong></span> <span class='ocrx_word' id='word_1_357' title='bbox 1301 1401 1493 1437; x_wconf 87' lang='lat' dir='ltr'><strong>philosophus,</strong></span> <span class='ocrx_word' id='word_1_358' title='bbox 1517 1406 1676 1441; x_wconf 69' lang='lat' dir='ltr'><strong>suguiﬁcans</strong></span> <span class='ocrx_word' id='word_1_359' title='bbox 1697 1409 1760 1435; x_wconf 93' lang='lat' dir='ltr'><strong>nul-</strong></span> 
     </span>
    </p>
   </div>
   <div class='ocr_carea' id='block_1_58' title="bbox 972 1435 1518 1475">
    <p class='ocr_par' dir='ltr' id='par_1_58' title="bbox 972 1435 1518 1475">
     <span class='ocr_line' id='line_1_58' title="bbox 972 1435 1518 1475; baseline 0.024 -13"><span class='ocrx_word' id='word_1_360' title='bbox 972 1435 1024 1463; x_wconf 83' lang='lat' dir='ltr'><strong>lam</strong></span> <span class='ocrx_word' id='word_1_361' title='bbox 1040 1440 1166 1473; x_wconf 88' lang='lat' dir='ltr'><strong>corporis</strong></span> <span class='ocrx_word' id='word_1_362' title='bbox 1186 1443 1319 1471; x_wconf 86' lang='lat' dir='ltr'><strong>rationem</strong></span> <span class='ocrx_word' id='word_1_363' title='bbox 1335 1453 1349 1471; x_wconf 87' lang='lat' dir='ltr'><strong>a</strong></span> <span class='ocrx_word' id='word_1_364' title='bbox 1369 1454 1399 1473; x_wconf 90' lang='lat' dir='ltr'><strong>se</strong></span> <span class='ocrx_word' id='word_1_365' title='bbox 1412 1447 1518 1475; x_wconf 88' lang='lat' dir='ltr'><strong>haberi.</strong></span> 
     </span>
    </p>
   </div>
   <div class='ocr_carea' id='block_1_59' title="bbox 1174 1489 1561 1524">
    <p class='ocr_par' dir='ltr' id='par_1_59' title="bbox 1174 1489 1561 1524">
     <span class='ocr_line' id='line_1_59' title="bbox 1174 1489 1561 1524; baseline 0.021 -9"><span class='ocrx_word' id='word_1_366' title='bbox 1174 1489 1217 1516; x_wconf 77' lang='grc'><strong>16.</strong></span> <span class='ocrx_word' id='word_1_367' title='bbox 1239 1490 1278 1517; x_wconf 80' lang='lat' dir='ltr'><strong>De</strong></span> <span class='ocrx_word' id='word_1_368' title='bbox 1297 1492 1368 1518; x_wconf 78' lang='lat' dir='ltr'><strong>saltu</strong></span> <span class='ocrx_word' id='word_1_369' title='bbox 1389 1493 1561 1524; x_wconf 80' lang='lat' dir='ltr'><strong>Cleombroti.</strong></span> 
     </span>
    </p>
   </div>
   <div class='ocr_carea' id='block_1_60' title="bbox 163 1540 932 1591">
    <p class='ocr_par' dir='ltr' id='par_1_60' title="bbox 163 1552 917 1589">
     <span class='ocr_line' id='line_1_60' title="bbox 163 1552 917 1589; baseline 0.004 -11"><span class='ocrx_word' id='word_1_370' title='bbox 163 1552 356 1588; x_wconf 77' lang='grc' dir='ltr'>Κλεόμϐροτος</span> <span class='ocrx_word' id='word_1_371' title='bbox 386 1553 597 1589; x_wconf 79' lang='grc' dir='ltr'>Ἀμϐρακιώτης</span> <span class='ocrx_word' id='word_1_372' title='bbox 615 1554 645 1580; x_wconf 81' lang='grc' dir='ltr'>τὸ</span> <span class='ocrx_word' id='word_1_373' title='bbox 668 1554 756 1587; x_wconf 80' lang='grc' dir='ltr'>γένος.</span> <span class='ocrx_word' id='word_1_374' title='bbox 781 1554 861 1586; x_wconf 85' lang='grc' dir='ltr'>Πόλις</span> <span class='ocrx_word' id='word_1_375' title='bbox 889 1555 917 1581; x_wconf 85' lang='grc' dir='ltr'>δὲ</span> 
     </span>
    </p>
   </div>
   <div class='ocr_carea' id='block_1_61' title="bbox 969 1540 1759 1591">
    <p class='ocr_par' dir='ltr' id='par_1_61' title="bbox 1003 1542 1759 1591">
     <span class='ocr_line' id='line_1_61' title="bbox 1003 1542 1759 1591; baseline 0.021 -22"><span class='ocrx_word' id='word_1_376' title='bbox 1003 1542 1196 1572; x_wconf 82' lang='lat' dir='ltr'><strong>Cleombrotus</strong></span> <span class='ocrx_word' id='word_1_377' title='bbox 1210 1547 1417 1583; x_wconf 78' lang='lat' dir='ltr'><strong>Annbraciotes,</strong></span> <span class='ocrx_word' id='word_1_378' title='bbox 1435 1560 1496 1587; x_wconf 66' lang='lat' dir='ltr'><strong>qua:</strong></span> <span class='ocrx_word' id='word_1_379' title='bbox 1512 1555 1611 1582; x_wconf 84' lang='lat' dir='ltr'><strong>veteris</strong></span> <span class='ocrx_word' id='word_1_380' title='bbox 1631 1555 1705 1591; x_wconf 86' lang='lat' dir='ltr'><strong>Epiri</strong></span> <span class='ocrx_word' id='word_1_381' title='bbox 1719 1558 1759 1585; x_wconf 88' lang='lat' dir='ltr'><strong>ei—</strong></span> 
     </span>
    </p>
   </div>
   <div class='ocr_carea' id='block_1_62' title="bbox 130 1597 916 1634">
    <p class='ocr_par' dir='ltr' id='par_1_62' title="bbox 130 1597 916 1634">
     <span class='ocr_line' id='line_1_62' title="bbox 130 1597 916 1634; baseline 0 -10"><span class='ocrx_word' id='word_1_382' title='bbox 130 1597 197 1633; x_wconf 79' lang='grc' dir='ltr'>αὖτη</span> <span class='ocrx_word' id='word_1_383' title='bbox 214 1599 261 1624; x_wconf 76' lang='grc' dir='ltr'>ἐπὶ</span> <span class='ocrx_word' id='word_1_384' title='bbox 276 1598 325 1633; x_wconf 84' lang='grc' dir='ltr'>τῆς</span> <span class='ocrx_word' id='word_1_385' title='bbox 340 1597 458 1630; x_wconf 84' lang='grc' dir='ltr'>παλαιᾶς</span> <span class='ocrx_word' id='word_1_386' title='bbox 480 1598 619 1634; x_wconf 80' lang='grc' dir='ltr'>Ἠπείρου.</span> <span class='ocrx_word' id='word_1_387' title='bbox 641 1597 773 1633; x_wconf 78' lang='grc' dir='ltr'>Ἐντυχὼν</span> <span class='ocrx_word' id='word_1_388' title='bbox 788 1597 827 1633; x_wconf 83' lang='grc' dir='ltr'>τῷ</span> <span class='ocrx_word' id='word_1_389' title='bbox 846 1598 916 1624; x_wconf 80' lang='grc' dir='ltr'>Φαί-</span> 
     </span>
    </p>
   </div>
   <div class='ocr_carea' id='block_1_63' title="bbox 130 1642 917 1678">
    <p class='ocr_par' dir='ltr' id='par_1_63' title="bbox 130 1642 917 1678">
     <span class='ocr_line' id='line_1_63' title="bbox 130 1642 917 1678; baseline 0.001 -9"><span class='ocrx_word' id='word_1_390' title='bbox 130 1642 209 1674; x_wconf 76' lang='grc' dir='ltr'>δωνι,</span> <span class='ocrx_word' id='word_1_391' title='bbox 223 1643 263 1677; x_wconf 84' lang='grc' dir='ltr'>τῷ</span> <span class='ocrx_word' id='word_1_392' title='bbox 274 1643 339 1678; x_wconf 76' lang='grc' dir='ltr'>περὶ</span> <span class='ocrx_word' id='word_1_393' title='bbox 351 1643 442 1678; x_wconf 80' lang='grc' dir='ltr'>ψυχῆς</span> <span class='ocrx_word' id='word_1_394' title='bbox 451 1643 569 1678; x_wconf 81' lang='grc' dir='ltr'>διαλόγῳ</span> <span class='ocrx_word' id='word_1_395' title='bbox 580 1643 733 1676; x_wconf 85' lang='grc' dir='ltr'>Πλάτωνος,</span> <span class='ocrx_word' id='word_1_396' title='bbox 747 1644 794 1670; x_wconf 71' lang='grc' dir='ltr'>καὶ</span> <span class='ocrx_word' id='word_1_397' title='bbox 811 1643 917 1678; x_wconf 79' lang='grc' dir='ltr'>μαθὼν,</span> 
     </span>
    </p>
   </div>
   <div class='ocr_carea' id='block_1_64' title="bbox 130 1688 915 1725">
    <p class='ocr_par' dir='ltr' id='par_1_64' title="bbox 130 1688 915 1725">
     <span class='ocr_line' id='line_1_64' title="bbox 130 1688 915 1725; baseline 0.003 -11"><span class='ocrx_word' id='word_1_398' title='bbox 130 1688 165 1720; x_wconf 81' lang='grc' dir='ltr'><strong>ὡς</strong></span> <span class='ocrx_word' id='word_1_399' title='bbox 189 1689 302 1724; x_wconf 77' lang='grc' dir='ltr'>ἄμεινόν</span> <span class='ocrx_word' id='word_1_400' title='bbox 319 1690 377 1715; x_wconf 79' lang='grc' dir='ltr'>ἐστι</span> <span class='ocrx_word' id='word_1_401' title='bbox 392 1690 425 1724; x_wconf 84' lang='grc' dir='ltr'><strong>τῇ</strong></span> <span class='ocrx_word' id='word_1_402' title='bbox 441 1689 514 1725; x_wconf 77' lang='grc' dir='ltr'>ψυχῇ</span> <span class='ocrx_word' id='word_1_403' title='bbox 528 1690 542 1715; x_wconf 83' lang='grc' dir='ltr'>ὁ</span> <span class='ocrx_word' id='word_1_404' title='bbox 565 1689 703 1725; x_wconf 81' lang='grc' dir='ltr'>χωρισμὸς</span> <span class='ocrx_word' id='word_1_405' title='bbox 714 1689 762 1716; x_wconf 77' lang='grc' dir='ltr'>τοῦ</span> <span class='ocrx_word' id='word_1_406' title='bbox 781 1689 915 1725; x_wconf 86' lang='grc' dir='ltr'>σώματος,</span> 
     </span>
    </p>
   </div>
   <div class='ocr_carea' id='block_1_65' title="bbox 129 1734 916 1770">
    <p class='ocr_par' dir='ltr' id='par_1_65' title="bbox 129 1734 916 1770">
     <span class='ocr_line' id='line_1_65' title="bbox 129 1734 916 1770; baseline 0.003 -10"><span class='ocrx_word' id='word_1_407' title='bbox 129 1734 239 1770; x_wconf 64' lang='grc' dir='ltr'>ἔρριψεν</span> <span class='ocrx_word' id='word_1_408' title='bbox 258 1734 354 1761; x_wconf 78' lang='grc' dir='ltr'>ἑαυτὸν</span> <span class='ocrx_word' id='word_1_409' title='bbox 378 1735 432 1761; x_wconf 76' lang='grc' dir='ltr'><strong>ἀπὸ</strong></span> <span class='ocrx_word' id='word_1_410' title='bbox 445 1734 492 1761; x_wconf 86' lang='grc' dir='ltr'>τοῦ</span> <span class='ocrx_word' id='word_1_411' title='bbox 512 1734 629 1769; x_wconf 82' lang='grc' dir='ltr'><strong>τείχους,</strong></span> <span class='ocrx_word' id='word_1_412' title='bbox 649 1735 695 1761; x_wconf 83' lang='grc' dir='ltr'><strong>καὶ</strong></span> <span class='ocrx_word' id='word_1_413' title='bbox 709 1735 839 1768; x_wconf 79' lang='grc' dir='ltr'>τέθνηκεν</span> <span class='ocrx_word' id='word_1_414' title='bbox 851 1743 858 1750; x_wconf 93' lang='grc'><strong>·</strong></span> <span class='ocrx_word' id='word_1_415' title='bbox 873 1735 916 1762; x_wconf 76' lang='grc' dir='ltr'>ἵνα</span> 
     </span>
    </p>
   </div>
   <div class='ocr_carea' id='block_1_66' title="bbox 129 1779 913 1817">
    <p class='ocr_par' dir='ltr' id='par_1_66' title="bbox 129 1779 913 1817">
     <span class='ocr_line' id='line_1_66' title="bbox 129 1779 913 1817; baseline 0.004 -11"><span class='ocrx_word' id='word_1_416' title='bbox 129 1780 206 1815; x_wconf 78' lang='grc' dir='ltr'>δῆθεν</span> <span class='ocrx_word' id='word_1_417' title='bbox 217 1782 234 1816; x_wconf 86' lang='grc' dir='ltr'>ἡ</span> <span class='ocrx_word' id='word_1_418' title='bbox 245 1779 319 1815; x_wconf 69' lang='grc' dir='ltr'>ψυχὴ</span> <span class='ocrx_word' id='word_1_419' title='bbox 333 1780 415 1807; x_wconf 77' lang='grc' dir='ltr'>αὑτοῦ</span> <span class='ocrx_word' id='word_1_420' title='bbox 427 1780 574 1814; x_wconf 74' lang='grc' dir='ltr'>ἐξελθοῦσα</span> <span class='ocrx_word' id='word_1_421' title='bbox 585 1781 707 1817; x_wconf 81' lang='grc' dir='ltr'>χωρισθῇ</span> <span class='ocrx_word' id='word_1_422' title='bbox 715 1781 762 1807; x_wconf 82' lang='grc' dir='ltr'>τοῦ</span> <span class='ocrx_word' id='word_1_423' title='bbox 779 1780 913 1817; x_wconf 80' lang='grc' dir='ltr'>σώματος.</span> 
     </span>
    </p>
   </div>
   <div class='ocr_carea' id='block_1_67' title="bbox 339 1867 691 1904">
    <p class='ocr_par' dir='ltr' id='par_1_67' title="bbox 339 1867 691 1904">
     <span class='ocr_line' id='line_1_67' title="bbox 339 1867 691 1904; baseline 0.011 -12"><span class='ocrx_word' id='word_1_424' title='bbox 339 1867 381 1899; x_wconf 78' lang='grc' dir='ltr'><strong>ιζ’.</strong></span> <span class='ocrx_word' id='word_1_425' title='bbox 401 1867 470 1900; x_wconf 77' lang='grc' dir='ltr'><strong>Περὶ</strong></span> <span class='ocrx_word' id='word_1_426' title='bbox 485 1868 545 1894; x_wconf 83' lang='grc' dir='ltr'><strong>τῶν</strong></span> <span class='ocrx_word' id='word_1_427' title='bbox 559 1868 691 1904; x_wconf 79' lang='grc' dir='ltr'><em>κυάμων.</em></span> 
     </span>
    </p>
   </div>
   <div class='ocr_carea' id='block_1_68' title="bbox 161 1915 930 1963">
    <p class='ocr_par' dir='ltr' id='par_1_68' title="bbox 161 1915 930 1963">
     <span class='ocr_line' id='line_1_68' title="bbox 161 1915 930 1963; baseline 0.009 -16"><span class='ocrx_word' id='word_1_428' title='bbox 161 1921 343 1958; x_wconf 81' lang='grc' dir='ltr'>Πυθαγόρειοι</span> <span class='ocrx_word' id='word_1_429' title='bbox 360 1915 438 1958; x_wconf 62' lang='grc' dir='ltr'>γένος</span> <span class='ocrx_word' id='word_1_430' title='bbox 460 1925 625 1959; x_wconf 81' lang='grc' dir='ltr'>φιλοσόφων,</span> <span class='ocrx_word' id='word_1_431' title='bbox 642 1927 675 1952; x_wconf 84' lang='grc' dir='ltr'>ὲκ</span> <span class='ocrx_word' id='word_1_432' title='bbox 690 1926 848 1963; x_wconf 80' lang='grc' dir='ltr'>Πυθαγόρου</span> <span class='ocrx_word' id='word_1_433' title='bbox 867 1928 914 1954; x_wconf 83' lang='grc' dir='ltr'>τοῦ</span> <span class='ocrx_word' id='word_1_434' title='bbox 928 1958 930 1963; x_wconf 83' lang='lat'><em>_</em></span> 
     </span>
    </p>
   </div>
   <div class='ocr_carea' id='block_1_69' title="bbox 127 1966 914 2008">
    <p class='ocr_par' dir='ltr' id='par_1_69' title="bbox 127 1966 914 2008">
     <span class='ocr_line' id='line_1_69' title="bbox 127 1966 914 2008; baseline 0.008 -14"><span class='ocrx_word' id='word_1_435' title='bbox 127 1967 241 2002; x_wconf 79' lang='grc' dir='ltr'>Σαμίου.</span> <span class='ocrx_word' id='word_1_436' title='bbox 266 1966 347 1996; x_wconf 74' lang='grc' dir='ltr'>Οὗτοι</span> <span class='ocrx_word' id='word_1_437' title='bbox 372 1969 405 1996; x_wconf 76' lang='grc' dir='ltr'>δι’</span> <span class='ocrx_word' id='word_1_438' title='bbox 432 1971 601 2007; x_wconf 73' lang='grc' dir='ltr'>αἰνιγμάτων</span> <span class='ocrx_word' id='word_1_439' title='bbox 617 1971 651 1998; x_wconf 82' lang='grc' dir='ltr'><strong>τὰ</strong></span> <span class='ocrx_word' id='word_1_440' title='bbox 676 1973 725 2008; x_wconf 85' lang='grc' dir='ltr'>τῆς</span> <span class='ocrx_word' id='word_1_441' title='bbox 752 1973 914 2007; x_wconf 78' lang='grc' dir='ltr'>φολοσοφίας</span> 
     </span>
    </p>
   </div>
   <div class='ocr_carea' id='block_1_70' title="bbox 127 2013 913 2053">
    <p class='ocr_par' dir='ltr' id='par_1_70' title="bbox 127 2013 913 2053">
     <span class='ocr_line' id='line_1_70' title="bbox 127 2013 913 2053; baseline 0.006 -13"><span class='ocrx_word' id='word_1_442' title='bbox 127 2013 279 2048; x_wconf 75' lang='grc' dir='ltr'>ἐμάνθανον</span> <span class='ocrx_word' id='word_1_443' title='bbox 293 2015 426 2050; x_wconf 80' lang='grc' dir='ltr'>δόγματα.</span> <span class='ocrx_word' id='word_1_444' title='bbox 450 2017 609 2052; x_wconf 83' lang='grc' dir='ltr'>Παρεδίδοτο</span> <span class='ocrx_word' id='word_1_445' title='bbox 624 2018 652 2044; x_wconf 86' lang='grc' dir='ltr'>δὲ</span> <span class='ocrx_word' id='word_1_446' title='bbox 675 2019 744 2053; x_wconf 84' lang='grc' dir='ltr'>μετὰ</span> <span class='ocrx_word' id='word_1_447' title='bbox 759 2019 813 2045; x_wconf 87' lang='grc' dir='ltr'>τῶν</span> <span class='ocrx_word' id='word_1_448' title='bbox 826 2019 913 2046; x_wconf 79' lang='grc' dir='ltr'>ἄλλων</span> 
     </span>
    </p>
   </div>
   <div class='ocr_carea' id='block_1_71' title="bbox 127 2060 914 2098">
    <p class='ocr_par' dir='ltr' id='par_1_71' title="bbox 127 2060 914 2098">
     <span class='ocr_line' id='line_1_71' title="bbox 127 2060 914 2098; baseline 0.009 -13"><span class='ocrx_word' id='word_1_449' title='bbox 127 2060 268 2086; x_wconf 51' lang='grc' dir='ltr'>καὶτοῦτο</span> <span class='ocrx_word' id='word_1_450' title='bbox 290 2061 321 2087; x_wconf 70' lang='grc' dir='ltr'>τὸ</span> <span class='ocrx_word' id='word_1_451' title='bbox 339 2061 463 2097; x_wconf 76' lang='grc' dir='ltr'>αἴνιγμα,</span> <span class='ocrx_word' id='word_1_452' title='bbox 480 2062 618 2097; x_wconf 79' lang='grc' dir='ltr'><em>Κυάμους</em></span> <span class='ocrx_word' id='word_1_453' title='bbox 639 2063 681 2098; x_wconf 87' lang='grc' dir='ltr'>μὴ</span> <span class='ocrx_word' id='word_1_454' title='bbox 704 2065 831 2091; x_wconf 80' lang='grc' dir='ltr'>ὲσθίειν⁴</span> <span class='ocrx_word' id='word_1_455' title='bbox 853 2073 914 2091; x_wconf 90' lang='grc' dir='ltr'>του-</span> 
     </span>
    </p>
   </div>
   <div class='ocr_carea' id='block_1_72' title="bbox 127 2105 912 2146">
    <p class='ocr_par' dir='ltr' id='par_1_72' title="bbox 127 2105 912 2146">
     <span class='ocr_line' id='line_1_72' title="bbox 127 2105 912 2146; baseline 0.009 -15"><span class='ocrx_word' id='word_1_456' title='bbox 127 2105 216 2137; x_wconf 82' lang='grc' dir='ltr'>τέᾶτι,</span> <span class='ocrx_word' id='word_1_457' title='bbox 246 2106 283 2141; x_wconf 68' lang='grc' dir='ltr'><strong>μὴ</strong></span> <span class='ocrx_word' id='word_1_458' title='bbox 307 2107 483 2142; x_wconf 81' lang='grc' dir='ltr'>προδιδόντας</span> <span class='ocrx_word' id='word_1_459' title='bbox 508 2108 539 2135; x_wconf 80' lang='grc' dir='ltr'>τὸ</span> <span class='ocrx_word' id='word_1_460' title='bbox 570 2109 674 2136; x_wconf 85' lang='grc' dir='ltr'>δίκαιον</span> <span class='ocrx_word' id='word_1_461' title='bbox 705 2110 912 2146; x_wconf 61' lang='grc' dir='ltr'>δωροδοκεῶθαι</span> 
     </span>
    </p>
   </div>
   <div class='ocr_carea' id='block_1_73' title="bbox 127 2152 911 2190">
    <p class='ocr_par' dir='ltr' id='par_1_73' title="bbox 127 2152 911 2190">
     <span class='ocr_line' id='line_1_73' title="bbox 127 2152 911 2190; baseline 0.01 -13"><span class='ocrx_word' id='word_1_462' title='bbox 127 2152 274 2187; x_wconf 76' lang='grc' dir='ltr'>χρήμασιν.</span> <span class='ocrx_word' id='word_1_463' title='bbox 303 2154 334 2179; x_wconf 76' lang='lat' dir='ltr'><strong>0i</strong></span> <span class='ocrx_word' id='word_1_464' title='bbox 358 2153 413 2189; x_wconf 78' lang='grc' dir='ltr'><strong>γὰρ</strong></span> <span class='ocrx_word' id='word_1_465' title='bbox 437 2154 585 2190; x_wconf 81' lang='grc' dir='ltr'>Ἀθηναίων</span> <span class='ocrx_word' id='word_1_466' title='bbox 602 2156 686 2183; x_wconf 86' lang='grc' dir='ltr'>πάλαι</span> <span class='ocrx_word' id='word_1_467' title='bbox 707 2157 832 2184; x_wconf 78' lang='grc' dir='ltr'>δικασταὶ</span> <span class='ocrx_word' id='word_1_468' title='bbox 851 2158 911 2184; x_wconf 82' lang='grc' dir='ltr'>ἀντὶ</span> 
     </span>
    </p>
   </div>
   <div class='ocr_carea' id='block_1_74' title="bbox 127 2196 910 2238">
    <p class='ocr_par' dir='ltr' id='par_1_74' title="bbox 127 2196 910 2238">
     <span class='ocr_line' id='line_1_74' title="bbox 127 2196 910 2238; baseline 0.01 -15"><span class='ocrx_word' id='word_1_469' title='bbox 127 2196 221 2231; x_wconf 67' lang='grc' dir='ltr'>ψήφων</span> <span class='ocrx_word' id='word_1_470' title='bbox 235 2198 351 2234; x_wconf 81' lang='grc' dir='ltr'>κυάμοις</span> <span class='ocrx_word' id='word_1_471' title='bbox 367 2200 488 2235; x_wconf 73' lang='grc' dir='ltr'>ἐχρῶντο</span> <span class='ocrx_word' id='word_1_472' title='bbox 500 2202 568 2237; x_wconf 69' lang='grc' dir='ltr'>πρὸς</span> <span class='ocrx_word' id='word_1_473' title='bbox 584 2202 745 2238; x_wconf 79' lang='grc' dir='ltr'>κατάκρισιν</span> <span class='ocrx_word' id='word_1_474' title='bbox 759 2205 788 2230; x_wconf 84' lang='grc' dir='ltr'>ὲν</span> <span class='ocrx_word' id='word_1_475' title='bbox 801 2205 856 2235; x_wconf 78' lang='grc' dir='ltr'>τοῖς</span> <span class='ocrx_word' id='word_1_476' title='bbox 870 2204 910 2230; x_wconf 84' lang='grc' dir='ltr'>δι-</span> 
     </span>
    </p>
   </div>
   <div class='ocr_carea' id='block_1_75' title="bbox 127 2243 911 2284">
    <p class='ocr_par' dir='ltr' id='par_1_75' title="bbox 127 2243 911 2284">
     <span class='ocr_line' id='line_1_75' title="bbox 127 2243 911 2284; baseline 0.013 -17"><span class='ocrx_word' id='word_1_477' title='bbox 127 2243 296 2278; x_wconf 78' lang='grc' dir='ltr'>καστηρίοις.</span> <span class='ocrx_word' id='word_1_478' title='bbox 309 2245 394 2279; x_wconf 78' lang='grc' dir='ltr'>Φησὶν</span> <span class='ocrx_word' id='word_1_479' title='bbox 410 2243 466 2279; x_wconf 85' lang='grc' dir='ltr'>οὖν,</span> <span class='ocrx_word' id='word_1_480' title='bbox 488 2247 520 2272; x_wconf 80' lang='grc' dir='ltr'>ὲκ</span> <span class='ocrx_word' id='word_1_481' title='bbox 538 2247 593 2274; x_wconf 84' lang='grc' dir='ltr'><strong>τῶν</strong></span> <span class='ocrx_word' id='word_1_482' title='bbox 609 2248 722 2284; x_wconf 81' lang='grc' dir='ltr'>κυάμων</span> <span class='ocrx_word' id='word_1_483' title='bbox 739 2249 791 2276; x_wconf 82' lang='grc' dir='ltr'>τῶν</span> <span class='ocrx_word' id='word_1_484' title='bbox 815 2251 846 2276; x_wconf 81' lang='grc' dir='ltr'>ὲκ</span> <span class='ocrx_word' id='word_1_485' title='bbox 865 2250 911 2276; x_wconf 79' lang='grc' dir='ltr'>τοῦ</span> 
     </span>
    </p>
   </div>
   <div class='ocr_carea' id='block_1_76' title="bbox 126 2286 552 2326">
    <p class='ocr_par' dir='ltr' id='par_1_76' title="bbox 126 2286 552 2326">
     <span class='ocr_line' id='line_1_76' title="bbox 126 2286 552 2326; baseline 0.014 -13"><span class='ocrx_word' id='word_1_486' title='bbox 126 2286 301 2324; x_wconf 74' lang='grc' dir='ltr'>δικαστηρίου</span> <span class='ocrx_word' id='word_1_487' title='bbox 319 2291 356 2326; x_wconf 88' lang='grc' dir='ltr'>μὴ</span> <span class='ocrx_word' id='word_1_488' title='bbox 372 2292 426 2318; x_wconf 86' lang='grc' dir='ltr'>δεῖν</span> <span class='ocrx_word' id='word_1_489' title='bbox 440 2292 552 2319; x_wconf 80' lang='grc' dir='ltr'>ἐσθίειν.</span> 
     </span>
    </p>
   </div>
   <div class='ocr_carea' id='block_1_77' title="bbox 363 2391 656 2426">
    <p class='ocr_par' dir='ltr' id='par_1_77' title="bbox 363 2391 656 2426">
     <span class='ocr_line' id='line_1_77' title="bbox 363 2391 656 2426; baseline 0.017 -11"><span class='ocrx_word' id='word_1_490' title='bbox 363 2393 406 2426; x_wconf 84' lang='grc' dir='ltr'>ιη’,</span> <span class='ocrx_word' id='word_1_491' title='bbox 427 2391 496 2424; x_wconf 76' lang='grc' dir='ltr'><strong>Περὶ</strong></span> <span class='ocrx_word' id='word_1_492' title='bbox 517 2391 656 2426; x_wconf 70' lang='grc' dir='ltr'><strong>Θεανοῦς.</strong></span> 
     </span>
    </p>
   </div>
   <div class='ocr_carea' id='block_1_78' title="bbox 158 2443 910 2486">
    <p class='ocr_par' dir='ltr' id='par_1_78' title="bbox 158 2443 910 2486">
     <span class='ocr_line' id='line_1_78' title="bbox 158 2443 910 2486; baseline 0.013 -18"><span class='ocrx_word' id='word_1_493' title='bbox 158 2443 233 2478; x_wconf 71' lang='grc' dir='ltr'>Αὕτη</span> <span class='ocrx_word' id='word_1_494' title='bbox 254 2444 271 2479; x_wconf 85' lang='grc' dir='ltr'>ἡ</span> <span class='ocrx_word' id='word_1_495' title='bbox 290 2444 384 2471; x_wconf 85' lang='grc' dir='ltr'>Θεανὼ</span> <span class='ocrx_word' id='word_1_496' title='bbox 407 2446 459 2472; x_wconf 84' lang='grc' dir='ltr'><strong>ὑπὸ</strong></span> <span class='ocrx_word' id='word_1_497' title='bbox 474 2447 606 2481; x_wconf 83' lang='grc' dir='ltr'>τυράννου</span> <span class='ocrx_word' id='word_1_498' title='bbox 629 2450 777 2485; x_wconf 78' lang='grc' dir='ltr'>συνεσχέθη</span> <span class='ocrx_word' id='word_1_499' title='bbox 806 2452 852 2477; x_wconf 71' lang='grc' dir='ltr'><strong>ἐπὶ</strong></span> <span class='ocrx_word' id='word_1_500' title='bbox 870 2451 910 2486; x_wconf 86' lang='grc' dir='ltr'><strong>τῷ</strong></span> 
     </span>
    </p>
   </div>
   <div class='ocr_carea' id='block_1_79' title="bbox 127 2488 908 2531">
    <p class='ocr_par' dir='ltr' id='par_1_79' title="bbox 127 2488 908 2531">
     <span class='ocr_line' id='line_1_79' title="bbox 127 2488 908 2531; baseline 0.012 -17"><span class='ocrx_word' id='word_1_501' title='bbox 127 2488 211 2516; x_wconf 71' lang='grc' dir='ltr'>εἰπεῖν</span> <span class='ocrx_word' id='word_1_502' title='bbox 226 2489 277 2523; x_wconf 86' lang='grc' dir='ltr'>τῆς</span> <span class='ocrx_word' id='word_1_503' title='bbox 292 2491 421 2526; x_wconf 85' lang='grc' dir='ltr'>πατρίδος</span> <span class='ocrx_word' id='word_1_504' title='bbox 433 2491 467 2518; x_wconf 82' lang='grc' dir='ltr'><strong>τὰ</strong></span> <span class='ocrx_word' id='word_1_505' title='bbox 481 2493 625 2529; x_wconf 77' lang='grc' dir='ltr'>ἀπόρρητα</span> <span class='ocrx_word' id='word_1_506' title='bbox 635 2501 641 2509; x_wconf 77' lang='lat'>&#39;</span> <span class='ocrx_word' id='word_1_507' title='bbox 657 2496 703 2521; x_wconf 86' lang='grc' dir='ltr'>καὶ</span> <span class='ocrx_word' id='word_1_508' title='bbox 727 2496 763 2531; x_wconf 87' lang='grc' dir='ltr'>μὴ</span> <span class='ocrx_word' id='word_1_509' title='bbox 784 2496 908 2529; x_wconf 81' lang='grc' dir='ltr'>θέλουσα,</span> 
     </span>
    </p>
   </div>
   <div class='ocr_carea' id='block_1_80' title="bbox 126 2534 910 2577">
    <p class='ocr_par' dir='ltr' id='par_1_80' title="bbox 126 2534 910 2577">
     <span class='ocr_line' id='line_1_80' title="bbox 126 2534 910 2577; baseline 0.014 -18"><span class='ocrx_word' id='word_1_510' title='bbox 126 2534 172 2569; x_wconf 78' lang='grc' dir='ltr'>τὴν</span> <span class='ocrx_word' id='word_1_511' title='bbox 188 2535 289 2570; x_wconf 78' lang='grc' dir='ltr'>ἑαυτῆς</span> <span class='ocrx_word' id='word_1_512' title='bbox 306 2535 430 2570; x_wconf 81' lang='grc' dir='ltr'>γλῶτταν</span> <span class='ocrx_word' id='word_1_513' title='bbox 447 2537 632 2571; x_wconf 83' lang='grc' dir='ltr'>ἁποδακοῦσα,</span> <span class='ocrx_word' id='word_1_514' title='bbox 652 2540 784 2567; x_wconf 80' lang='grc' dir='ltr'>ὲνέπτυσε</span> <span class='ocrx_word' id='word_1_515' title='bbox 807 2542 846 2577; x_wconf 80' lang='grc' dir='ltr'>τῷ</span> <span class='ocrx_word' id='word_1_516' title='bbox 864 2551 910 2570; x_wconf 78' lang='grc' dir='ltr'>τυ-</span> 
     </span>
    </p>
   </div>
   <div class='ocr_carea' id='block_1_81' title="bbox 128 2579 224 2614">
    <p class='ocr_par' dir='ltr' id='par_1_81' title="bbox 128 2579 224 2614">
     <span class='ocr_line' id='line_1_81' title="bbox 128 2579 224 2614; baseline 0.01 -9"><span class='ocrx_word' id='word_1_517' title='bbox 128 2579 224 2614; x_wconf 77' lang='grc' dir='ltr'>ράννῳ.</span> 
     </span>
    </p>
   </div>
   <div class='ocr_carea' id='block_1_82' title="bbox 330 2636 696 2673">
    <p class='ocr_par' dir='ltr' id='par_1_82' title="bbox 330 2636 696 2673">
     <span class='ocr_line' id='line_1_82' title="bbox 330 2636 696 2673; baseline 0.016 -11"><span class='ocrx_word' id='word_1_518' title='bbox 330 2636 372 2662; x_wconf 75' lang='grc' dir='ltr'><strong>ιϐ’.</strong></span> <span class='ocrx_word' id='word_1_519' title='bbox 393 2637 462 2670; x_wconf 69' lang='grc' dir='ltr'>Περὶ</span> <span class='ocrx_word' id='word_1_520' title='bbox 485 2638 696 2673; x_wconf 75' lang='grc' dir='ltr'>Ἐπαμινώνδα.</span> 
     </span>
    </p>
   </div>
   <div class='ocr_carea' id='block_1_83' title="bbox 164 2691 909 2734">
    <p class='ocr_par' dir='ltr' id='par_1_83' title="bbox 164 2691 909 2734">
     <span class='ocr_line' id='line_1_83' title="bbox 164 2691 909 2734; baseline 0.013 -18"><span class='ocrx_word' id='word_1_521' title='bbox 164 2691 192 2715; x_wconf 86' lang='lat' dir='ltr'><strong>&#39;U</strong></span> <span class='ocrx_word' id='word_1_522' title='bbox 214 2691 417 2726; x_wconf 78' lang='grc' dir='ltr'>Ἐπαμινώνδας</span> <span class='ocrx_word' id='word_1_523' title='bbox 429 2694 460 2720; x_wconf 81' lang='grc' dir='ltr'>τὸ</span> <span class='ocrx_word' id='word_1_524' title='bbox 474 2695 551 2728; x_wconf 82' lang='grc' dir='ltr'>γένος</span> <span class='ocrx_word' id='word_1_525' title='bbox 559 2693 593 2731; x_wconf 78' lang='grc' dir='ltr'>ἦν</span> <span class='ocrx_word' id='word_1_526' title='bbox 609 2696 737 2732; x_wconf 73' lang='grc' dir='ltr'>Θηϐαῖος,</span> <span class='ocrx_word' id='word_1_527' title='bbox 754 2700 909 2734; x_wconf 79' lang='grc' dir='ltr'>στρατηγὸς</span> 
     </span>
    </p>
   </div>
   <div class='ocr_carea' id='block_1_84' title="bbox 126 2735 906 2781">
    <p class='ocr_par' dir='ltr' id='par_1_84' title="bbox 126 2735 906 2781">
     <span class='ocr_line' id='line_1_84' title="bbox 126 2735 906 2781; baseline 0.014 -20"><span class='ocrx_word' id='word_1_528' title='bbox 126 2735 262 2769; x_wconf 83' lang='grc' dir='ltr'>μέγιστος,</span> <span class='ocrx_word' id='word_1_529' title='bbox 278 2739 292 2764; x_wconf 91' lang='grc' dir='ltr'>ὁ</span> <span class='ocrx_word' id='word_1_530' title='bbox 310 2738 475 2773; x_wconf 72' lang='grc' dir='ltr'>ἀριστεύσας</span> <span class='ocrx_word' id='word_1_531' title='bbox 495 2741 523 2767; x_wconf 86' lang='grc' dir='ltr'>ἐν</span> <span class='ocrx_word' id='word_1_532' title='bbox 540 2742 578 2777; x_wconf 87' lang='grc' dir='ltr'>τῷ</span> <span class='ocrx_word' id='word_1_533' title='bbox 599 2743 760 2778; x_wconf 84' lang='grc' dir='ltr'>Λευκτρικῷ</span> <span class='ocrx_word' id='word_1_534' title='bbox 783 2745 906 2781; x_wconf 82' lang='grc' dir='ltr'>πολέμῳ,</span> 
     </span>
    </p>
   </div>
   <div class='ocr_carea' id='block_1_85' title="bbox 127 2783 905 2826">
    <p class='ocr_par' dir='ltr' id='par_1_85' title="bbox 127 2783 905 2826">
     <span class='ocr_line' id='line_1_85' title="bbox 127 2783 905 2826; baseline 0.014 -18"><span class='ocrx_word' id='word_1_535' title='bbox 127 2783 248 2819; x_wconf 83' lang='grc' dir='ltr'>μαθητὴς</span> <span class='ocrx_word' id='word_1_536' title='bbox 270 2785 415 2820; x_wconf 82' lang='grc' dir='ltr'>γενόμενος</span> <span class='ocrx_word' id='word_1_537' title='bbox 431 2787 558 2814; x_wconf 82' lang='grc' dir='ltr'>Φιλολάου</span> <span class='ocrx_word' id='word_1_538' title='bbox 575 2788 622 2815; x_wconf 68' lang='grc' dir='ltr'>τοῖν</span> <span class='ocrx_word' id='word_1_539' title='bbox 640 2789 834 2826; x_wconf 83' lang='grc' dir='ltr'>Πυθαγορείου.</span> <span class='ocrx_word' id='word_1_540' title='bbox 853 2790 905 2819; x_wconf 78' lang='grc' dir='ltr'><strong>Οὗ-</strong></span> 
     </span>
    </p>
   </div>
   <div class='ocr_carea' id='block_1_86' title="bbox 123 2829 905 2873">
    <p class='ocr_par' dir='ltr' id='par_1_86' title="bbox 123 2829 905 2873">
     <span class='ocr_line' id='line_1_86' title="bbox 123 2829 905 2873; baseline 0.015 -19"><span class='ocrx_word' id='word_1_541' title='bbox 123 2836 167 2861; x_wconf 74' lang='grc' dir='ltr'><strong>τος</strong></span> <span class='ocrx_word' id='word_1_542' title='bbox 179 2829 304 2864; x_wconf 82' lang='grc' dir='ltr'>πολεμῶν</span> <span class='ocrx_word' id='word_1_543' title='bbox 318 2831 509 2868; x_wconf 79' lang='grc' dir='ltr'>ἐνεκρατεύετο</span> <span class='ocrx_word' id='word_1_544' title='bbox 526 2835 595 2861; x_wconf 84' lang='grc' dir='ltr'>πάνυ</span> <span class='ocrx_word' id='word_1_545' title='bbox 615 2836 661 2862; x_wconf 74' lang='grc' dir='ltr'>καὶ</span> <span class='ocrx_word' id='word_1_546' title='bbox 676 2836 730 2862; x_wconf 80' lang='grc' dir='ltr'>ἀπὸ</span> <span class='ocrx_word' id='word_1_547' title='bbox 748 2837 905 2873; x_wconf 80' lang='grc' dir='ltr'>βρωμάτων</span> 
     </span>
    </p>
   </div>
   <div class='ocr_carea' id='block_1_87' title="bbox 155 2884 602 2922">
    <p class='ocr_par' dir='ltr' id='par_1_87' title="bbox 155 2884 602 2922">
     <span class='ocr_line' id='line_1_87' title="bbox 155 2884 602 2922; baseline 0.018 -11"><span class='ocrx_word' id='word_1_548' title='bbox 155 2885 194 2916; x_wconf 69' lang='lat' dir='ltr'><strong>ll)</strong></span> <span class='ocrx_word' id='word_1_549' title='bbox 211 2884 274 2913; x_wconf 66' lang='lat' dir='ltr'><strong>Haec</strong></span> <span class='ocrx_word' id='word_1_550' title='bbox 287 2885 385 2915; x_wconf 75' lang='lat' dir='ltr'><strong>desunt</strong></span> <span class='ocrx_word' id='word_1_551' title='bbox 401 2889 471 2922; x_wconf 81' lang='lat' dir='ltr'><strong>apud</strong></span> <span class='ocrx_word' id='word_1_552' title='bbox 486 2890 602 2919; x_wconf 79' lang='lat' dir='ltr'><strong>Biluum.</strong></span> 
     </span>
    </p>
   </div>
   <div class='ocr_carea' id='block_1_88' title="bbox 971 1588 1762 1635">
    <p class='ocr_par' dir='ltr' id='par_1_88' title="bbox 971 1588 1762 1635">
     <span class='ocr_line' id='line_1_88' title="bbox 971 1588 1762 1635; baseline 0.021 -22"><span class='ocrx_word' id='word_1_553' title='bbox 971 1588 1041 1616; x_wconf 86' lang='lat' dir='ltr'><strong>vitas</strong></span> <span class='ocrx_word' id='word_1_554' title='bbox 1056 1594 1108 1624; x_wconf 85' lang='lat' dir='ltr'><strong>cst,</strong></span> <span class='ocrx_word' id='word_1_555' title='bbox 1125 1599 1186 1618; x_wconf 76' lang='lat' dir='ltr'><strong>cum</strong></span> <span class='ocrx_word' id='word_1_556' title='bbox 1204 1592 1231 1619; x_wconf 89' lang='lat' dir='ltr'><strong>in</strong></span> <span class='ocrx_word' id='word_1_557' title='bbox 1247 1592 1369 1623; x_wconf 81' lang='lat' dir='ltr'><strong>Platonis</strong></span> <span class='ocrx_word' id='word_1_558' title='bbox 1383 1596 1521 1633; x_wconf 82' lang='lat' dir='ltr'><strong>dialogum</strong></span> <span class='ocrx_word' id='word_1_559' title='bbox 1543 1599 1577 1627; x_wconf 88' lang='lat' dir='ltr'><strong>de</strong></span> <span class='ocrx_word' id='word_1_560' title='bbox 1591 1588 1694 1635; x_wconf 40' lang='lat' dir='ltr'><strong>auiti-ta,</strong></span> <span class='ocrx_word' id='word_1_561' title='bbox 1715 1604 1762 1629; x_wconf 76' lang='lat' dir='ltr'><strong>cui</strong></span> 
     </span>
    </p>
   </div>
   <div class='ocr_carea' id='block_1_89' title="bbox 971 1631 1758 1684">
    <p class='ocr_par' dir='ltr' id='par_1_89' title="bbox 971 1631 1758 1684">
     <span class='ocr_line' id='line_1_89' title="bbox 971 1631 1758 1684; baseline 0.023 -25"><span class='ocrx_word' id='word_1_562' title='bbox 971 1631 1071 1661; x_wconf 72' lang='lat' dir='ltr'><strong>Phanio</strong></span> <span class='ocrx_word' id='word_1_563' title='bbox 1093 1637 1188 1664; x_wconf 85' lang='lat' dir='ltr'><strong>titulus</strong></span> <span class='ocrx_word' id='word_1_564' title='bbox 1208 1642 1260 1670; x_wconf 87' lang='lat' dir='ltr'><strong>est,</strong></span> <span class='ocrx_word' id='word_1_565' title='bbox 1279 1640 1431 1674; x_wconf 80' lang='lat' dir='ltr'><strong>incidisset.</strong></span> <span class='ocrx_word' id='word_1_566' title='bbox 1449 1631 1646 1682; x_wconf 24' lang='lat' dir='ltr'><strong>dridicissetque</strong></span> <span class='ocrx_word' id='word_1_567' title='bbox 1673 1650 1758 1684; x_wconf 69' lang='lat' dir='ltr'><strong>magis</strong></span> 
     </span>
    </p>
   </div>
   <div class='ocr_carea' id='block_1_90' title="bbox 970 1684 1761 1727">
    <p class='ocr_par' dir='ltr' id='par_1_90' title="bbox 970 1684 1761 1727">
     <span class='ocr_line' id='line_1_90' title="bbox 970 1684 1761 1727; baseline 0.021 -21"><span class='ocrx_word' id='word_1_568' title='bbox 970 1687 1031 1708; x_wconf 89' lang='lat' dir='ltr'><strong>esse</strong></span> <span class='ocrx_word' id='word_1_569' title='bbox 1046 1689 1061 1708; x_wconf 87' lang='lat' dir='ltr'><strong>e</strong></span> <span class='ocrx_word' id='word_1_570' title='bbox 1076 1690 1105 1709; x_wconf 86' lang='lat' dir='ltr'><strong>re</strong></span> <span class='ocrx_word' id='word_1_571' title='bbox 1121 1684 1218 1711; x_wconf 79' lang='lat' dir='ltr'><strong>animae</strong></span> <span class='ocrx_word' id='word_1_572' title='bbox 1234 1684 1355 1720; x_wconf 67' lang='lat' dir='ltr'><strong>separari</strong></span> <span class='ocrx_word' id='word_1_573' title='bbox 1374 1696 1388 1714; x_wconf 88' lang='lat' dir='ltr'><strong>a</strong></span> <span class='ocrx_word' id='word_1_574' title='bbox 1405 1696 1533 1725; x_wconf 87' lang='lat' dir='ltr'><strong>corpore,</strong></span> <span class='ocrx_word' id='word_1_575' title='bbox 1553 1700 1633 1727; x_wconf 87' lang='lat' dir='ltr'><strong>qualn</strong></span> <span class='ocrx_word' id='word_1_576' title='bbox 1649 1702 1712 1722; x_wconf 91' lang='lat' dir='ltr'><strong>cum</strong></span> <span class='ocrx_word' id='word_1_577' title='bbox 1726 1703 1761 1722; x_wconf 86' lang='lat' dir='ltr'><strong>eo</strong></span> 
     </span>
    </p>
   </div>
   <div class='ocr_carea' id='block_1_91' title="bbox 970 1727 1759 1775">
    <p class='ocr_par' dir='ltr' id='par_1_91' title="bbox 970 1727 1759 1775">
     <span class='ocr_line' id='line_1_91' title="bbox 970 1727 1759 1775; baseline 0.022 -23"><span class='ocrx_word' id='word_1_578' title='bbox 970 1727 1112 1763; x_wconf 87' lang='lat' dir='ltr'><strong>conjungi.</strong></span> <span class='ocrx_word' id='word_1_579' title='bbox 1137 1737 1152 1756; x_wconf 88' lang='lat' dir='ltr'><strong>e</strong></span> <span class='ocrx_word' id='word_1_580' title='bbox 1174 1738 1253 1758; x_wconf 84' lang='lat' dir='ltr'><strong>muro</strong></span> <span class='ocrx_word' id='word_1_581' title='bbox 1277 1740 1306 1759; x_wconf 91' lang='lat' dir='ltr'><strong>se</strong></span> <span class='ocrx_word' id='word_1_582' title='bbox 1323 1735 1489 1769; x_wconf 63' lang='lat' dir='ltr'><strong>praecipitem</strong></span> <span class='ocrx_word' id='word_1_583' title='bbox 1513 1737 1599 1770; x_wconf 83' lang='lat' dir='ltr'><strong>dedit.</strong></span> <span class='ocrx_word' id='word_1_584' title='bbox 1623 1741 1759 1775; x_wconf 85' lang='lat' dir='ltr'><strong>stulteque</strong></span> 
     </span>
    </p>
   </div>
   <div class='ocr_carea' id='block_1_92' title="bbox 971 1773 1759 1820">
    <p class='ocr_par' dir='ltr' id='par_1_92' title="bbox 971 1773 1759 1820">
     <span class='ocr_line' id='line_1_92' title="bbox 971 1773 1759 1820; baseline 0.019 -21"><span class='ocrx_word' id='word_1_585' title='bbox 971 1773 1087 1807; x_wconf 85' lang='lat' dir='ltr'><strong>interiit,</strong></span> <span class='ocrx_word' id='word_1_586' title='bbox 1104 1779 1133 1802; x_wconf 87' lang='lat' dir='ltr'><strong>ut</strong></span> <span class='ocrx_word' id='word_1_587' title='bbox 1151 1776 1278 1804; x_wconf 74' lang='lat' dir='ltr'><strong>videlicet</strong></span> <span class='ocrx_word' id='word_1_588' title='bbox 1293 1779 1402 1808; x_wconf 83' lang='lat' dir='ltr'><strong>animus</strong></span> <span class='ocrx_word' id='word_1_589' title='bbox 1420 1781 1507 1816; x_wconf 92' lang='lat' dir='ltr'><strong>ipsius</strong></span> <span class='ocrx_word' id='word_1_590' title='bbox 1522 1791 1538 1810; x_wconf 88' lang='lat' dir='ltr'><strong>c</strong></span> <span class='ocrx_word' id='word_1_591' title='bbox 1553 1786 1677 1820; x_wconf 87' lang='lat' dir='ltr'><strong>corporis</strong></span> <span class='ocrx_word' id='word_1_592' title='bbox 1691 1786 1759 1814; x_wconf 89' lang='lat' dir='ltr'><strong>vin—</strong></span> 
     </span>
    </p>
   </div>
   <div class='ocr_carea' id='block_1_93' title="bbox 970 1819 1182 1849">
    <p class='ocr_par' dir='ltr' id='par_1_93' title="bbox 970 1819 1182 1849">
     <span class='ocr_line' id='line_1_93' title="bbox 970 1819 1182 1849; baseline 0.009 -3"><span class='ocrx_word' id='word_1_593' title='bbox 970 1819 1039 1847; x_wconf 87' lang='lat' dir='ltr'><strong>culis</strong></span> <span class='ocrx_word' id='word_1_594' title='bbox 1054 1821 1182 1849; x_wconf 89' lang='lat' dir='ltr'><strong>evolaret.</strong></span> 
     </span>
    </p>
   </div>
   <div class='ocr_carea' id='block_1_94' title="bbox 1163 1869 1562 1907">
    <p class='ocr_par' dir='ltr' id='par_1_94' title="bbox 1163 1869 1562 1907">
     <span class='ocr_line' id='line_1_94' title="bbox 1163 1869 1562 1907; baseline 0.018 -13"><span class='ocrx_word' id='word_1_595' title='bbox 1163 1869 1206 1895; x_wconf 76' lang='grc'><strong>17.</strong></span> <span class='ocrx_word' id='word_1_596' title='bbox 1231 1869 1267 1896; x_wconf 82' lang='lat' dir='ltr'><strong>De</strong></span> <span class='ocrx_word' id='word_1_597' title='bbox 1281 1870 1350 1904; x_wconf 78' lang='lat' dir='ltr'><strong>fabis</strong></span> <span class='ocrx_word' id='word_1_598' title='bbox 1366 1871 1562 1907; x_wconf 75' lang='lat' dir='ltr'><strong>Pytnaqortcis.</strong></span> 
     </span>
    </p>
   </div>
   <div class='ocr_carea' id='block_1_95' title="bbox 1003 1922 1754 1965">
    <p class='ocr_par' dir='ltr' id='par_1_95' title="bbox 1003 1922 1754 1965">
     <span class='ocr_line' id='line_1_95' title="bbox 1003 1922 1754 1965; baseline 0.017 -16"><span class='ocrx_word' id='word_1_599' title='bbox 1003 1922 1236 1960; x_wconf 78' lang='lat' dir='ltr'><strong>Pythagoreorum</strong></span> <span class='ocrx_word' id='word_1_600' title='bbox 1255 1932 1329 1954; x_wconf 87' lang='lat' dir='ltr'><strong>secta</strong></span> <span class='ocrx_word' id='word_1_601' title='bbox 1355 1935 1370 1955; x_wconf 89' lang='lat' dir='ltr'><strong>a</strong></span> <span class='ocrx_word' id='word_1_602' title='bbox 1386 1928 1539 1965; x_wconf 80' lang='lat' dir='ltr'><strong>Pythagora</strong></span> <span class='ocrx_word' id='word_1_603' title='bbox 1558 1931 1651 1959; x_wconf 81' lang='lat' dir='ltr'><strong>Saluio</strong></span> <span class='ocrx_word' id='word_1_604' title='bbox 1666 1932 1754 1963; x_wconf 78' lang='lat' dir='ltr'><strong>ﬂuxit.</strong></span> 
     </span>
    </p>
   </div>
   <div class='ocr_carea' id='block_1_96' title="bbox 968 1968 1756 2014">
    <p class='ocr_par' dir='ltr' id='par_1_96' title="bbox 968 1968 1756 2014">
     <span class='ocr_line' id='line_1_96' title="bbox 968 1968 1756 2014; baseline 0.015 -19"><span class='ocrx_word' id='word_1_605' title='bbox 968 1968 1020 2002; x_wconf 81' lang='lat' dir='ltr'><strong>Qui</strong></span> <span class='ocrx_word' id='word_1_606' title='bbox 1037 1975 1127 1997; x_wconf 86' lang='lat' dir='ltr'><strong>autem</strong></span> <span class='ocrx_word' id='word_1_607' title='bbox 1144 1972 1279 2006; x_wconf 89' lang='lat' dir='ltr'><strong>ejusmodi</strong></span> <span class='ocrx_word' id='word_1_608' title='bbox 1305 1978 1386 2001; x_wconf 42' lang='lat' dir='ltr'><strong>secta,</strong></span> <span class='ocrx_word' id='word_1_609' title='bbox 1402 1983 1464 2003; x_wconf 85' lang='lat' dir='ltr'><strong>sese</strong></span> <span class='ocrx_word' id='word_1_610' title='bbox 1480 1977 1653 2010; x_wconf 75' lang='lat' dir='ltr'><strong>addixerunt,</strong></span> <span class='ocrx_word' id='word_1_611' title='bbox 1669 1979 1756 2014; x_wconf 88' lang='lat' dir='ltr'><strong>philo-</strong></span> 
     </span>
    </p>
   </div>
   <div class='ocr_carea' id='block_1_97' title="bbox 967 2014 1755 2059">
    <p class='ocr_par' dir='ltr' id='par_1_97' title="bbox 967 2014 1755 2059">
     <span class='ocr_line' id='line_1_97' title="bbox 967 2014 1755 2059; baseline 0.015 -19"><span class='ocrx_word' id='word_1_612' title='bbox 967 2014 1071 2048; x_wconf 73' lang='lat' dir='ltr'><strong>sophia:</strong></span> <span class='ocrx_word' id='word_1_613' title='bbox 1086 2015 1214 2050; x_wconf 77' lang='lat' dir='ltr'><strong>dogmata</strong></span> <span class='ocrx_word' id='word_1_614' title='bbox 1229 2025 1277 2052; x_wconf 83' lang='lat' dir='ltr'><strong>per</strong></span> <span class='ocrx_word' id='word_1_615' title='bbox 1292 2019 1414 2053; x_wconf 85' lang='lat' dir='ltr'><strong>symbola</strong></span> <span class='ocrx_word' id='word_1_616' title='bbox 1432 2021 1554 2055; x_wconf 70' lang='lat' dir='ltr'><strong>quaedam</strong></span> <span class='ocrx_word' id='word_1_617' title='bbox 1570 2028 1597 2049; x_wconf 86' lang='lat' dir='ltr'><strong>et</strong></span> <span class='ocrx_word' id='word_1_618' title='bbox 1612 2024 1755 2059; x_wconf 64' lang='lat' dir='ltr'><strong>aenigmata</strong></span> 
     </span>
    </p>
   </div>
   <div class='ocr_carea' id='block_1_98' title="bbox 967 2059 1755 2105">
    <p class='ocr_par' dir='ltr' id='par_1_98' title="bbox 967 2059 1755 2105">
     <span class='ocr_line' id='line_1_98' title="bbox 967 2059 1755 2105; baseline 0.014 -19"><span class='ocrx_word' id='word_1_619' title='bbox 967 2059 1120 2088; x_wconf 87' lang='lat' dir='ltr'><strong>discebant.</strong></span> <span class='ocrx_word' id='word_1_620' title='bbox 1148 2062 1221 2089; x_wconf 88' lang='lat' dir='ltr'><strong>lntcr</strong></span> <span class='ocrx_word' id='word_1_621' title='bbox 1246 2064 1299 2090; x_wconf 87' lang='lat' dir='ltr'><strong>alia</strong></span> <span class='ocrx_word' id='word_1_622' title='bbox 1317 2069 1407 2092; x_wconf 84' lang='lat' dir='ltr'><strong>autem</strong></span> <span class='ocrx_word' id='word_1_623' title='bbox 1432 2066 1484 2094; x_wconf 90' lang='lat' dir='ltr'><strong>hoc</strong></span> <span class='ocrx_word' id='word_1_624' title='bbox 1508 2075 1617 2103; x_wconf 88' lang='lat' dir='ltr'><strong>quoque</strong></span> <span class='ocrx_word' id='word_1_625' title='bbox 1639 2070 1755 2105; x_wconf 65' lang='lat' dir='ltr'><strong>aenigma</strong></span> 
     </span>
    </p>
   </div>
   <div class='ocr_carea' id='block_1_99' title="bbox 967 2106 1754 2147">
    <p class='ocr_par' dir='ltr' id='par_1_99' title="bbox 967 2106 1754 2147">
     <span class='ocr_line' id='line_1_99' title="bbox 967 2106 1754 2147; baseline 0.015 -15"><span class='ocrx_word' id='word_1_626' title='bbox 967 2106 1034 2141; x_wconf 87' lang='lat' dir='ltr'><strong>ipsis</strong></span> <span class='ocrx_word' id='word_1_627' title='bbox 1051 2107 1219 2141; x_wconf 81' lang='lat' dir='ltr'><strong>tradebatur,</strong></span> <span class='ocrx_word' id='word_1_628' title='bbox 1245 2110 1322 2137; x_wconf 82' lang='lat' dir='ltr'><strong>fabas</strong></span> <span class='ocrx_word' id='word_1_629' title='bbox 1343 2112 1456 2139; x_wconf 87' lang='lat' dir='ltr'><strong>minime</strong></span> <span class='ocrx_word' id='word_1_630' title='bbox 1470 2113 1591 2142; x_wconf 89' lang='lat' dir='ltr'><strong>edendas</strong></span> <span class='ocrx_word' id='word_1_631' title='bbox 1614 2123 1685 2147; x_wconf 89' lang='lat' dir='ltr'><strong>esse,</strong></span> <span class='ocrx_word' id='word_1_632' title='bbox 1703 2117 1754 2143; x_wconf 89' lang='lat' dir='ltr'><strong>hoc</strong></span> 
     </span>
    </p>
   </div>
   <div class='ocr_carea' id='block_1_100' title="bbox 965 2156 1753 2194">
    <p class='ocr_par' dir='ltr' id='par_1_100' title="bbox 965 2156 1753 2194">
     <span class='ocr_line' id='line_1_100' title="bbox 965 2156 1753 2194; baseline 0.014 -15"><span class='ocrx_word' id='word_1_633' title='bbox 965 2158 1017 2186; x_wconf 87' lang='lat' dir='ltr'><strong>est,</strong></span> <span class='ocrx_word' id='word_1_634' title='bbox 1031 2161 1084 2180; x_wconf 93' lang='lat' dir='ltr'><strong>non</strong></span> <span class='ocrx_word' id='word_1_635' title='bbox 1099 2162 1159 2182; x_wconf 87' lang='lat' dir='ltr'><strong>esse</strong></span> <span class='ocrx_word' id='word_1_636' title='bbox 1173 2156 1342 2191; x_wconf 85' lang='lat' dir='ltr'><strong>prodendum</strong></span> <span class='ocrx_word' id='word_1_637' title='bbox 1354 2158 1410 2193; x_wconf 89' lang='lat' dir='ltr'><strong>jus,</strong></span> <span class='ocrx_word' id='word_1_638' title='bbox 1426 2167 1477 2186; x_wconf 90' lang='lat' dir='ltr'><strong>nec</strong></span> <span class='ocrx_word' id='word_1_639' title='bbox 1487 2159 1656 2194; x_wconf 87' lang='lat' dir='ltr'><strong>judiciorum</strong></span> <span class='ocrx_word' id='word_1_640' title='bbox 1674 2163 1753 2190; x_wconf 83' lang='lat' dir='ltr'><strong>ﬁdem</strong></span> 
     </span>
    </p>
   </div>
   <div class='ocr_carea' id='block_1_101' title="bbox 930 2201 1753 2246">
    <p class='ocr_par' dir='ltr' id='par_1_101' title="bbox 930 2201 1753 2246">
     <span class='ocr_line' id='line_1_101' title="bbox 930 2201 1753 2246; baseline 0.015 -20"><span class='ocrx_word' id='word_1_641' title='bbox 930 2201 1082 2246; x_wconf 85' lang='lat' dir='ltr'><strong>Dpecunia</strong></span> <span class='ocrx_word' id='word_1_642' title='bbox 1107 2204 1340 2232; x_wconf 88' lang='lat' dir='ltr'><strong>commutandam.</strong></span> <span class='ocrx_word' id='word_1_643' title='bbox 1373 2205 1443 2233; x_wconf 87' lang='lat' dir='ltr'><strong>Olim</strong></span> <span class='ocrx_word' id='word_1_644' title='bbox 1475 2207 1546 2234; x_wconf 80' lang='lat' dir='ltr'><strong>enim</strong></span> <span class='ocrx_word' id='word_1_645' title='bbox 1571 2209 1753 2238; x_wconf 85' lang='lat' dir='ltr'><strong>Athenienses</strong></span> 
     </span>
    </p>
   </div>
   <div class='ocr_carea' id='block_1_102' title="bbox 963 2247 1753 2283">
    <p class='ocr_par' dir='ltr' id='par_1_102' title="bbox 963 2247 1753 2283">
     <span class='ocr_line' id='line_1_102' title="bbox 963 2247 1753 2283; baseline 0.011 -9"><span class='ocrx_word' id='word_1_646' title='bbox 963 2247 1069 2281; x_wconf 87' lang='lat' dir='ltr'><strong>judices</strong></span> <span class='ocrx_word' id='word_1_647' title='bbox 1089 2248 1122 2275; x_wconf 88' lang='lat' dir='ltr'><strong>ad</strong></span> <span class='ocrx_word' id='word_1_648' title='bbox 1142 2249 1313 2283; x_wconf 86' lang='lat' dir='ltr'><strong>proditorum</strong></span> <span class='ocrx_word' id='word_1_649' title='bbox 1329 2252 1585 2281; x_wconf 88' lang='lat' dir='ltr'><strong>condemnationem</strong></span> <span class='ocrx_word' id='word_1_650' title='bbox 1604 2255 1674 2283; x_wconf 78' lang='lat' dir='ltr'><strong>fabis</strong></span> <span class='ocrx_word' id='word_1_651' title='bbox 1696 2257 1753 2283; x_wconf 89' lang='lat' dir='ltr'><strong>cal-</strong></span> 
     </span>
    </p>
   </div>
   <div class='ocr_carea' id='block_1_103' title="bbox 962 2293 1750 2338">
    <p class='ocr_par' dir='ltr' id='par_1_103' title="bbox 962 2293 1750 2338">
     <span class='ocr_line' id='line_1_103' title="bbox 962 2293 1750 2338; baseline 0.014 -19"><span class='ocrx_word' id='word_1_652' title='bbox 962 2293 1088 2320; x_wconf 88' lang='lat' dir='ltr'><strong>culorum</strong></span> <span class='ocrx_word' id='word_1_653' title='bbox 1104 2294 1165 2322; x_wconf 91' lang='lat' dir='ltr'><strong>loco</strong></span> <span class='ocrx_word' id='word_1_654' title='bbox 1180 2297 1336 2324; x_wconf 88' lang='lat' dir='ltr'><strong>utebantur.</strong></span> <span class='ocrx_word' id='word_1_655' title='bbox 1352 2297 1493 2326; x_wconf 89' lang='lat' dir='ltr'><strong>lnterdicit</strong></span> <span class='ocrx_word' id='word_1_656' title='bbox 1508 2307 1573 2335; x_wconf 86' lang='lat' dir='ltr'><strong>ergo</strong></span> <span class='ocrx_word' id='word_1_657' title='bbox 1588 2302 1645 2329; x_wconf 87' lang='lat' dir='ltr'><strong>suis</strong></span> <span class='ocrx_word' id='word_1_658' title='bbox 1657 2301 1750 2338; x_wconf 74' lang='lat' dir='ltr'><strong>Pytha-</strong></span> 
     </span>
    </p>
   </div>
   <div class='ocr_carea' id='block_1_104' title="bbox 961 2339 1452 2374">
    <p class='ocr_par' dir='ltr' id='par_1_104' title="bbox 961 2339 1452 2374">
     <span class='ocr_line' id='line_1_104' title="bbox 961 2339 1452 2374; baseline 0.018 -11"><span class='ocrx_word' id='word_1_659' title='bbox 961 2345 1042 2372; x_wconf 80' lang='lat' dir='ltr'><strong>goras</strong></span> <span class='ocrx_word' id='word_1_660' title='bbox 1057 2347 1091 2367; x_wconf 89' lang='lat' dir='ltr'><strong>ne</strong></span> <span class='ocrx_word' id='word_1_661' title='bbox 1107 2339 1253 2374; x_wconf 85' lang='lat' dir='ltr'><strong>judiciales</strong></span> <span class='ocrx_word' id='word_1_662' title='bbox 1267 2341 1345 2370; x_wconf 75' lang='lat' dir='ltr'><strong>fabas</strong></span> <span class='ocrx_word' id='word_1_663' title='bbox 1360 2344 1452 2372; x_wconf 84' lang='lat' dir='ltr'><strong>edant.</strong></span> 
     </span>
    </p>
   </div>
   <div class='ocr_carea' id='block_1_105' title="bbox 1210 2397 1502 2434">
    <p class='ocr_par' dir='ltr' id='par_1_105' title="bbox 1210 2397 1502 2434">
     <span class='ocr_line' id='line_1_105' title="bbox 1210 2397 1502 2434; baseline 0.021 -12"><span class='ocrx_word' id='word_1_664' title='bbox 1210 2397 1253 2424; x_wconf 76' lang='grc'><strong>18.</strong></span> <span class='ocrx_word' id='word_1_665' title='bbox 1274 2397 1312 2424; x_wconf 79' lang='lat' dir='ltr'><strong>De</strong></span> <span class='ocrx_word' id='word_1_666' title='bbox 1331 2398 1437 2427; x_wconf 83' lang='lat' dir='ltr'><strong>Theano</strong></span> <span class='ocrx_word' id='word_1_667' title='bbox 1454 2401 1502 2434; x_wconf 84' lang='lat' dir='ltr'><strong>(l).</strong></span> 
     </span>
    </p>
   </div>
   <div class='ocr_carea' id='block_1_106' title="bbox 1001 2450 1751 2488">
    <p class='ocr_par' dir='ltr' id='par_1_106' title="bbox 1001 2450 1751 2488">
     <span class='ocr_line' id='line_1_106' title="bbox 1001 2450 1751 2488; baseline 0.016 -12"><span class='ocrx_word' id='word_1_668' title='bbox 1001 2450 1124 2483; x_wconf 84' lang='lat' dir='ltr'><strong>Theano,</strong></span> <span class='ocrx_word' id='word_1_669' title='bbox 1141 2459 1202 2479; x_wconf 89' lang='lat' dir='ltr'><strong>cum</strong></span> <span class='ocrx_word' id='word_1_670' title='bbox 1218 2461 1231 2480; x_wconf 90' lang='lat' dir='ltr'><strong>a</strong></span> <span class='ocrx_word' id='word_1_671' title='bbox 1247 2457 1364 2488; x_wconf 88' lang='lat' dir='ltr'><strong>tyranno</strong></span> <span class='ocrx_word' id='word_1_672' title='bbox 1378 2456 1494 2484; x_wconf 85' lang='lat' dir='ltr'><strong>vinculis</strong></span> <span class='ocrx_word' id='word_1_673' title='bbox 1509 2459 1660 2486; x_wconf 89' lang='lat' dir='ltr'><strong>constricta</strong></span> <span class='ocrx_word' id='word_1_674' title='bbox 1677 2464 1751 2488; x_wconf 85' lang='lat' dir='ltr'><strong>tene-</strong></span> 
     </span>
    </p>
   </div>
   <div class='ocr_carea' id='block_1_107' title="bbox 965 2498 1747 2540">
    <p class='ocr_par' dir='ltr' id='par_1_107' title="bbox 965 2498 1747 2540">
     <span class='ocr_line' id='line_1_107' title="bbox 965 2498 1747 2540; baseline 0.014 -18"><span class='ocrx_word' id='word_1_675' title='bbox 965 2500 1040 2523; x_wconf 84' lang='lat' dir='ltr'><strong>retur</strong></span> <span class='ocrx_word' id='word_1_676' title='bbox 1059 2501 1087 2523; x_wconf 89' lang='lat' dir='ltr'><strong>ut</strong></span> <span class='ocrx_word' id='word_1_677' title='bbox 1109 2498 1205 2532; x_wconf 70' lang='lat' dir='ltr'><strong>patria:</strong></span> <span class='ocrx_word' id='word_1_678' title='bbox 1221 2504 1326 2527; x_wconf 78' lang='lat' dir='ltr'><strong>secreta</strong></span> <span class='ocrx_word' id='word_1_679' title='bbox 1343 2501 1505 2536; x_wconf 82' lang='lat' dir='ltr'><strong>declararet,</strong></span> <span class='ocrx_word' id='word_1_680' title='bbox 1529 2508 1555 2531; x_wconf 87' lang='lat' dir='ltr'><strong>et</strong></span> <span class='ocrx_word' id='word_1_681' title='bbox 1573 2505 1667 2536; x_wconf 78' lang='lat' dir='ltr'><strong>nollet.</strong></span> <span class='ocrx_word' id='word_1_682' title='bbox 1690 2507 1747 2540; x_wconf 82' lang='lat' dir='ltr'><strong>ipsa</strong></span> 
     </span>
    </p>
   </div>
   <div class='ocr_carea' id='block_1_108' title="bbox 964 2542 1751 2588">
    <p class='ocr_par' dir='ltr' id='par_1_108' title="bbox 964 2542 1751 2588">
     <span class='ocr_line' id='line_1_108' title="bbox 964 2542 1751 2588; baseline 0.014 -20"><span class='ocrx_word' id='word_1_683' title='bbox 964 2542 1083 2577; x_wconf 85' lang='lat' dir='ltr'><strong>linguam</strong></span> <span class='ocrx_word' id='word_1_684' title='bbox 1109 2551 1186 2571; x_wconf 89' lang='lat' dir='ltr'><strong>suam</strong></span> <span class='ocrx_word' id='word_1_685' title='bbox 1208 2545 1336 2574; x_wconf 88' lang='lat' dir='ltr'><strong>dentibus</strong></span> <span class='ocrx_word' id='word_1_686' title='bbox 1349 2548 1469 2581; x_wconf 89' lang='lat' dir='ltr'><strong>procidit</strong></span> <span class='ocrx_word' id='word_1_687' title='bbox 1492 2553 1520 2576; x_wconf 88' lang='lat' dir='ltr'><strong>et</strong></span> <span class='ocrx_word' id='word_1_688' title='bbox 1544 2549 1571 2576; x_wconf 93' lang='lat' dir='ltr'><strong>in</strong></span> <span class='ocrx_word' id='word_1_689' title='bbox 1596 2549 1692 2578; x_wconf 77' lang='lat' dir='ltr'><strong>facient</strong></span> <span class='ocrx_word' id='word_1_690' title='bbox 1708 2556 1751 2588; x_wconf 70' lang='lat' dir='ltr'><strong>ty-</strong></span> 
     </span>
    </p>
   </div>
   <div class='ocr_carea' id='block_1_109' title="bbox 964 2590 1178 2624">
    <p class='ocr_par' dir='ltr' id='par_1_109' title="bbox 964 2590 1178 2624">
     <span class='ocr_line' id='line_1_109' title="bbox 964 2590 1178 2624; baseline 0.014 -9"><span class='ocrx_word' id='word_1_691' title='bbox 964 2590 1042 2616; x_wconf 90' lang='lat' dir='ltr'><strong>ranni</strong></span> <span class='ocrx_word' id='word_1_692' title='bbox 1059 2591 1178 2624; x_wconf 79' lang='lat' dir='ltr'><strong>exspuit.</strong></span> 
     </span>
    </p>
   </div>
   <div class='ocr_carea' id='block_1_110' title="bbox 1114 2645 1602 2684">
    <p class='ocr_par' dir='ltr' id='par_1_110' title="bbox 1114 2645 1602 2684">
     <span class='ocr_line' id='line_1_110' title="bbox 1114 2645 1602 2684; baseline 0.008 -12"><span class='ocrx_word' id='word_1_693' title='bbox 1114 2645 1156 2672; x_wconf 77' lang='lat' dir='ltr'><strong>i9.</strong></span> <span class='ocrx_word' id='word_1_694' title='bbox 1180 2645 1217 2673; x_wconf 87' lang='lat' dir='ltr'><strong>De</strong></span> <span class='ocrx_word' id='word_1_695' title='bbox 1236 2646 1418 2681; x_wconf 82' lang='lat' dir='ltr'><strong>Epaminonda</strong></span> <span class='ocrx_word' id='word_1_696' title='bbox 1433 2653 1458 2675; x_wconf 82' lang='lat' dir='ltr'><strong>et</strong></span> <span class='ocrx_word' id='word_1_697' title='bbox 1471 2648 1602 2684; x_wconf 78' lang='lat' dir='ltr'><strong>Scipione.</strong></span> 
     </span>
    </p>
   </div>
   <div class='ocr_carea' id='block_1_111' title="bbox 999 2701 1750 2740">
    <p class='ocr_par' dir='ltr' id='par_1_111' title="bbox 999 2701 1750 2740">
     <span class='ocr_line' id='line_1_111' title="bbox 999 2701 1750 2740; baseline 0.011 -13"><span class='ocrx_word' id='word_1_698' title='bbox 999 2701 1200 2736; x_wconf 78' lang='lat' dir='ltr'><strong>Epaminondas</strong></span> <span class='ocrx_word' id='word_1_699' title='bbox 1215 2712 1314 2739; x_wconf 78' lang='lat' dir='ltr'><strong>genere</strong></span> <span class='ocrx_word' id='word_1_700' title='bbox 1327 2704 1474 2732; x_wconf 86' lang='lat' dir='ltr'><strong>Thebanus</strong></span> <span class='ocrx_word' id='word_1_701' title='bbox 1486 2710 1554 2738; x_wconf 86' lang='lat' dir='ltr'><strong>erat,</strong></span> <span class='ocrx_word' id='word_1_702' title='bbox 1570 2707 1679 2740; x_wconf 83' lang='lat' dir='ltr'><strong>duxque</strong></span> <span class='ocrx_word' id='word_1_703' title='bbox 1695 2716 1750 2735; x_wconf 86' lang='lat' dir='ltr'><strong>ma-</strong></span> 
     </span>
    </p>
   </div>
   <div class='ocr_carea' id='block_1_112' title="bbox 963 2747 1749 2789">
    <p class='ocr_par' dir='ltr' id='par_1_112' title="bbox 963 2747 1749 2789">
     <span class='ocr_line' id='line_1_112' title="bbox 963 2747 1749 2789; baseline 0.011 -16"><span class='ocrx_word' id='word_1_704' title='bbox 963 2747 1063 2780; x_wconf 79' lang='lat' dir='ltr'><strong>ximus,</strong></span> <span class='ocrx_word' id='word_1_705' title='bbox 1078 2749 1124 2783; x_wconf 90' lang='lat' dir='ltr'><strong>qui</strong></span> <span class='ocrx_word' id='word_1_706' title='bbox 1142 2750 1168 2776; x_wconf 91' lang='lat' dir='ltr'><strong>in</strong></span> <span class='ocrx_word' id='word_1_707' title='bbox 1187 2750 1329 2778; x_wconf 85' lang='lat' dir='ltr'><strong>Lcuetrico</strong></span> <span class='ocrx_word' id='word_1_708' title='bbox 1345 2752 1437 2786; x_wconf 65' lang='lat' dir='ltr'><strong>prazlio</strong></span> <span class='ocrx_word' id='word_1_709' title='bbox 1452 2753 1646 2780; x_wconf 84' lang='lat' dir='ltr'><strong>Thebanorum</strong></span> <span class='ocrx_word' id='word_1_710' title='bbox 1661 2755 1749 2789; x_wconf 81' lang='lat' dir='ltr'><strong>copiis</strong></span> 
     </span>
    </p>
   </div>
   <div class='ocr_carea' id='block_1_113' title="bbox 961 2794 1748 2836">
    <p class='ocr_par' dir='ltr' id='par_1_113' title="bbox 961 2794 1748 2836">
     <span class='ocr_line' id='line_1_113' title="bbox 961 2794 1748 2836; baseline 0.01 -16"><span class='ocrx_word' id='word_1_711' title='bbox 961 2794 1079 2828; x_wconf 75' lang='lat' dir='ltr'><strong>praal&#39;uit.</strong></span> <span class='ocrx_word' id='word_1_712' title='bbox 1105 2794 1301 2831; x_wconf 71' lang='lat' dir='ltr'><strong>Praeceptorcm</strong></span> <span class='ocrx_word' id='word_1_713' title='bbox 1318 2797 1411 2825; x_wconf 87' lang='lat' dir='ltr'><strong>habuit</strong></span> <span class='ocrx_word' id='word_1_714' title='bbox 1435 2797 1590 2827; x_wconf 85' lang='lat' dir='ltr'><strong>Philolaum</strong></span> <span class='ocrx_word' id='word_1_715' title='bbox 1613 2800 1748 2836; x_wconf 80' lang='lat' dir='ltr'><strong>Pythago-</strong></span> 
     </span>
    </p>
   </div>
   <div class='ocr_carea' id='block_1_114' title="bbox 960 2841 1749 2877">
    <p class='ocr_par' dir='ltr' id='par_1_114' title="bbox 960 2841 1749 2877">
     <span class='ocr_line' id='line_1_114' title="bbox 960 2841 1749 2877; baseline 0.01 -9"><span class='ocrx_word' id='word_1_716' title='bbox 960 2847 1047 2868; x_wconf 87' lang='lat' dir='ltr'><strong>reum.</strong></span> <span class='ocrx_word' id='word_1_717' title='bbox 1069 2841 1119 2869; x_wconf 85' lang='lat' dir='ltr'><strong>Hic</strong></span> <span class='ocrx_word' id='word_1_718' title='bbox 1137 2842 1164 2870; x_wconf 91' lang='lat' dir='ltr'><strong>in</strong></span> <span class='ocrx_word' id='word_1_719' title='bbox 1185 2843 1265 2871; x_wconf 88' lang='lat' dir='ltr'><strong>bellis</strong></span> <span class='ocrx_word' id='word_1_720' title='bbox 1280 2843 1378 2871; x_wconf 82' lang='lat' dir='ltr'><strong>eximia</strong></span> <span class='ocrx_word' id='word_1_721' title='bbox 1399 2846 1579 2874; x_wconf 64' lang='lat' dir='ltr'><strong>continentia:</strong></span> <span class='ocrx_word' id='word_1_722' title='bbox 1601 2846 1681 2876; x_wconf 78' lang='lat' dir='ltr'><strong>laude</strong></span> <span class='ocrx_word' id='word_1_723' title='bbox 1698 2847 1749 2877; x_wconf 79' lang='lat' dir='ltr'><strong>ilo-</strong></span> 
     </span>
    </p>
   </div>
  </div>
