2046 3131
287 130 339 158 95$

966 135 1107 166 NONNUS
1125 138 1235 167 ABBAS

1861 138 1915 168 995

287 192 376 224 rebat,
390 196 448 219 tum
462 192 614 219 aciborom
627 193 720 228 copia,
735 197 792 220 tum
809 201 824 221 a
841 195 923 223 rebus
937 199 1070 229 venereis.

1125 200 1173 226 καὶ
1189 200 1244 226 ἀπὸ
1262 197 1428 234 ἀφροδισίων
1443 199 1489 225 καὶ
1502 198 1592 234 πάσης
1618 199 1798 234 ἡδυπαθείας·
1814 200 1853 228 διὸ
1865 203 1917 229 καὶ

288 242 345 265 tum
358 238 476 272 denique
495 238 529 264 ab
549 238 623 265 omni
637 238 785 273 voluptatis
801 247 900 275 genere
917 248 979 268 sese
992 241 1078 269 absti-

288 290 366 310 nens.
383 282 444 315 Quo
458 283 539 310 etiam
560 282 663 310 factum
678 288 737 316 est,
753 289 782 311 ut
805 285 923 312 maxima
945 286 1078 314 adversus

288 328 509 356 Lacedasmonios
522 333 624 364 tropaea
635 330 764 358 erexerit.
777 330 846 358 Huic
859 336 886 358 et
900 333 963 360 vitae
979 341 1078 368 genere

286 378 314 401 et
332 375 454 402 moribus
469 383 522 402 non
546 376 691 403 dissimilis
710 377 817 404 exstitit
833 377 926 413 Scipio
941 378 1078 406 Romano-

287 427 348 445 rum
374 420 533 453 imperator.
561 420 647 455 Cujus
674 421 822 455 singularis
849 430 958 458 quoque
984 423 1075 451 virtus

286 465 400 492 emicuit
419 465 445 492 in
461 466 533 492 bello
547 466 767 502 Carthaginensi.
783 467 862 495 Unde
876 469 956 496 etiam
972 476 986 495 a
1001 469 1076 497 devi-

285 515 330 538 cta
353 515 433 545 gente
454 511 576 538 Africani
600 520 701 540 nomen
723 513 828 541 retulit.
852 514 974 542 Africani
1000 515 1074 542 enim

285 561 365 583 erant
381 557 623 592 Carthaginenses.

1129 245 1245 280 μέγιστα
1261 244 1332 271 κατὰ
1348 244 1571 279 Λακεδαιμονίων
1581 244 1678 281 ἔστησε
1694 246 1824 282 τρόπαια.
1844 248 1872 274 '0
1886 248 1917 275 δὲ

1127 291 1256 322 Σκιπίων,
1283 291 1332 317 καὶ
1356 290 1437 322 αὐτὸς
1463 292 1615 326 στρατηγὸς
1643 292 1797 327 Ῥωμαίων,
1823 293 1916 329 ὅμοιος

1127 338 1197 364 κατὰ
1210 337 1259 372 τὴν
1275 337 1380 364 δίαιταν
1397 336 1446 362 καὶ
1462 336 1491 363 τὸ
1528 335 1594 372 ἦθος
1625 337 1831 374 Ἐπαμινὼνδᾳ’
1855 339 1918 374 ἠρί-

1128 391 1224 409 στευσε
1249 382 1338 409 δὲκαὶ
1359 382 1451 414 αὐτὸς,
1467 382 1495 408 ὲν
1504 381 1542 417 τῷ
1566 382 1631 417 πρὸς
1648 383 1848 418 Καρχηδονίους
1867 394 1917 411 πο-

1127 428 1212 464 λέμῳ,
1233 429 1271 460 ὡς
1287 429 1319 455 ἐκ
1333 430 1384 463 τῆς
1404 428 1481 463 νίκης
1497 428 1544 454 τοῦ
1560 428 1664 460 ἔθνους,
1683 430 1732 465 τὴν
1756 431 1918 466 ἐπωνυμίαν

1127 475 1219 502 λαὸεῖν
1238 475 1285 502 καὶ
1303 475 1435 510 κληθῆναι
1459 474 1578 501 Σκιπίων
1602 475 1765 511 Ἀφρικανός
1777 484 1784 491 ·
1802 477 1917 513 Καρχη-

1126 520 1207 546 δόνιοι
1221 520 1274 556 γὰρ
1288 521 1312 547 οἰ
1334 520 1439 555 ’Λφροί.

897 607 942 635 20.
963 607 1002 634 De
1021 609 1120 643 Alpheo
1141 610 1220 644 ﬂuvio
1241 610 1289 645 (l).

321 651 442 685 Alpheus
457 650 556 678 ﬂuvius
571 656 612 679 est
629 652 761 681 Arcadiae.
779 654 901 682 Arcadiae
914 660 1004 683 autem
1027 659 1092 686 urbs
1116 657 1304 694 Peloponnesi.
1320 657 1366 685 Est
1378 661 1406 685 et
1419 659 1447 686 in
1464 656 1557 685 Sicilia
1574 657 1635 687 fons
1650 657 1761 693 quidam
1777 657 1915 686 Arethusa

287 700 411 726 nomine.
430 699 532 727 Ferunt
546 707 638 728 autem
661 701 795 737 Alpheum
813 704 954 733 Arethusa:
975 714 1068 735 amore
1085 714 1195 744 captum
1216 717 1263 744 per
1283 718 1357 737 mare
1374 711 1402 737 in
1423 709 1587 737 Arethusam
1611 709 1735 742 inﬂuere,
1754 717 1806 737 nec
1828 709 1914 736 maris

284 747 448 781 contagione
462 747 546 778 inlici.
564 748 611 774 sed
629 756 712 783 puros
729 754 811 785 atque
826 752 948 788 integros
968 755 1064 782 latices
1080 757 1114 783 ad
1132 757 1267 785 amasiam
1288 765 1381 785 secum
1401 757 1481 786 ferre.

283 804 328 832 ‘20.
351 804 390 832 De
417 806 458 832 liis
482 806 527 840 qui
550 806 762 869 pedibusbillplis
785 810 883 844 vivunt,
908 815 985 847 atque
1000 812 1073 839 humi

627 850 657 868 cu
677 852 709 869 an
725 864 732 869 .

627 850 732 870 cuna)".

321 885 386 912 Selii
412 893 480 921 gens
493 892 535 913 est
551 886 696 920 Dodonaea,
711 897 744 916 ex
766 897 818 924 qua
842 891 895 926 fagi
915 892 1072 919 sacerdotes

283 931 461 959 creabantur.
479 932 507 959 In
520 932 570 959 hac
582 938 671 960 autem
687 933 748 970 fago
761 934 837 962 Jovis
850 937 991 964 oraculum
1004 943 1072 970 erat.

284 977 488 1012 vocabaturque
514 986 633 1012 quercus
658 978 803 1007 Dodonaea.
825 981 913 1016 Atque
933 982 958 1009 hi
981 990 1073 1010 sacer—

282 1024 373 1057 dotes,
390 1028 420 1050 ut
437 1024 484 1059 qui
510 1024 564 1052 Deo
588 1026 795 1058 ancillarentur,
821 1027 980 1061 pudicitiam
1000 1030 1073 1057 cole»

283 1070 360 1102 bant,
377 1077 427 1096 nec
443 1069 548 1097 balneis
570 1071 730 1103 utebantur,
758 1080 807 1098 nec
829 1073 856 1099 iu
877 1077 960 1106 tecto,
981 1074 1028 1102 scd
1045 1076 1072 1102 in

282 1115 354 1142 nuda
371 1116 454 1142 humo
472 1116 653 1149 dormiebant,
674 1118 903 1151 quemadmodum
923 1119 967 1147 his
981 1121 1073 1149 verbis

283 1165 401 1188 testatur
419 1165 497 1196 poeta
517 1171 523 1188 :

319 1206 376 1243 (los
385 1206 467 1243 justo
485 1206 564 1233 Scllis
578 1207 652 1234 sedes
668 1212 706 1234 est
722 1208 777 1240 [ira
791 1209 934 1243 prophetis,

318 1241 371 1274 Qui
388 1249 433 1268 nec
448 1242 520 1268 humi
532 1251 636 1269 somno;
649 1248 773 1278 carpunt.
792 1241 844 1271 me
855 1244 950 1272 balnea
964 1251 1070 1273 rurant.

445 1308 490 1336 2|.
511 1308 550 1335 De
564 1307 669 1336 Salonis
685 1309 899 1344 inerplebililate.

318 1375 403 1403 Solon
429 1377 606 1404 Atheniensis
630 1377 771 1413 legislator
795 1384 865 1409 erat.
891 1380 912 1407 A
937 1388 992 1415 quo
1007 1388 1070 1408 cum

281 1422 451 1456 postulatum
467 1427 551 1453 esset.
569 1427 598 1448 ut
614 1422 753 1456 juventuti
772 1424 845 1458 leges
866 1425 1010 1458 scriberet.
1023 1432 1069 1460 ju-

281 1467 434 1502 risjurandi
468 1468 600 1502 religione
628 1468 703 1496 cives
729 1477 763 1496 eo
788 1470 897 1505 adegit.
924 1475 954 1498 ut
976 1471 1069 1499 decem

1168 818 1203 842 κ’.
1221 815 1291 849 Περὶ
1302 814 1360 842 τῶν
1373 815 1582 842 ἀνιπτοπόδωγ
1593 814 1643 842 καὶ
1659 814 1870 850 καιμαιευνῶν.

1158 895 1231 930 Παρ⁹
1251 894 1360 930 Ὁμήρῳ
1371 894 1409 929 τῷ
1424 896 1523 930 ποιητῇ
1536 894 1628 921 Σελλοὶ
1645 894 1720 926 ἔθνος
1741 895 1912 921 Δωδωναῖον.

1135 940 1182 966 Ἐκ
1206 939 1308 966 τούτων
1331 940 1413 974 ἱερεῖς
1430 940 1479 974 τῆς
1495 940 1583 975 φηγοῦ
1607 939 1820 974 προεϐάλλοντο·
1839 940 1911 974 αὕτη

1123 985 1151 1012 δὲ
1165 986 1181 1020 ἡ
1197 985 1284 1020 φηγὸς
1304 987 1430 1020 μαντεῖον
1446 984 1480 1020 ἦν
1502 985 1550 1012 τοῦ
1565 986 1635 1018 Διὸς,
1654 987 1670 1021 ὴ
1686 986 1842 1021 καλουμένη
1854 987 1913 1013 Δω-

1121 1031 1223 1058 δωναῖα
1245 1030 1320 1067 δρῦς.
1347 1029 1427 1058 Οὗτοι
1448 1029 1495 1058 οὖν
1518 1033 1541 1058 οἱ
1560 1032 1652 1066 ἱερεῖς,
1676 1029 1720 1058 οἷα
1745 1032 1813 1058 Θεοῦ
1835 1032 1913 1063 ὄντες

1123 1077 1299 1113 θεραπευταὶ,
1313 1077 1474 1111 ἁγνεύοντες
1488 1077 1550 1104 οὔτε
1567 1077 1700 1108 ἐλούοντο,
1713 1077 1775 1104 οὕτε
1792 1079 1820 1104 ὲν
1832 1078 1912 1114 κλίνῃ

1123 1123 1279 1155 ἐκάθευδον,
1292 1123 1361 1150 ἀλλὰ
1370 1124 1468 1159 χαμαὶ,
1480 1122 1518 1154 ὥς
1533 1131 1613 1158 φησιν
1625 1124 1639 1149 6
1654 1125 1769 1158 ποιητὴς
1782 1124 1810 1150 ἐν
1823 1123 1911 1159 τούτῳ

1121 1167 1161 1202 τῷ
1182 1167 1242 1194 ἔπει
1251 1175 1259 1183 ·

1492 1232 1499 1241 .
1518 1233 1525 1240 .
1547 1233 1554 1240 .
1570 1214 1644 1248 ἀμφὶ
1662 1213 1697 1240 δὲ
1707 1213 1815 1240 Σελλοὶ

1139 1245 1319 1276 Συννυίουσ”
1329 1246 1480 1284 ὑποφῆται
1494 1245 1692 1281 ἁνιπτόὶοόες
1708 1249 1893 1284 χαμαιεῦναι.

1263 1316 1318 1344 κα’.
1338 1317 1407 1351 Περὶ
1421 1319 1559 1349 Σόλωνος
1572 1316 1753 1351 ἀπληστίας.

1156 1373 1243 1400 Σόλων
1259 1373 1408 1409 νομοθέτης
1422 1371 1457 1408 ἦν
1478 1372 1637 1408 Ἀθηναίων.
1651 1370 1735 1404 Οὗτος
1746 1372 1908 1408 αἰτούμενος

1121 1418 1300 1453 νομοθετῆσαι
1329 1419 1393 1450 τοὺς
1418 1419 1527 1453 νόμους,
1552 1419 1676 1454 ἀπῄτησε
1701 1419 1766 1450 τοὺς
1796 1418 1908 1450 πολίτας

1121 1464 1228 1499 ὅρκους,
1255 1465 1296 1491 ὅτι
1316 1464 1349 1500 δὴ
1365 1465 1506 1491 δεκαετίαν
1530 1465 1660 1500 στέρξωσι
1683 1465 1731 1491 καὶ
1757 1465 1909 1500 ὲμμείνωσι

281 1521 371 1541 annos
388 1513 476 1548 ipsius
494 1514 599 1549 legibus
620 1515 839 1549 acquiescerent,
864 1524 896 1543 ac
918 1521 1022 1552 postea.
1045 1518 1068 1545 si

1122 1511 1178 1541 τοῖς
1195 1509 1259 1545 παρ’
1277 1509 1360 1537 αὐτοῦ
1384 1509 1538 1545 τιθεμένοις
1560 1510 1673 1545 νόμοις·
1695 1511 1742 1537 καὶ
1759 1510 1864 1543 λοιπὸν,
1883 1511 1908 1536 εί

280 1559 373 1587 minus
395 1560 463 1595 ipsis
479 1559 643 1593 arriderent,
659 1569 706 1588 eas
729 1561 902 1597 abrogarent.
929 1563 957 1590 Id
977 1567 1067 1590 autem

281 1606 334 1633 hoc
350 1607 468 1633 consilio
484 1606 613 1639 faciebat,
629 1611 658 1634 ut
669 1607 721 1643 ipsi
738 1608 844 1643 legibus
860 1609 934 1636 illius
945 1609 1071 1645 aliquan-

282 1652 370 1679 tulum
395 1652 586 1688 obtemperare
606 1658 809 1682 assuescerent.
829 1654 888 1681 Non
914 1656 985 1682 enim
1011 1659 1071 1683 erat

282 1699 393 1733 ignarus
411 1697 469 1725 l‘ore
486 1703 527 1729 ut.
552 1698 574 1725 si
592 1698 665 1734 leges
679 1707 749 1733 quas
771 1700 838 1734 ipsis
858 1700 972 1734 ferebat,
987 1702 1071 1728 semel

281 1745 486 1780 degustassent,
513 1752 584 1780 aegre
609 1746 643 1772 ab
671 1746 714 1773 his
744 1750 838 1780 postea
861 1746 1068 1774 divellerentur.

279 1789 401 1824 Accepto
417 1798 482 1825 ergo
501 1797 516 1816 a
533 1791 642 1818 civibus
655 1791 846 1826 jurejurando.
865 1800 927 1820 cum
943 1793 1015 1829 leges
1030 1794 1071 1828 ip-

280 1837 319 1864 sis
343 1837 529 1872 imposuisset,
556 1838 670 1865 Athenis
696 1839 825 1871 excessit,
850 1839 1012 1866 decennium
1036 1841 1070 1867 ab

280 1884 348 1911 urbe
363 1883 521 1911 abfuturus.
550 1883 706 1919 Peragratis
725 1890 814 1912 autem
838 1886 932 1913 multis
955 1886 1070 1913 urbibus

280 1929 309 1956 in
325 1929 437 1965 Lydiam
454 1937 565 1964 quoque
581 1930 615 1957 ad
629 1930 754 1957 Crmsum
767 1931 906 1966 profectus
921 1936 972 1959 est.
990 1931 1069 1959 Hune

279 1975 373 2010 itaque
398 1983 445 2002 rex
472 1975 654 2003 admiratione
671 1975 779 2004 aﬂicere
807 1978 931 2012 cupiens.
950 1977 983 2005 ad
1010 1979 1070 2006 the-

280 2027 378 2047 sauros
400 2028 467 2047 suos
489 2020 578 2053 duxit,
592 2021 700 2056 ipsique
711 2026 843 2057 quantum
858 2030 926 2050 auro
936 2023 1068 2056 aﬂlueret,

279 2066 414 2094 ostendit.
435 2066 552 2102 Moxque
569 2075 632 2095 eum
657 2075 672 2094 a
690 2069 827 2095 thesauris
851 2068 1010 2097 redeuntem
1028 2069 1069 2096 iu-

279 2113 443 2147 terrogavil,
459 2114 554 2148 ecquis
576 2113 687 2141 tandem
705 2122 737 2141 ex
755 2115 884 2142 omnibus
906 2116 1069 2143 mortalibus

279 2157 332 2192 ipsi
351 2157 529 2186 beatissimus
545 2159 695 2191 videretur,
716 2161 878 2188 existimans
894 2161 989 2196 utique
1003 2169 1065 2189 eum

281 2203 422 2232 felicitatis
439 2205 542 2240 primas
558 2205 610 2240 ipsi
626 2206 766 2233 daturum.
791 2205 875 2234 Solon
901 2211 991 2234 autem
1006 2206 1069 2234 Tel-

280 2249 337 2277 lum
357 2250 555 2277 Atheniensem
568 2250 622 2277 sibi
638 2251 760 2278 omnium
777 2251 966 2278 beatissimum
982 2250 1070 2279 videri

279 2296 432 2330 respondit.
460 2296 663 2324 Beatitudinem
691 2298 763 2324 enim
790 2304 844 2324 non
871 2297 898 2324 in
918 2297 1015 2332 opibus
1037 2305 1070 2324 ac

279 2343 420 2378 superbia,
444 2343 493 2370 sed
516 2343 542 2370 in
561 2345 622 2370 vitae
648 2343 848 2378 tranquillitate
871 2344 1069 2371 constituebat.

279 2389 471 2424 inexplebilem
494 2390 587 2425 itaque
610 2389 738 2417 Solonem
757 2390 872 2417 Croesus
888 2395 976 2423 vocat,
995 2391 1069 2425 quod

280 2436 399 2470 majores
414 2443 482 2470 opes
507 2443 575 2463 auro
600 2436 687 2472 Lydio
706 2436 799 2463 videre
820 2440 973 2471 exoptaret.
998 2437 1069 2464 Sunt

279 2486 370 2509 autem
387 2482 490 2509 divitiae
513 2490 600 2517 genus
623 2482 762 2517 quoddam
790 2482 926 2509 felicitatis
941 2483 969 2510 in
986 2483 1068 2511 rebus

278 2527 402 2554 externis
417 2527 512 2554 situm.
527 2527 576 2555 Est
591 2527 693 2562 quippe
711 2527 809 2562 triplex
828 2527 954 2559 felicitas.
972 2528 1069 2555 anima:

280 2572 477 2606 tranquillitas.
496 2574 620 2607 corporis
641 2573 758 2604 sanitas,
776 2577 803 2600 et
829 2581 920 2600 rerum
939 2579 1067 2600 externa-

280 2625 340 2644 rum
356 2617 505 2647 allluentia.
524 2617 563 2644 Ac
581 2619 695 2653 proinde
710 2618 896 2653 adjiciendum
911 2624 970 2646 erat
987 2619 1067 2647 Solo-

280 2663 329 2690 ni:
359 2663 387 2690 Si
413 2664 505 2691 animo
528 2672 637 2698 quoque
661 2665 907 2699 prazstantissimus
931 2673 1025 2698 esses,
1049 2673 1066 2692 o

279 2707 383 2740 Crmse,
404 2708 512 2735 abunde
526 2708 576 2735 tibi
593 2712 635 2736 est
649 2717 731 2744 opum
752 2709 786 2736 ad
803 2709 954 2745 explendas
973 2715 1062 2737 exter-

281 2760 322 2780 nae
336 2753 473 2782 fclicitatis
489 2762 629 2782 numeros.

315 2841 353 2873 (Ι)
367 2841 476 2874 Graeca,
498 2850 559 2876 qua:
581 2843 652 2877 apud
670 2843 795 2871 Nonnum
813 2845 929 2876 desunt,
955 2846 1062 2872 exhibet

283 2875 399 2904 Cosmas
419 2875 682 2910 llieroSolymi'tanus
697 2879 730 2906 ad
746 2879 802 2913 λύγ.
819 2879 857 2914 ﬁ?
877 2881 904 2908 S.
929 2880 1063 2916 Gregorii.

1122 1554 1159 1590 μὴ
1176 1554 1370 1589 συναρέσουσιν
1386 1554 1489 1586 αὐτοῖς,
1501 1555 1532 1581 τὸ
1546 1555 1671 1590 τηνικάδε
1686 1554 1806 1582 λύσουσι.
1823 1555 1910 1582 Τοῦτο

1120 1599 1148 1626 δὲ
1165 1599 1302 1634 ἐποίησεν,
1329 1599 1373 1626 ἵνα
1394 1599 1463 1630 τέως
1485 1599 1634 1636 προσεθίσῃ
1658 1599 1756 1632 αὐτοὺς
1779 1601 1909 1635 ἐμμεῖναι

1120 1646 1163 1671 ἐπ’
1177 1645 1267 1680 ὀλίγον
1282 1646 1378 1681 χρόνον
1396 1647 1454 1675 τοῖς
1466 1646 1569 1681 νόμοις.
1590 1646 1668 1682 ᾚδει
1683 1646 1738 1681 γὰρ
1750 1645 1788 1677 ὡς
1804 1647 1829 1672 εί
1845 1645 1910 1680 γεὺ-

1121 1700 1222 1718 σωνται
1245 1687 1296 1726 τῆς
1318 1691 1490 1727 νομοθεσίας,
1506 1692 1599 1718 λοιπὸν
1613 1692 1821 1727 δυσμεταθέτως
1840 1693 1908 1727 σχή‹

1121 1745 1213 1763 σουσιν
1228 1737 1323 1772 αὐτῆς.
1342 1736 1441 1764 Λαϐὼν
1453 1737 1542 1764 τοίνυν
1557 1738 1571 1763 6
1586 1737 1674 1764 Σόλων
1688 1737 1733 1764 τὸν
1740 1738 1821 1773 ὅρκον
1834 1737 1910 1772 παρὰ

1119 1783 1174 1809 τῶν
1202 1783 1361 1818 Ἀθηναίων,
1389 1783 1436 1809 καὶ
1463 1783 1647 1818 νομοθετήσας
1669 1784 1770 1814 αὐτοῖς,
1798 1783 1910 1818 ἐξῆλθεν

1120 1827 1174 1854 ἀπὸ
1200 1827 1319 1862 Ἀθηνῶν
1339 1827 1455 1861 ὀφείλων
1478 1826 1527 1861 τὴν
1546 1827 1688 1854 δεκαετίαν
1712 1826 1764 1859 ἔξω
1784 1828 1908 1863 ποιῆσαι.

1121 1873 1282 1909 Περιπολῶν
1293 1871 1340 1900 οὖν
1356 1873 1406 1905 τὰς
1417 1873 1520 1905 πόλεις,
1534 1871 1599 1908 ἦλθε
1612 1874 1659 1900 καὶ
1673 1875 1712 1905 είς
1724 1874 1824 1901 Λυδίαν
1834 1875 1909 1909 παρὰ

1121 1921 1238 1955 Κροῖσον
1257 1921 1302 1946 τὸν
1328 1919 1450 1955 βασιλέα.
1481 1920 1530 1946 ‘Ov
1555 1919 1666 1945 ἐλθόντα
1685 1921 1698 1945 6
1718 1920 1846 1954 Κροῖσος,
1869 1921 1910 1951 εἰς

1121 1965 1215 2000 θαῦμα
1234 1966 1318 1993 θέλων
1342 1966 1462 2000 κινῆσαι,
1481 1965 1602 2001 ἔπεμψεν
1623 1966 1663 1997 είς
1677 1967 1739 1997 τοὺς
1755 1965 1909 2002 θησαυροὺς

1126 2012 1209 2039 αὐτοῦ
1220 2021 1226 2027 ⁸
1243 2013 1416 2048 ἐπανήκοντα
1431 2011 1459 2038 δὲ
1476 2011 1530 2037 ἀπὺ
1553 2011 1607 2038 τῶν
1625 2011 1769 2047 θησαυρῶν
1791 2013 1837 2038 τὸν
1860 2012 1907 2039 Σό-

1120 2058 1203 2090 λωνα,
1217 2058 1300 2093 ἠρετο
1309 2059 1323 2084 6
1333 2059 1461 2093 Κροῖσος,
1476 2058 1537 2084 τίνα
1550 2057 1655 2092 νομίζοι
1669 2058 1909 2093 εὐδαιμονέστερον

1121 2105 1228 2131 πάντων
1246 2104 1409 2140 ἀνθρώπων,
1425 2104 1634 2140 ὑπολαμϐάνων,
1649 2106 1690 2131 ὁτι
1714 2105 1746 2140 δὴ
1761 2105 1842 2131 αὐτὸν
1856 2105 1910 2140 πρὸ

1122 2153 1229 2179 πάντων
1247 2151 1329 2178 εἴποι.
1356 2152 1385 2178 '0
1399 2152 1427 2178 δὲ
1444 2152 1533 2179 Σόλων
1554 2152 1730 2187 ἀπεκρίνατο,
1751 2152 1850 2179 Τέλλον
1863 2153 1909 2178 τὸν

1127 2198 1278 2234 Ἀθηναῖον.
1302 2198 1424 2234 Ὧρίζετο
1446 2199 1501 2235 γὰρ
1515 2199 1528 2225 6
1553 2198 1652 2231 Σόλων,
1675 2198 1706 2224 οὐ
1725 2198 1770 2224 τὸν
1793 2198 1909 2224 πλοῦτον

1119 2245 1166 2272 καὶ
1180 2244 1230 2280 τὴν
1246 2245 1426 2281 περιφάνειαν
1443 2245 1628 2281 εὐδαιμονίαν,
1645 2244 1713 2271 ἀλλὰ
1729 2244 1774 2270 τὸν
1795 2244 1909 2276 ἀπαθῶς

1120 2289 1259 2326 ζήσαντα,
1291 2290 1464 2317 ἀποθανόντα
1489 2290 1517 2317 δὲ
1542 2290 1753 2325 ἀριστεύσαντα.
1778 2289 1834 2317 Νῦν
1862 2288 1909 2317 οὖν

1119 2336 1255 2371 ἄπληστον
1274 2336 1352 2363 καλεί
1365 2337 1411 2363 τὸν
1423 2336 1539 2368 Σόλωνα,
1557 2336 1594 2368 ὡς
1607 2336 1718 2363 πλείονα
1732 2337 1846 2363 πλοῦτον
1860 2336 1907 2363 τοῦ

1120 2380 1216 2407 Λυδίου
1236 2379 1338 2415 χρυσοῦ
1351 2380 1515 2416 ὀρεγόμενον
1530 2380 1690 2407 θεάσασθαι.
1702 2381 1757 2408 Καὶ
1768 2382 1783 2407 6
1794 2381 1909 2413 πλοῦτος

1120 2426 1148 2452 δὲ
1169 2425 1327 2460 εὐδαιμονία
1344 2435 1386 2458 τις
1405 2426 1516 2461 περὶτὰ
1536 2426 1623 2457 ἐκτός.
1641 2426 1722 2462 Τρεῖς
1735 2426 1765 2452 δὲ
1781 2427 1908 2462 εὐδαιμο-

1120 2470 1179 2501 νίας
1198 2468 1268 2496 οἷδεν
1289 2470 1303 2496 6
1322 2470 1398 2504 λόγος
1410 2478 1417 2485 ⁸
1436 2470 1485 2506 τὴν
1503 2472 1532 2497 ἐν
1548 2472 1620 2506 ψυχῇ
1648 2470 1794 2502 ἀπάθειαν,
1814 2472 1864 2506 τὴν
1878 2471 1907 2498 ὲν

1120 2515 1227 2551 σώματι
1257 2516 1363 2550 ὑγείαν,
1388 2515 1438 2551 τὴν
1464 2517 1529 2552 περὶ
1555 2516 1589 2542 τὰ
1616 2516 1693 2548 ἐκτὸς
1719 2516 1906 2544 πολυτέλειαν.

1127 2561 1227 2597 Ἐχρῆν
1250 2560 1296 2588 οὗν
1319 2562 1364 2588 τὸν
1381 2563 1490 2589 Σόλωνα
1507 2563 1674 2597 προσθεῖναι,
1694 2563 1735 2589 δτι
1752 2563 1784 2589 Εἰ
1803 2563 1852 2590 καὶ⁵
1872 2564 1905 2598 τῇ

1119 2607 1195 2643 ψυχῇ
1209 2606 1242 2644 ᾖς
1257 2608 1377 2643 ἄριστος,
1396 2608 1487 2640 ἱκανός
1502 2617 1542 2635 σοι
1552 2609 1566 2634 ὸ
1579 2608 1692 2641 πλοῦτος
1700 2609 1767 2644 πρὸς
1780 2608 1828 2644 τὴν
1842 2609 1906 2644 περὶ

1120 2654 1154 2680 τὰ
1174 2655 1252 2685 ἐκτὸς
1265 2653 1447 2688 εὐδαιμονίαν.

1121 2845 1224 2887 Similia
1239 2848 1311 2887 enim
1327 2848 1632 2887 apudnutrumquenon
1648 2857 1838 2887 semerlegcrc
1853 2855 1903 2880 est.

1124 2880 1189 2909 \‘ide
1202 2881 1270 2916 Opp.
1287 2880 1411 2919 Gregorii
1427 2880 1529 2911 nostrae
1544 2885 1608 2912 edit.
1624 2889 1691 2913 tom.
1710 2885 1754 2913 IV.
