2046 3131
147 137 205 166 991-

273 195 325 231 κβ’.
345 195 414 230 Περὶ
431 195 605 229 Σωκράτους
615 198 806 231 φιλοκαλίας.

192 242 220 268 '0
241 241 390 276 Σωκράτης
406 241 552 276 φιλόσοφος
568 242 606 269 ὢν
624 243 739 278 περιῆγε
754 244 804 279 τὴν
818 244 932 279 ἀγορὰν.

151 289 195 315 καὶ
213 287 249 314 τὰ
272 287 402 323 μειράκια
422 288 606 323 προετρέπετο
628 288 675 315 ἐπὶ
690 289 867 323 φιλοσοφίανι
887 289 934 316 καὶ

151 334 269 369 μάλιστα
289 334 415 368 ἐνόμιζεν
435 332 506 360 εἶναι
527 333 596 368 πρὸς
621 334 779 369 φιλοσοφίαν
794 335 934 370 ἐπιτήδεια

148 381 181 406 τὰ
195 379 350 414 περικαλλῆ
366 379 495 414 μειράκια
505 388 511 394 ·
529 381 594 410 τοὺς
607 380 660 417 γὰρ
676 380 829 416 εὐμόρφους
840 381 934 414 λέγου-

150 434 191 451 σιν
204 423 331 451 εἶναικαὶ
340 425 460 459 εὐφυεῖς.
472 423 526 451 Ἦν
542 423 589 452 οὖν
600 425 663 458 δόξα
674 426 750 461 παρὰ
771 426 930 462 Ἀθηναίοις.

149 471 189 496 ὅτι
201 470 385 506 παιδεραστής
400 468 434 505 ἦν
451 471 465 496 6
479 470 636 505 Σωκράτης,
657 471 701 497 διὰ
713 471 744 497 τὸ
756 471 931 506 ἐπιλέγεσθαι

148 517 210 548 ".06;
235 516 398 551 εὐμόρφους.
410 516 573 552 Εὑρίσκεται
585 516 613 543 δὲ
625 517 671 543 καὶ
685 517 701 542 6
720 516 831 544 Πλάτων
851 518 879 544 ὲν
893 517 932 553 τῷ

149 562 306 597 Θεαιτήτῳ,
325 563 370 589 καὶ
388 562 526 597 πανταχοῦ
540 563 611 589 οὕτω
633 563 719 598 λέγων
741 564 806 598 περὶ
821 564 932 600 Σωκρά-

148 617 224 640 τους·
239 609 281 634 ὅτι
294 608 383 640 Καλὸς
395 609 410 635 6
421 608 578 643 Θεαίτητος,
597 609 644 635 καὶ
657 610 737 641 καλὸς
749 610 763 635 6
777 609 929 645 Χαρμίδης.

151 655 298 688 ’Δντικρυς
309 653 355 681 οὖν
370 656 399 681 ὲν
413 656 470 686 τοῖς
481 655 694 690 λόγοιςὲμφασιν
700 655 813 691 παρέχει
833 657 847 682 ὁ
860 656 931 682 Πλά-

148 709 210 732 των,
231 701 273 727 ὂτι
289 701 436 736 Σωκράτης
459 700 623 737 ὑπωπτεύθη
641 701 763 734 τοιοῦτος
783 700 863 735 εἶναι,
887 702 931 729 διὰ

148 745 197 777 τὰς
219 745 358 776 τοιαύτας,
379 745 416 776 ὡς
439 743 526 779 ε’ίπον⁹
551 747 767 782 ὰντερωτήσεις·
789 748 830 774 ὅτι
849 748 930 779 καλὸς

151 790 199 824 μὲν
215 787 260 824 ἧν,
274 790 304 816 οὐ
321 790 371 825 τὴν
381 790 453 824 ὄψιν,
467 790 534 818 ἀλλὰ
544 791 593 827 τὴν
608 792 708 827 ψυχήν.
730 792 883 828 Ύπενοήθη
902 793 930 819 δὲ

148 837 188 861 ὅτι
205 835 254 862 καὶ
265 835 304 870 τῷ
328 835 482 871 Ἀλκιϐιάδῃ
498 836 654 870 συγγίνεται
671 837 741 863 κατὰ
755 837 799 864 τὸν
818 838 930 873 αἰσχρὸν

149 881 247 916 ἔρωτα.
272 882 304 908 Οἱ
327 882 355 908 δὲ
373 882 437 918 περὶ
455 882 616 918 Σωκράτους
638 883 772 916 λέγοντες,
793 884 875 918 φασὶν
888 884 929 910 ὅτι

150 927 306 960 συνεγένετο
322 927 415 960 πᾶσιν,
430 928 460 954 οὺ
477 928 546 954 κατὰ
557 928 601 955 τὸν
619 929 730 965 ἐμπαθῆ
744 929 842 965 ἔρωτα,
863 929 930 957 ἀλλὰ

148 972 218 998 κατὰ
232 972 278 998 τὸν
293 971 392 998 ἔνθεον.

297 1057 348 1092 κγ’⁶
370 1057 440 1092 Περὶ
457 1058 617 1092 Πλάτωνος
631 1060 778 1094 λιχνείας.

179 1104 295 1131 Πλάτων
317 1105 330 1130 6
352 1104 496 1138 φιλόσοφος
517 1105 634 1137 ἀκούων,
657 1105 697 1132 ὅτι
721 1105 896 1141 μεγαλοφυὴς
916 1107 930 1133 6

146 1150 283 1181 Δωνύσιος
299 1151 313 1176 6
336 1150 386 1185 τῆς
410 1150 534 1181 Σικελίας
559 1151 704 1186 τύραννος,
725 1150 839 1177 ἔπλευσε
862 1152 929 1186 πρὸς

146 1196 237 1223 αὐτόν,
258 1196 313 1222 Καὶ
327 1196 351 1222 οἱ
370 1196 419 1230 μὲν
443 1195 576 1230 ἐξηγηταὶ
591 1195 639 1222 νῦν
660 1196 705 1222 τοῦ
725 1196 868 1228 Πλάτωνος
883 1197 928 1223 λέ-

147 1249 237 1274 γουσιν
251 1241 291 1266 ὃτι
304 1240 418 1267 ἔπλευσε
434 1240 477 1266 διὰ
489 1240 535 1266 δύο
554 1241 659 1272 αἰτίας·
674 1241 717 1267 ἵνα
735 1241 782 1268 καὶ
797 1242 928 1277 ίστορήσῃ

144 1285 174 1311 τὸ
186 1286 215 1311 ὲν
232 1286 265 1319 τῇ
278 1285 359 1319 Αῐτνῃ
372 1283 428 1320 πῦρ
440 1284 641 1319 ἀναδιδόμενον,
657 1285 704 1311 καὶ
723 1285 766 1311 ἵνα
780 1286 860 1321 πείσῃ
870 1287 928 1312 Διο-

144 1329 235 1354 νύσιον
245 1327 433 1362 φιλοσοφῆσαι.
449 1327 478 1354 ’0
488 1328 517 1354 δὲ
533 1328 666 1364 μακάριος
672 1329 821 1364 Γρηγόριός
834 1338 926 1364 φησιν,

143 1374 183 1400 ὅτι
199 1374 243 1400 διά
259 1373 339 1400 τοῦτο
355 1372 475 1408 ἀπῆλθεν
487 1374 502 1400 6
516 1373 629 1401 Πλάτων
642 1375 670 1400 ὲν
686 1374 807 1410 Σικελίᾳ,
822 1374 866 1400 διὰ
877 1375 928 1410 τὴν

145 1420 319 1447 πολυτέλειαν
338 1419 391 1446 τῶν
406 1420 535 1455 ἀρίστων,
551 1415 588 1446 ὧν
604 1419 691 1447 ἐποίει
710 1420 845 1452 Διονύσιος
857 1428 864 1435 ·
881 1421 928 1447 καὶ

143 1467 262 1492 ποιεῖται
285 1466 444 1501 τεκμήριον,
473 1465 514 1492 ὃτι
537 1465 645 1501 ἀληθῶς
672 1465 716 1492 διὰ
739 1465 787 1501 τὴν
809 1465 927 1501 λιχνείαν

143 1511 257 1538 ἔπλευσε
266 1511 297 1537 τδ
306 1510 444 1546 πραθῆναι
455 1511 534 1537 αὑτὸν
550 1510 625 1547 παρὰ
642 1511 789 1538 Διονυσίου.
805 1511 925 1547 Ἐπράθη

143 1558 170 1584 δὲ
182 1558 220 1594 τῷ
235 1558 292 1584 ὄντι
307 1557 414 1584 Πόλλιδι
428 1557 466 1590 τῷ
481 1557 608 1593 ναυάρχῳ
623 1557 678 1586 τῶν
693 1557 924 1593 Λακεδαιμονίων,

142 1605 261 1639 διάγοντι
277 1603 425 1640 τηνικαῦτα
442 1605 531 1630 ἐκεῖσε
541 1613 549 1620 ο
569 1601 630 1630 εἶτα
644 1605 659 1630 6
673 1604 769 1636 Πόλλις
785 1604 868 1631 ἐλθὼν
887 1606 926 1636 είς

142 1652 253 1686 Αἴγιναν
290 1651 374 1677 πωλεί
387 1651 469 1677 αὑτὸν
494 1651 662 1686 πεντήκοντα
688 1650 762 1677 uvth
778 1647 816 1683 τῷ
844 1651 926 1678 Ἄννι-

143 1698 229 1733 κάρῳ.

176 1797 272 1824 Πολλοὶ
289 1797 317 1823 δὲ
333 1797 380 1823 καὶ
399 1796 453 1823 τῶν
465 1796 590 1823 Στωϊκῶν
605 1796 712 1831 ἀρχαῖοί
728 1804 819 1831 φασιν,
831 1796 868 1828 ὡς
881 1797 925 1824 διὰ

141 1843 260 1878 λιχνείαν
275 1843 342 1878 πρὸς
362 1843 407 1870 τὸν
429 1843 565 1870 Διονύσιον
580 1843 699 1878 ἀπῆλθεν
713 1844 727 1870 6
744 1843 868 1876 Πλάτων,
884 1842 925 1875 οἷς

140 1891 187 1917 καὶ
199 1891 213 1917 6
224 1890 376 1925 Γρηγόριος
391 1889 489 1924 μᾶλλον
503 1889 666 1920 συντίθεται,
679 1889 726 1916 καὶ
740 1889 771 1915 οὐ
786 1891 841 1920 τοῖς
859 1898 925 1916 νεω-

145 1937 229 1972 οέροις
245 1936 385 1967 Πλάτωνος
405 1936 560 1971 ἐξηγηταῖς.
572 1935 653 1970 Λέγει
670 1935 699 1962 δὲ
714 1935 760 1962 καὶ
774 1937 788 1962 6
800 1935 924 1970 Ξενοφῶν

141 1983 183 2015 sic
196 1982 254 2015 τὴν
267 1981 340 2016 πρὸς
356 1981 505 2014 Αισχίνην
516 1980 693 2014 ἐπιστολὴν,
705 1981 743 2012 ὠς
753 1981 796 2007 διὰ
806 1981 924 2016 λαιμαρ-

141 2029 200 2064 γίαν
218 2030 233 2055 6
247 2029 357 2055 Πλάτων
367 2029 407 2060 είς
422 2029 471 2064 τὴν
484 2028 608 2055 Σικελίαν
625 2027 729 2063 ἀπῆλθε
749 2028 817 2064 πρὸς
833 2029 924 2055 Διονύ-

141 2082 197 2102 σιον
208 2074 254 2101 τὸν
269 2074 409 2109 τύραννον.
509 2071 517 2081 ‘

256 2120 305 2147 κδ’.
327 2121 395 2154 Περὶ
411 2119 614 2154 Ξενοκράτους
628 2121 808 2154 ὀψοφαγιάς.

173 2167 344 2202 Ξενοκράτης
363 2166 409 2193 καὶ
436 2166 622 2202 Ἀριστοτέλης
644 2165 763 2201 μαθηταὶ
782 2165 828 2193 τοῦ
850 2165 923 2193 Πλά-

553 136 598 164 AD
617 136 646 164 S.
665 137 829 166 GREGORII
845 137 949 166 ORAT.
970 137 980 164 1
998 137 1138 166 CONTRA
1157 137 1340 166 JL'LIANUM.

1715 141 1768 171 999

1078 197 1121 224 22.
1145 197 1183 224 De
1200 197 1337 224 Socratico
1350 197 1553 231 pulchritudinis
1572 206 1671 225 amore.

1021 242 1150 270 Socrates
1165 243 1345 278 philosophus
1359 243 1448 270 forum
1458 244 1630 276 circumibat,
1639 244 1767 280 juvenes-

985 296 1037 323 que
1051 289 1084 315 ad
1102 289 1281 323 philosophiae
1297 289 1419 317 studium
1436 289 1609 322 hortabatur,
1635 298 1667 318 ac
1698 298 1768 325 prte-

986 335 1082 362 sertim
1108 335 1225 370 eleganti
1242 334 1329 361 forma
1356 335 1494 369 praeditos,
1514 343 1584 371 quos
1599 336 1632 363 ad
1647 336 1768 370 philoso-

986 380 1077 413 phiam
1092 384 1172 414 aptos
1188 387 1249 407 esse
1264 379 1417 414 judicabat.
1434 379 1501 407 Nam
1518 380 1564 415 qui
1587 381 1692 407 liberali
1710 380 1768 407 l'or-

984 432 1027 452 ma
1043 429 1118 457 sunt,
1132 425 1243 453 eosdem
1258 433 1368 460 quoque
1382 426 1489 461 egregia
1507 426 1590 453 animi
1604 426 1694 454 indole
1706 434 1768 454 esse

984 471 1085 498 l‘erunt.
1104 470 1132 498 ln
1147 471 1219 498 hanc
1231 479 1295 506 ergo
1308 472 1464 506 opinionem
1479 472 1588 499 adducti
1605 477 1669 500 sunt
1684 473 1767 500 Athe-

983 517 1104 549 nienses,
1121 521 1150 544 ιιι
1171 516 1310 544 Socratem
1328 525 1473 552 puerorum
1497 524 1590 545 amore
1611 522 1768 553 correptum

982 571 1045 590 esse
1063 567 1201 597 putarent,
1221 564 1293 598 quod
1309 563 1511 598 pulcherrimos
1529 571 1653 599 quosque
1666 565 1768 598 delige-

982 613 1033 636 ret.
1059 608 1130 641 Quin
1162 610 1220 644 ipse
1247 617 1356 644 quoque
1384 609 1461 636 Plato
1489 614 1546 636 tum
1570 610 1597 637 in
1624 609 1766 643 Thaletem,

982 659 1039 680 tum
1057 655 1158 689 passim
1174 655 1201 682 in
1213 656 1270 682 suis
1285 655 1396 690 scriptis
1407 655 1443 681 ita
1455 654 1596 682 Socratem
1611 655 1767 690 loquentem

982 700 1098 731 inducit,
1108 700 1223 729 Pulcher
1234 705 1277 729 est
1288 700 1451 732 Theaetetus,
1469 701 1582 735 pulcher
1594 701 1766 728 Charmides.

981 745 1020 772 Ac
1038 746 1117 780 plane
1135 746 1161 772 in
1177 746 1293 781 dialogis
1307 746 1366 774 suis
1381 746 1500 773 ostendit
1512 745 1651 774 Socratem
1669 746 1766 781 hujus—

981 790 1054 817 modi
1080 791 1238 825 suspicione
1256 791 1407 822 labomsse,
1422 795 1533 826 propter
1547 792 1628 823 tales,
1652 795 1682 818 ut
1697 792 1767 819 veri-

982 835 1072 862 simile
1093 840 1147 868 est,
1175 835 1347 863 adversaries
1370 836 1621 871 percunctationes.
1644 837 1679 863 At
1701 845 1766 864 vero

982 881 1027 908 ille
1042 881 1126 908 animi
1155 889 1210 909 non
1231 882 1356 916 corporis
1379 883 1610 917 pulchritudinem
1629 883 1764 918 intellige-

980 927 1036 954 bat.
1062 926 1223 962 Quanquam
1249 928 1463 956 Atheniensibus
1486 929 1513 955 in
1538 929 1608 956 hanc
1630 929 1765 964 suspicio-

980 981 1041 1000 nem
1058 974 1140 1006 venit,
1164 978 1194 1000 ut
1213 982 1275 1001 eum
1298 974 1422 1002 obscenae
1447 975 1571 1002 libidinis
1590 983 1674 1002 causa
1698 983 1761 1002 cum

980 1017 1120 1046 Alcibiade
1140 1019 1367 1046 consuetudinem
1381 1019 1483 1046 habere
1497 1019 1698 1047 existimarent.

1167 1065 1212 1092 25.
1230 1064 1268 1091 οε
1284 1063 1405 1091 Plaloms
1422 1065 1584 1099 Iiguritione.

1014 1109 1196 1146 Philosophus
1213 1110 1290 1138 Plato
1304 1119 1366 1138 cum
1381 1110 1541 1146 Dionysium
1560 1111 1661 1139 Sicilia:
1671 1115 1764 1147 tyran-

979 1164 1044 1184 num
1065 1156 1166 1192 ingenii
1187 1157 1376 1191 magnitudine
1387 1161 1469 1191 atque
1481 1157 1572 1185 indole
1588 1157 1764 1192 praestarent-

980 1203 1138 1235 tellexisset,
1150 1203 1182 1230 ad
1193 1211 1254 1230 eum
1265 1203 1411 1238 navigavit.
1421 1203 1458 1229 Ac
1469 1202 1590 1230 Platonis
1601 1203 1710 1238 quidem
1725 1204 1764 1230 in-

979 1252 1111 1283 terpretes
1125 1248 1261 1283 duplicem
1275 1247 1357 1282 hujus
1375 1247 1557 1282 navigationis
1571 1255 1681 1274 causam
1698 1248 1764 1274 allie-

979 1298 1053 1327 runt,
1065 1295 1188 1326 alteram,
1202 1299 1231 1322 ut
1244 1294 1331 1329 ignem
1348 1294 1423 1320 illum
1442 1293 1487 1327 qui
1502 1301 1533 1320 ex
1544 1292 1626 1320 Aitna
1638 1301 1763 1328 erumpe-

979 1340 1034 1373 bat,
1046 1340 1292 1373 viseretzlalteram,
1304 1344 1333 1366 ut
1343 1339 1546 1374 Dionysium’ad
1556 1339 1762 1374 amplexanda":

978 1385 1176 1420 philosophiam
1192 1385 1356 1412 hortaretur.
1371 1384 1410 1412 Ac
1426 1384 1521 1412 beatus
1530 1383 1677 1419 Gregorius
1693 1384 1762 1411 hanc

978 1431 1029 1465 ipsi
1041 1430 1170 1457 adeundae
1181 1429 1281 1457 Sicilia:
1291 1437 1402 1457 causam
1414 1429 1499 1456 fuisse
1509 1429 1557 1460 ait.
1569 1434 1598 1456 ut
1610 1430 1762 1464 magniﬁcis

977 1481 1003 1502 et
1017 1475 1137 1510 opiparis
1157 1474 1278 1510 Dionysii
1290 1475 1377 1502 caenis
1390 1475 1535 1503 frueretur.
1549 1474 1632 1509 quue
1649 1474 1700 1501 hac
1716 1475 1762 1502 de<
1810 1481 1813 1485 '

979 1529 1051 1548 mum
1067 1521 1224 1554 conjectura
1234 1529 1296 1549 vere
1307 1521 1397 1557 colligi
1407 1525 1511 1554 censet,
1521 1521 1593 1556 quod
1604 1529 1618 1547 a
1630 1520 1762 1556 Dionysio

979 1572 1089 1602 propter
1097 1567 1375 1602 ipsiusliguritionem
1385 1567 1510 1597 venditus
1521 1567 1566 1594 sit.
1578 1566 1680 1594 Revera
1688 1567 1761 1594 enim

979 1613 1098 1641 vinditus
1107 1619 1160 1646 est,
1172 1617 1264 1648 ulpote
1279 1622 1294 1640 a
1309 1613 1439 1649 Dionysio
1448 1613 1545 1641 Pollidi
1556 1612 1762 1640 Lacedazmonio

977 1659 1130 1691 Navarcho,
1149 1660 1194 1695 qui
1217 1664 1273 1686 tum
1290 1660 1344 1687 illic
1361 1660 1487 1695 degebat,
1504 1661 1576 1687 dono
1592 1659 1700 1687 oblatus
1712 1669 1718 1686 ε
1729 1667 1762 1686 ac

978 1705 1076 1733 deinde
1091 1706 1126 1734 ab
1143 1706 1203 1741 ipso
1213 1705 1327 1737 Pollide,
1339 1713 1400 1732 cum
1419 1707 1445 1732 in
1458 1705 1584 1740 Alginam
1601 1705 1760 1740 appulisset.

978 1752 1088 1779 Aniceri
1101 1752 1298 1787 quinquaginta
1315 1751 1396 1778 minis
1411 1751 1547 1779 venditus.

1015 1797 1103 1832 [Multi
1119 1801 1209 1824 autem
1228 1797 1300 1824 inter
1313 1797 1483 1832 antiquiores
1495 1795 1604 1822 Stoicos
1619 1794 1760 1823 Platonem

978 1843 1074 1870 dicunt
1092 1843 1262 1878 liguritionis
1275 1850 1358 1870 causa
1376 1842 1408 1869 ad
1423 1842 1582 1876 Dionysium
1598 1841 1759 1875 perrexisse.

978 1895 1047 1923 quos
1060 1888 1212 1915 audiendos
1233 1888 1325 1922 potius
1340 1887 1479 1914 existimat
1501 1886 1652 1921 Gregorius
1678 1893 1759 1921 quam

978 1938 1102 1962 recentes
1129 1933 1297 1961 Platonicos.
1330 1933 1481 1968 Xenophon
1506 1934 1533 1959 in
1562 1932 1699 1966 epistolam
1726 1931 1760 1958 ad

978 1980 1131 2008 tEschincm
1167 1981 1204 2008 ait
1238 1980 1378 2008 Platonem
1411 1979 1571 2007 deliciarum
1606 1979 1760 2006 Sicularum

977 2033 1070 2053 amore
1089 2025 1247 2061 Dionysium
1261 2030 1404 2060 tyrannum
1417 2025 1519 2052 adiisse
1534 2023 1595 2059 (l).]

1150 2113 1194 2140 24.
1217 2112 1253 2139 De
1267 2112 1422 2139 Xenonatis
1445 2112 1585 2140 edacitate.

1012 2160 1180 2188 Xenocrates
1197 2163 1225 2187 et
1243 2159 1401 2186 Aristoteles
1419 2159 1542 2187 Platonis
1556 2159 1683 2194 discipuli
1701 2159 1761 2187 fue-

139 2220 232 2243 τωνος.
254 2212 357 2243 Οἴτινες
372 2212 418 2238 καὶ¹
436 2211 586 2244 διεδέξαντο
602 2212 684 2238 αὐτοῦ
700 2211 749 2247 τὴν
763 2212 904 2248 διατριϐήν
915 2221 921 2227 ·

978 2210 1050 2237 runt,
1062 2207 1142 2241 eique
1151 2206 1177 2232 in
1188 2206 1367 2241 philosophia:
1376 2206 1547 2241 professione
1557 2211 1758 2234 successerunt.

140 2259 185 2284 καὶ
200 2258 215 2283 6
234 2258 282 2292 μὲν
295 2256 462 2293 Ξενοκράτης
478 2257 588 2292 ἐποίησε
602 2257 722 2292 Στωῖκὴν
736 2257 852 2292 αἵρεσιν,
867 2258 881 2283 6
895 2257 923 2284 δὲ

126 2303 334 2338 -Ἂριο-τοτὲλης
352 2303 402 2338 τὴν
440 2303 669 2338 Περιπατητικήν.
690 2303 806 2336 Λέγεται
830 2303 858 2329 δὲ
882 2304 922 2329 ὅτι

139 2348 208 2374 οὓτω
224 2348 340 2383 σώφρων
359 2346 393 2383 ἦν
408 2349 422 2375 ὁ
441 2348 620 2383 Ξενοκράτης,
637 2348 684 2374 καὶ
705 2347 790 2380 οὕτως
803 2349 921 2382 ὑπέταξε

139 2394 170 2420 τὰ
183 2394 257 2429 πάθη
273 2394 311 2429 τῷ
327 2394 408 2429 λόγῳ,
423 2395 463 2421 ὅτι
474 2394 520 2421 καὶ
534 2394 644 2430 τρυφῶν
659 2394 708 2420 οὐκ
721 2394 835 2421 ἐκινεῖτο
854 2395 922 2430 πρὸς

135 2439 171 2465 τὰ
189 2439 344 2474 ἀφροδίσια.
366 2440 394 2465 '0
411 2437 457 2466 οὖν
477 2439 610 2475 μακάριος
632 2439 782 2475 Γρηγόριος
800 2448 920 2475 κατηγο-

138 2486 180 2518 ρεῖ
197 2482 280 2511 αὐτοῦ
301 2484 339 2516 ὡς
361 2484 514 2520 λαιμάργου
536 2485 582 2511 καὶ
597 2484 749 2519 ὀψοφάγου,
768 2485 814 2511 καὶ
837 2485 919 2520 μηδὲν

138 2529 352 2564 παραιτουμένου
368 2529 466 2556 ἐσθίειν
480 2529 518 2560 ὡς
535 2529 687 2564 φιλοσόφου.
703 2529 848 2563 Φιλοσοφία
864 2530 918 2564 γάρ

138 2573 208 2600 ἐστιν
220 2575 321 2609 ἀρετῆς
337 2575 484 2609 ἐγκράτεια
495 2575 542 2601 καὶ
558 2575 668 2607 εὐταξία
686 2575 846 2610 βρωμάτων.

972 2252 1010 2278 Ac
1020 2251 1188 2278 Xenocrates
1197 2251 1306 2286 quidem
1319 2250 1438 2278 Sloicam
1448 2256 1550 2278 sectam
1561 2251 1691 2283 condidit,
1699 2251 1761 2277 Ari-

972 2298 1083 2326 staleles
1104 2303 1194 2324 autem
1221 2296 1440 2332 Peripateticam.
1458 2297 1555 2324 Fertur
1579 2305 1661 2332 porro
1686 2301 1760 2324 tanta

972 2344 1056 2371 fuisse
1079 2345 1106 2371 in
1128 2343 1281 2370 Xenocrate
1296 2343 1433 2378 pudicitia:
1447 2344 1516 2376 laus,
1537 2348 1576 2375 ut.
1594 2351 1656 2370 cum
1678 2343 1760 2370 etiam

970 2391 1081 2418 mollius
1095 2395 1121 2418 et
1137 2390 1281 2418 delicatius
1295 2391 1407 2421 viveret.
1424 2391 1508 2417 nullis
1527 2390 1649 2417 libidinis
1664 2390 1760 2417 stimu-

974 2437 1008 2464 lis
1025 2437 1196 2464 incitaretur.
1219 2437 1257 2464 Ac
1278 2437 1393 2472 proinde
1418 2437 1454 2463 ita
1477 2437 1659 2464 moderandus
1679 2440 1760 2470 atque

978 2483 1126 2510 frenanilos
1142 2482 1254 2511 allectus
1265 2491 1326 2511 esse
1340 2483 1459 2514 dicebat,
1471 2488 1500 2510 ut
1512 2483 1609 2510 rationi
1622 2482 1757 2509 obediaut.

972 2528 1123 2556 lnsectatur
1131 2537 1196 2564 ergo
1210 2538 1272 2558 eum
1288 2529 1442 2563 Theologus
1457 2534 1486 2556 ut
1503 2531 1641 2557 lurconem
1657 2533 1684 2556 et
1702 2528 1760 2555 hel-

972 2575 1093 2608 luonem,
1109 2583 1159 2603 nec
1175 2576 1208 2602 ab
1232 2576 1287 2602 ullo
1310 2576 1434 2602 ciborum
1451 2583 1550 2611 genere
1564 2575 1755 2605 abstinentem,

138 2624 165 2645 ut
180 2613 369 2653 philosophum
384 2620 506 2648 decebat.
523 2621 679 2656 Philosophi
695 2622 767 2649 enim
782 2627 824 2650 est
840 2623 1047 2657 temperantiam
1061 2623 1160 2654 colere,
1178 2630 1210 2649 ac
1224 2623 1332 2650 modum
1351 2622 1377 2649 in
1395 2623 1465 2650 cibis
1478 2627 1579 2650 tenere.

279 2680 326 2702 xe’.
349 2677 415 2710 Περὶ
426 2677 580 2711 Διογένους
594 2682 773 2716 στωμυλίας.

169 2721 294 2756 Διογένης
305 2723 413 2754 κυνικὸς
423 2721 456 2758 ἦν
468 2723 619 2758 φιλόσοφος.
634 2725 748 2755 Κυνικὸς
761 2725 789 2750 δὲ
801 2725 917 2759 ἤκουσεν

135 2765 186 2792 ἀπὸ
215 2768 371 2802 μεταφορᾶς
385 2767 438 2794 τῶν
455 2768 588 2804 χερσαίων
609 2769 707 2797 κυνῶν.
732 2770 836 2805 ’Ὠσπερ
860 2771 914 2807 γὰρ

135 2811 158 2837 al
176 2811 253 2843 κῦνες
268 2810 341 2840 οὗτοι
357 2813 447 2847 ἔχουσί
461 2822 486 2840 τι
504 2814 551 2840 καὶ
565 2814 728 2848 φυλακτικὸν
743 2815 789 2842 καὶ
802 2816 913 2851 διακρι-

165 2873 205 2906 il)
223 2874 330 2903 Inclusa
341 2875 438 2903 desunt
449 2876 519 2910 apud
531 2875 651 2904 Billium.

1158 2681 1205 2710 25.
1225 2681 1263 2708 De
1279 2681 1402 2716 Diogenis
1414 2681 1566 2708 dicacitate.

1007 2727 1140 2763 Diogenes
1155 2727 1278 2763 Cynicus
1299 2727 1482 2762 philosophus
1493 2732 1561 2754 erat.
1573 2727 1693 2763 Cynicus
1709 2735 1758 2754 an-

970 2777 1024 2799 tem
1039 2773 1130 2800 dictus
1145 2777 1186 2800 est
1202 2773 1381 2800 translatione
1392 2781 1406 2799 a
1423 2773 1536 2800 canibus
1547 2773 1639 2800 ducta.
1657 2775 1758 2806 Quem-

969 2819 1115 2846 admodum
1149 2820 1222 2847 cnim
1256 2827 1338 2847 canes
1375 2820 1493 2848 lalrandi
1527 2820 1757 2857 discernendique
