2046 3131
249 123 302 151 999

924 119 1065 149 NONNUS
1081 120 1193 149 ABBAS

1803 122 1871 152 “'00

251 179 380 206 facultate
401 177 507 213 praediti
525 182 589 206 sunt
602 177 774 214 (discernunt
789 177 861 205 enim
876 176 1040 206 domesticos

1098 178 1168 205 τικὺν
1194 178 1378 215 (διακρίνουσι
1400 179 1455 214 γὰρ
1476 179 1538 210 τοὺς
1561 179 1677 211 οἰκείως
1699 178 1754 206 τῶν
1773 178 1869 211 ξένων,

249 228 278 252 et
293 224 443 252 familiares
459 224 494 252 ab
505 224 618 256 exteris.
630 232 662 252 ac
677 224 843 252 domesticos
855 223 1038 259 custodiunt).

250 270 286 297 ad
300 269 426 298 eumdem
442 270 500 305 ipse
513 277 623 305 quoque
640 270 750 298 modum
762 275 881 305 utraque
903 269 1039 298 facultate

251 317 381 351 pollebat.
409 315 476 343 Nam
496 321 524 344 et
549 316 731 352 philosophia:
750 316 879 351 dogmata
904 316 1041 344 custodie-

253 363 311 394 bat,
327 368 354 389 et
370 363 484 390 idoneos
501 363 534 389 ad
553 363 753 398 philosophiam
768 364 802 390 ab
819 363 860 390 his
873 362 1041 398 quiminime

254 407 348 435 idonei
362 412 454 440 erant,
474 408 674 443 distinguebat.
688 408 784 435 Merito
800 409 892 443 itaque
907 408 1042 443 Diogenes

252 462 317 482 cum
331 455 395 482 talis
409 458 492 486 esset.
505 455 624 481 maxima
636 454 744 482 dicendi
758 455 883 482 libertate
897 454 1040 482 utebatur:

253 505 337 535 atque
356 505 383 527 et
396 507 511 535 magnos
526 504 554 527 et
578 504 702 534 potentes
730 500 805 527 viros
832 506 858 527 et
884 500 1042 535 eloquentes

254 546 376 579 aliosque
401 553 499 573 omnes
517 545 626 574 honesti
650 554 734 573 causa
758 546 944 580 coarguebat:
961 546 1042 580 idque

257 589 374 624 lepidius
394 590 542 624 aliquando
559 590 758 625 scurriliusque
773 590 897 617 faciebat.
914 589 972 617 Huc
993 590 1042 625 igi-

255 640 300 662 tur
325 640 451 670 spectans
479 635 509 662 ι).
538 635 686 671 Gregorius
719 636 864 671 Diogenem
897 636 1041 663 ridiculum

256 681 349 716 potius
364 684 412 707 aut
429 681 605 714 impostorem
623 681 709 708 fuisse
737 681 784 712 ait,
812 689 893 716 quam
922 681 1042 716 philoso-

232 750 240 758 ,
257 727 351 760 phum.
369 725 417 753 Est
441 727 512 753 enim
529 727 671 761 στωμυλία
693 727 767 753 fraus
791 734 834 759 ea,
846 735 899 761 qua
920 727 1043 754 homines

257 774 403 800 verborum
424 773 515 807 lepore
530 773 693 808 facetiisque
706 773 973 800 circumveniuntur.

395 827 439 854 26.
461 827 499 854 De
511 836 552 860 eo,
565 829 609 862 qui
624 828 650 854 in
665 828 736 855 dolio
751 829 898 855 habitabat.

294 872 355 900 lla:c
367 880 478 908 quoque
491 873 607 900 historia
625 873 658 900 ad
675 872 821 908 Diogenem
838 877 956 908 spectat.
976 871 1045 900 Nar~

257 924 319 946 rant
333 919 407 946 enim
433 926 495 945 eum
512 919 539 945 in
560 919 636 945 dolio
660 919 759 947 hiemis
783 924 904 954 tempore
924 919 1047 947 habitare

257 964 380 994 solitum.
400 972 432 991 ac
447 964 500 991 sub
518 972 660 999 vesperam
676 965 786 1000 quidem
815 965 920 1000 ingredi
936 970 1046 1000 propter

258 1009 356 1044 frigus,
371 1010 491 1037 interdiu
509 1015 599 1037 autem
615 1011 707 1045 egredi
726 1017 835 1046 propter
847 1012 944 1039 solem.
971 1011 1048 1039 Unde

257 1062 321 1082 cum
335 1055 482 1090 aliquando
496 1055 532 1082 ad
556 1055 642 1082 solem
666 1057 848 1091 apricaretur,
869 1064 902 1083 ac
916 1064 1048 1092 superve-

261 1102 342 1128 niens
353 1101 507 1129 Alexander
528 1102 595 1129 solis
615 1102 705 1129 lumen
725 1102 777 1137 ipsi
799 1103 957 1134 ademisset.
972 1103 1047 1138 apri-

258 1147 387 1180 cantique
406 1146 542 1178 alliceret,
571 1151 771 1181 quaereretque,
804 1147 927 1181 nunquid
948 1147 1047 1174 vellet:

261 1191 346 1224 Nihil,
361 1192 460 1227 inquit,
476 1191 561 1224 aliud,
581 1200 664 1227 quam
691 1197 721 1219 ut
735 1193 869 1227 apricanti
891 1201 925 1220 ne
942 1193 1048 1222 obstes.

258 1238 314 1265 Aut
325 1237 408 1273 igitur
420 1238 453 1264 ad
467 1238 536 1265 hanc
549 1238 694 1266 historiam
706 1238 804 1265 alludit
820 1238 978 1274 Gregorius,
989 1244 1047 1271 aut,

260 1287 292 1310 ut
307 1283 448 1318 probabile
458 1288 510 1315 est.
535 1283 569 1310 ad
587 1291 647 1310 eam
670 1291 731 1318 quae
750 1283 958 1311 Ptolemaeorum
980 1288 1049 1313 tem-

259 1336 326 1364 pore
345 1329 479 1364 contigit:
508 1337 568 1364 quae
599 1329 708 1364 quidem
734 1330 768 1356 ad
791 1329 865 1357 hune
883 1330 994 1358 modum
1017 1338 1048 1358 se

260 1374 357 1402 habet:
368 1374 485 1402 Sotades
501 1375 638 1410 quispiam
654 1375 857 1404 Alexandrinus
871 1377 1049 1412 philosophus

259 1420 364 1448 inloco
388 1420 508 1455 quodam
533 1425 610 1448 stans
635 1421 822 1455 apricabatur,
853 1429 885 1448 ac
909 1422 1049 1457 pediculos

259 1466 408 1501 quaerebat.
430 1466 507 1493 Hunc
524 1475 539 1494 e
554 1467 666 1494 sublimi
691 1468 868 1502 conspicatus
889 1467 1049 1496 Ptolemaeus

1090 225 1138 250 καὶ
1157 224 1321 259 φυλάττουσι
1340 225 1402 257 τοὺς
1410 225 1553 260 οἰκείως),
1567 225 1636 252 οὕτω
1652 225 1700 252 καὶ
1714 222 1791 256 οὗτος
1811 226 1856 260 ὲμι

1092 273 1168 307 μεῖτο
1183 272 1213 299 τὸ
1230 272 1396 307 διακριτικὸν
1410 273 1458 299 καὶ
1473 272 1639 306 φυλακτικόν
1649 280 1656 288 ι
1679 272 1726 299 καὶ
1741 271 1873 306 ἐφύλαττε

1093 319 1141 353 μὲν
1157 319 1192 345 τά
1215 320 1265 354 τῆς
1286 318 1443 353 φιλοσοφίας
1465 319 1603 354 δόγματα,
1623 319 1740 353 διέκρινε
1763 318 1793 344 δὲ
1810 319 1873 349 τοὺς

1091 363 1260 398 ἐπιτηδείως
1295 364 1342 390 καὶ
1373 364 1573 398 ἀνεπιτηδείους
1605 363 1672 400 πρὸς
1704 363 1872 398 φιλοσοφίαν.

1091 410 1176 442 Αὐτὸς
1197 408 1244 437 οὖν
1262 411 1276 436 6
1296 410 1424 445 Διογένης
1441 409 1561 441 τοιοῦτος
1575 409 1630 441 ὢν,
1644 408 1678 444 ἦν
1697 409 1810 440 εἰκότως
1827 410 1875 435 καὶ

1091 455 1336 491 ιὺπαρῤησίαστος.
1367 455 1499 490 Ἦλεγχεν
1528 453 1574 481 οὗν
1602 455 1646 482 καὶ
1671 454 1802 486 δυνάστας
1829 453 1876 481 xii

1092 500 1260 535 ἐλλογίμους,
1274 501 1320 527 καὶ
1332 500 1421 527 πάντα
1437 500 1578 535 ἄνθρωπον
1587 499 1667 534 δῆθεν
1678 499 1721 525 διὰ
1734 499 1765 526 τὸ
1776 498 1856 526 καλόν
1866 507 1874 514 ·

1092 546 1210 580 ἐλέγχων
1224 547 1268 577 δὲ,
1283 546 1451 581 ἀστειότερον
1462 546 1508 574 καὶ
1525 545 1746 580 γελοιωδέστερον
1763 545 1873 580 ἧλεγχε.

1093 592 1164 628 Πρὸς
1186 592 1264 618 τοῦτο
1280 590 1326 619 οὖν
1349 591 1503 626 ἀποϐλέψας
1527 592 1542 618 6
1568 590 1702 626 μακάριος
1728 590 1876 626 Γρηγόριος

1092 638 1175 672 λέγει,
1190 638 1231 664 ὅτι
1250 639 1264 664 6
1279 638 1407 673 Διογένης
1429 637 1532 671 γελοῖος
1547 638 1645 672 μᾶλλον
1663 635 1697 672 ἦν
1710 636 1757 664 καὶ
1772 636 1877 670 ἀπατη-

1091 683 1178 714 τικὸς,
1192 683 1208 718 ἥ
1221 683 1373 717 ςιλόσοφος.
1385 683 1527 718 Στωμυλία
1537 683 1566 710 δέ
1577 683 1675 718 ἐστινὴ
1688 682 1759 709 κατὰ
1771 681 1877 709 ἀστειό-

1092 738 1161 765 τητα
1174 730 1264 765 ἀπάτη
1280 729 1492 764 προσερχομένη.

1195 831 1251 860 κς’.
1273 828 1341 862 Περὶ
1355 827 1408 855 τοῦ
1419 827 1608 860 ἐνοικοῦντος
1618 827 1672 854 τὸν
1681 827 1777 854 πίθον.

1132 873 1277 909 Πολλαχῶς
1286 874 1397 901 δύναται
1415 874 1580 909 ἐξηγηοῆναι
1589 881 1596 889 ·
1608 873 1654 899 καὶ
1665 873 1734 908 αὕτη
1748 873 1803 908 γὰρ
1818 872 1879 907 περὶ

1097 919 1237 952 Διογένους
1248 919 1316 946 ὲστί,
1330 919 1445 953 Λέγεται
1459 916 1517 949 οὖν,
1530 919 1570 945 ὅτι
1586 920 1613 945 ὲν
1626 918 1666 953 τῷ
1677 918 1790 953 χειμῶνι
1805 915 1880 948 οὗτος

1097 964 1175 991 πίθον
1187 965 1268 1000 ᾤκει,
1285 966 1312 992 ὲν
1327 961 1349 998 ᾧ
1363 965 1481 1000 ἑσπέρας
1495 965 1580 1000 εἰσήει
1595 964 1638 991 διὰ
1651 963 1681 990 τὺ
1696 963 1794 999 κρύος,
1810 963 1879 998 ὴμέ-

1099 1019 1147 1046 ρας
1162 1010 1190 1037 δὲ
1202 1011 1274 1046 ἐξῄει
1289 1010 1333 1037 διὰ
1351 1010 1396 1036 τὸν
1409 1010 1494 1044 ἥλιον.
1517 1010 1562 1036 Διὸ
1584 1010 1631 1036 καί
1651 1018 1717 1036 ποτε
1738 1009 1879 1044 θερμαινο-

1099 1054 1179 1088 μένου
1200 1051 1282 1078 αὑτοῦ
1304 1053 1333 1078 ὲν
1350 1052 1389 1088 τῷ
1404 1052 1487 1088 ἡλίῳ,
1513 1052 1613 1086 ἐπέστη
1630 1053 1645 1078 6
1673 1051 1844 1086 Ἀλέξανδρος
1866 1051 1881 1077 ὁ

1097 1098 1243 1130 Μακεδὼν,
1269 1099 1427 1125 ἀποσκοτῶν
1452 1098 1527 1134 αὐτῷ
1554 1098 1601 1125 τοῦ
1627 1097 1664 1132 μὴ
1688 1097 1881 1133 θερμαίνεσθαι

1097 1143 1179 1170 αὑτὸν
1201 1145 1230 1171 ὲν
1253 1144 1292 1179 τῷ
1311 1145 1393 1180 ἡλίῳ,
1412 1145 1459 1172 καὶ
1478 1145 1578 1179 λέγων·
1597 1144 1679 1176 Eia-is,
1703 1144 1842 1178 Διόγενες,
1856 1142 1881 1169 τί

1101 1190 1190 1225 βούλει
1204 1199 1246 1217 σοι
1259 1192 1430 1227 χαρίσωμαις
1451 1191 1480 1218 '0
1492 1191 1521 1217 δὲ
1536 1188 1605 1218 εἷπε·
1618 1190 1703 1217 Τοῦτό
1715 1199 1760 1225 μοι
1773 1190 1881 1226 χάρισαι

1099 1237 1131 1264 τδ
1147 1238 1244 1273 μικρὸν
1259 1237 1428 1273 ὑπεκστῆναι
1446 1246 1512 1272 μου,
1540 1238 1583 1264 ἴνα
1608 1235 1762 1272 θερμανθῶ.
1780 1236 1815 1262 Ἦ
1836 1233 1882 1262 οὖν

1099 1283 1167 1318 αὕτη
1180 1285 1253 1311 ἐστὶν
1268 1285 1284 1319 ἡ
1303 1284 1406 1320 ἱστορία
1416 1305 1424 1317 ,
1440 1284 1468 1319 ἢ,
1484 1283 1522 1315 ὡς
1535 1283 1619 1315 είκὸς,
1645 1284 1662 1319 ἠ
1683 1282 1816 1318 γενομένη
1836 1282 1882 1310 ἐπὶ

1098 1329 1145 1356 τοῦ
1158 1329 1339 1365 Πτολεμαίου·
1354 1330 1411 1356 ἐστι
1422 1329 1450 1356 δὲ
1463 1329 1547 1364 αὕτη·
1564 1329 1689 1364 Σωτάδης
1698 1337 1740 1361 τις
1760 1328 1884 1361 ’Δλεξαν-

1097 1376 1177 1412 δρεὺς
1191 1377 1343 1411 φιλόσοφος,
1357 1377 1449 1404 ἵστατο
1465 1378 1493 1403 'sv
1502 1376 1576 1411 τόπῳ
1588 1376 1641 1403 τινὶ
1655 1377 1683 1402 ἐν
1694 1375 1763 1411 ἡλίῳ
1777 1375 1884 1410 φθειρό-

1101 1431 1191 1458 μενος.
1208 1422 1309 1450 Τοῦτον
1330 1423 1433 1450 ἄνωθεν
1446 1422 1478 1449 ἔκ
1494 1431 1565 1454 τινος
1578 1422 1699 1448 ἀπόπτου
1716 1421 1884 1456 θεασάμενος

1099 1469 1114 1494 6
1130 1467 1311 1503 Πτολεμαῖος,
1335 1467 1467 1502 κατῆλθεν
1483 1467 1526 1494 ἵνα
1544 1467 1625 1493 αὺτὸν
1645 1467 1721 1494 λάσοι
1737 1467 1776 1498 εἰς
1789 1466 1822 1492 τὰ
1838 1466 1885 1501 βα-

260 1512 412 1543 descendit,
430 1516 460 1538 ut
473 1520 535 1539 eum
552 1512 579 1539 in
604 1512 695 1540 aulam
722 1513 846 1541 duceret.
875 1514 991 1542 Sotades
1005 1522 1047 1541 au-

1103 1514 1199 1540 σίλεια.
1235 1514 1264 1540 Ὀ
1296 1513 1324 1540 δὲ
1350 1513 1475 1549 Σωτάδης
1498 1513 1559 1540 ἰδὼν
1585 1513 1684 1545 αὐτὸν,
1701 1512 1823 1547 εἰσῆλθεν
1846 1513 1886 1544 εἰς

260 1562 316 1584 tem
333 1565 367 1584 eo
386 1562 535 1592 conspecto
551 1557 578 1584 in
599 1558 666 1585 dolii
686 1558 830 1593 cujusdam
851 1559 969 1593 jacentis
993 1559 1050 1586 fra-

259 1606 401 1638 gmentum
417 1610 478 1630 sese
493 1603 616 1635 inclusit,
640 1604 736 1639 sicque
749 1603 896 1632 Ptolemaeo
908 1605 1051 1633 abscondi-

261 1652 307 1676 tus
325 1653 387 1682 est;
406 1653 498 1683 postea
525 1654 615 1676 autem
650 1654 680 1676 ut
705 1651 788 1677 miser
812 1654 839 1677 et
865 1650 1051 1680 infortunatus

260 1696 427 1731 suggillatus
441 1699 494 1723 est.
508 1693 561 1722 Alii
573 1696 666 1722 dicunt
685 1695 859 1725 Ptolemaeum
884 1697 936 1725 hoc
954 1698 1051 1726 iambi-

259 1749 323 1768 cum
343 1741 370 1768 in
385 1749 448 1769 eum
469 1742 640 1769 contorsisse
655 1749 663 1768 :

297 1798 372 1826 Helo
387 1799 502 1834 fortuna:
515 1804 635 1834 guttam,
651 1808 730 1835 quam
741 1799 888 1835 prudentia
902 1800 1016 1828 dolium.

301 1854 407 1888 Quibus
423 1854 515 1882 verbis
532 1854 704 1889 signiﬁcabat
721 1855 823 1882 dolium
850 1855 960 1890 quidem
984 1855 1051 1883 illud

261 1900 407 1936 prudentia
423 1904 530 1927 scatere
545 1905 656 1935 propter
668 1900 806 1933 Sotadem,
822 1901 869 1936 qui
886 1909 920 1929 eo
932 1901 1053 1929 include-

262 1947 358 1973 batnr:
374 1949 465 1972 tamen
479 1945 544 1980 quia
557 1946 614 1980 ipse
626 1945 811 1973 infortunatus
823 1950 906 1979 esset,
920 1946 988 1973 nihil
999 1946 1052 1981 ipsi

262 1996 367 2019 tantam
394 1992 548 2027 prudentiae
573 1993 724 2020 ubertatem
749 1992 897 2027 profuisse.
922 1992 961 2020 Ac
987 1993 1052 2020 talis

263 2038 372 2073 quidem
388 2042 430 2065 est
444 2038 502 2065 lucc
515 2038 641 2065 historia.
663 2037 739 2065 Nunc
761 2038 795 2065 ad
818 2039 1051 2065 constructionem

263 2084 417 2116 veniamus,
433 2084 479 2110 καὶ
496 2083 546 2118 τῆς
562 2084 702 2118 Διογένους
715 2083 868 2119 στωμυλίας
884 2084 928 2118 ὑφ’
940 2081 974 2120 ἧς
990 2085 1053 2116 τοὺς

265 2129 355 2162 ξένους
387 2129 558 2164 ὑπεξίστησι,
580 2137 696 2164 quorum
722 2130 866 2157 verborum
892 2130 937 2157 hic
954 2137 1052 2157 sensus

1101 1560 1209 1595 κλάσμα
1232 1559 1311 1586 πίθου
1336 1559 1477 1594 κειμένου,
1500 1559 1547 1586 καὶ
1563 1558 1705 1594 ὑπεκρύὸη
1723 1558 1769 1585 τὸν
1789 1558 1887 1584 Πτολε-

1103 1606 1191 1641 μαῖον.
1208 1605 1340 1641 Ὕστερον
1351 1604 1380 1631 δὲ
1395 1605 1433 1636 ὡς
1447 1605 1533 1640 ἀτυχῆ
1546 1613 1617 1636 τινες
1631 1604 1724 1631 τοῦτον
1737 1603 1886 1631 διέϐαλλον.

1103 1651 1194 1678 ’Λλλοι
1209 1651 1238 1677 δὲ
1252 1651 1386 1685 λέγουσιν,
1406 1651 1446 1677 ὅτι
1461 1651 1542 1682 αὐτὸς
1560 1651 1574 1677 6
1597 1650 1778 1685 Πτολεμαῖος,
1796 1651 1844 1676 καὶ
1857 1648 1888 1676 τὸ

1103 1697 1224 1732 ίαμεεῖον
1238 1696 1315 1723 τοῦτο
1332 1696 1531 1731 ἀπεφθέγξατο·

1152 1796 1233 1823 Θέλω
1246 1795 1341 1830 τύχης
1356 1795 1541 1830 σταλαγμὸν,
1554 1794 1572 1829 ἢ
1586 1795 1702 1830 φρενῶν
1713 1797 1812 1824 πίθον.

1102 1851 1292 1886 Αίνιττόμενος
1314 1852 1354 1878 ὃτι
1371 1853 1385 1878 6
1410 1852 1487 1883 πίθος
1509 1853 1610 1884 ἐκεῖνος
1627 1853 1724 1888 μεστός
1746 1854 1804 1879 ἐστι
1823 1862 1889 1888 φρε-

1102 1897 1170 1930 νῶν,
1186 1898 1229 1924 διὰ
1242 1897 1306 1934 [τὸ]
1323 1899 1369 1924 τὸν
1393 1899 1518 1934 Σωτάδην
1539 1899 1613 1931 ἐντὸς
1632 1899 1714 1926 αὑτοῦ
1730 1898 1817 1926 εἶναι’
1840 1901 1888 1927 καὶ

1102 1944 1176 1978 ὅμως
1193 1943 1236 1970 διὰ
1256 1944 1286 1970 τὸ
1303 1941 1372 1970 εῖναι
1391 1944 1472 1971 αὑτὸν
1493 1945 1598 1980 ἀτυχῆ,
1618 1945 1693 1972 οὐδὲν
1712 1946 1794 1972 αὐτὸν
1815 1945 1887 1980 ὠφέ-

1102 1988 1184 2024 λησεν
1201 1990 1218 2024 ὴ
1243 1988 1298 2015 τῶν
1321 1989 1428 2024 φρενῶν
1457 1989 1571 2024 πληθύς.
1595 1991 1649 2017 Καὶ
1669 1992 1686 2024 ἡ
1711 1991 1760 2025 μὲν
1781 1991 1887 2026 ἱστορία

1102 2034 1172 2070 αὕτη
1183 2043 1189 2050 ·
1207 2036 1224 2069 ἡ
1242 2034 1270 2061 δὲ
1285 2034 1410 2068 σύνταξίς
1425 2036 1498 2061 ἐστιν
1512 2035 1598 2062 οὕτω·
1613 2037 1668 2063 Καὶ
1681 2037 1732 2072 τῆς
1748 2037 1888 2070 Διογένους

1104 2079 1268 2115 στωμυλίας,
1282 2079 1327 2114 ὑφ’
1341 2077 1375 2115 ἧς
1388 2079 1450 2111 τοὺς
1469 2079 1558 2112 ξένους
1571 2080 1744 2116 ὑπεξίστησιν
1753 2089 1760 2096 ·
1774 2082 1807 2108 ἶν’
1821 2081 1838 2116 ἢ
1847 2083 1888 2108 ὅτι

1102 2126 1116 2151 ὸ
1129 2125 1257 2160 Διογένης
1269 2124 1312 2151 διὰ
1323 2123 1372 2159 τῆς
1386 2125 1539 2159 στωμυλίας
1553 2126 1639 2152 ἐποίει
1653 2127 1805 2162 ἀποχωρεῖν
1823 2128 1887 2158 τοὺς

263 2179 321 2202 est:
338 2175 465 2210 Diogenes
484 2174 624 2202 dicacitate
636 2183 684 2202 sua
696 2183 738 2201 eos
749 2176 793 2209 qui
805 2175 854 2209 ipsi
863 2174 982 2201 umbram
999 2174 1047 2209 efﬂ-

1102 2169 1151 2206 τὴν
1165 2170 1244 2197 σκιὰν
1263 2169 1336 2205 αὐτῷ
1353 2170 1496 2201 ποιοῦντας
1509 2171 1579 2206 (τοῖς
1595 2172 1734 2206 τυράννοις
1745 2172 1774 2198 δὲ
1794 2172 1887 2207 λέγει,

263 2221 366 2248 ciebant
385 2223 563 2248 submouebat.
583 2220 635 2248 Per
651 2225 784 2256 tyrannos
801 2225 904 2250 autem.
923 2221 1048 2256 tyranni-

263 2275 312 2294 cos
327 2274 467 2294 sermOues
492 2267 631 2302 intelligit,
644 2267 747 2302 quibus
775 2267 904 2294 secedere
936 2267 1052 2302 cogebat

261 2319 311 2339 eos
331 2319 344 2338 a
371 2312 472 2346 quibus
492 2312 631 2339 adibatur.
652 2312 788 2345 Quocirca
801 2313 859 2340 sive
876 2320 929 2339 una
939 2313 1051 2340 eadem-

263 2365 318 2392 que
331 2357 368 2383 sit
384 2357 539 2385 dicacitatis
567 2357 693 2393 Diogenis
715 2363 743 2386 et
757 2359 822 2386 dolii
839 2359 965 2390 historia.
983 2366 1051 2386 con-

263 2403 382 2430 structio
404 2403 498 2438 juncta
521 2407 581 2436 est;
599 2403 655 2431 sive
674 2403 735 2431 dua:
757 2404 813 2431 sint
838 2404 968 2436 historiae,
985 2412 1052 2431 con-

264 2447 396 2475 struenda
429 2449 481 2476 erit
510 2448 638 2483 Diogenis
666 2449 798 2476 dicacitas
827 2457 889 2477 cum
919 2457 952 2477 eo
979 2450 1051 2484 quod

263 2493 398 2528 sequitur,
425 2494 469 2528 ὗεν·
494 2492 528 2530 ἦς
552 2495 616 2526 τοὺς
644 2494 737 2527 ξένους
772 2494 943 2530 ὑπεξίπησι.
974 2494 1051 2528 Quod

264 2542 356 2565 autem
388 2546 436 2573 per
464 2543 595 2574 tyrannos
620 2539 769 2574 importuni
795 2538 877 2574 atque
903 2539 1050 2566 insolentes

264 2590 406 2611 sermones
426 2585 613 2620 intelligantur
628 2585 677 2620 (l),
694 2585 808 2620 ipsemet
819 2585 967 2621 Gregorius
981 2585 1049 2612 dixit

304 2673 342 2709 (l)
364 2673 478 2700 Fallitur
500 2674 625 2707 Nonnus,
656 2675 745 2709 inquit
774 2675 869 2702 Dillius
893 2675 981 2702 schol.
1007 2675 1051 2707 60,

265 2709 299 2735 ad
315 2710 323 2736 Ι
340 2714 433 2745 contra
443 2709 560 2740 Iuliam.
579 2711 675 2744 μων.
691 2710 759 2737 Cum
783 2710 916 2745 Diogenes
927 2711 1051 2745 aliquan-

264 2744 300 2770 do
316 2743 386 2778 apud
399 2745 544 2778 quemdam
558 2743 681 2773 crenaret
691 2747 771 2780 eique
787 2743 868 2772 sim—ul
880 2751 906 2773 et
921 2743 1052 2780 placentae

265 2785 292 2816 ct
306 2779 449 2816 hordeacei
470 2787 555 2814 panes
580 2779 796 2815 apponerentur,
814 2779 951 2808 submotis
972 2782 1050 2816 pani—

266 2813 318 2851 bus
336 2815 362 2841 in
380 2813 633 2851 placentasunanus
646 2816 750 2851 injecit,
765 2816 831 2843 illud
847 2813 981 2851 tragicum
996 2825 1050 2844 non

267 2848 458 2883 intempestive
470 2849 613 2884 proferens
625 2859 632 2877 :

1102 2216 1162 2242 ἀντὶ
1177 2215 1235 2247 τοῦ,
1249 2217 1305 2247 τοίς
1320 2215 1409 2249 λόγοις
1424 2217 1479 2247 τοῖς
1492 2218 1672 2252 τυραννικοῖς.
1685 2218 1769 2244 ποιιῖιν
1779 2219 1887 2253 ἀναχω-

1105 2263 1160 2297 ρεῖν
1179 2262 1242 2293 τοὺς
1263 2262 1506 2297 ἐντυγχάνοντας),
1533 2262 1550 2297 ἥ
1573 2260 1618 2289 οὖν
1642 2264 1704 2297 μιᾶς
1729 2263 1812 2299 οὔσης
1839 2264 1889 2299 τῆς

1102 2307 1170 2334 κατὰ
1193 2307 1242 2342 τὴν
1260 2306 1415 2342 στωμυλίαν
1437 2307 1484 2334 καὶ
1497 2307 1542 2334 τὸν
1557 2307 1634 2334 πίθον
1649 2309 1665 2343 ἡ
1686 2308 1811 2341 σύνταξις
1827 2317 1889 2336 συν-

1101 2353 1218 2384 δέδεται,
1235 2353 1251 2388 ῆ
1264 2353 1310 2379 δύο
1322 2353 1408 2380 οὐσῶν
1418 2353 1472 2380 τῶν
1487 2353 1622 2389 ἱστοριῶν,
1641 2354 1768 2386 σύντάξαι
1784 2355 1824 2381 δεῖ
1839 2355 1888 2390 τὴν

1103 2399 1246 2433 Διογένους
1262 2398 1418 2433 στωμυλίαν
1438 2399 1505 2434 μετά
1525 2398 1571 2425 τοῦ
1581 2420 1588 2431 ,
1609 2399 1654 2434 ὑφ’
1667 2397 1710 2435 ἦς.
1725 2400 1785 2427 Ὅτι
1797 2400 1826 2427 δὲ
1839 2409 1889 2427 τυ-

1103 2447 1216 2480 ράννους
1233 2444 1347 2471 καλοῦσι
1361 2445 1424 2476 τοὺς
1441 2445 1550 2479 θρασεῖς
1571 2444 1680 2479 λόγους,
1705 2447 1751 2472 καὶ
1774 2447 1854 2478 αὐτὸς
1874 2449 1889 2474 6

1103 2489 1173 2521 θεῖος
1188 2490 1257 2525 ἀνὴρ
1271 2490 1418 2526 Γρηγόριος
1437 2488 1526 2516 εἶπεν·
1545 2490 1582 2522 ὡς
1603 2491 1634 2516 ὲκ
1654 2492 1703 2526 τῆς
1719 2491 1885 2526 τραγῳδίας⁸

1106 2536 1221 2570 μάλιστα
1249 2536 1303 2571 γὰρ
1329 2536 1354 2562 οἱ
1386 2537 1512 2571 τραγικοὶ
1537 2537 1571 2572 τῇ
1599 2536 1712 2572 τοιαύτῃ
1740 2537 1889 2572 κέχρηνται

1102 2585 1200 2620 τροπῇ.
1216 2582 1252 2608 Th
1271 2582 1309 2615 δὲ,
1323 2583 1385 2614 τοὺς
1396 2581 1513 2613 εὐτελεῖς
1525 2581 1623 2618 ἄρτους
1635 2584 1690 2614 τοῖς
1708 2582 1888 2618 σησαμοῦσιν,

1186 2684 1222 2712 Ὦ
1234 2684 1313 2716 ξένε,
1328 2684 1486 2717 τυράννοις
1501 2685 1534 2711 ὲκ
1547 2684 1647 2711 πάδων
1661 2683 1814 2718 μεθίεται).

1227 2719 1339 2754 Hospes,
1358 2719 1479 2754 tyrannis
1495 2720 1555 2746 cede
1566 2720 1705 2754 confestim
1727 2721 1779 2747 via.

1101 2783 1152 2810 Per
1169 2787 1304 2818 tyrannos
1320 2782 1448 2810 videlicet
1461 2784 1470 2815 (
1482 2782 1554 2812 quod
1578 2791 1678 2810 nomen
1699 2783 1764 2810 olim
1793 2783 1821 2810 in
1838 2783 1892 2810 ho-

1101 2826 1167 2845 nore
1181 2819 1260 2853 erat)
1276 2818 1418 2852 placentas
1434 2818 1604 2853 signiﬁcans,
1626 2826 1674 2854 per
1691 2818 1815 2854 hospites
1841 2827 1894 2846 au-

1100 2858 1154 2881 tem
1171 2853 1292 2882 cibarios
1303 2857 1330 2880 et
1342 2853 1410 2881 viles
1421 2861 1517 2889 panes.
