2046 3131
262 240 332 271 ίθο3

942 234 1083 263 NONNUS
1102 234 1214 262 ΑΗΒΑὸ

1821 224 1890 254 ιοοι

260 300 342 327 Minue
359 302 458 334 raptus
472 298 533 331 fuit,
550 302 580 325 ut
592 295 705 332 frigoris
717 296 772 323 vim
784 295 896 323 minime
908 301 1052 328 percense-

1116 293 1250 328 ιετάρσιος
1271 290 1367 325 γέγονε
1388 288 1438 325 τὴν
1452 287 1540 324 ψυχήν
1551 307 1558 319 ,
1573 287 1644 314 ὣστε
1659 285 1698 321 μὴ
1713 283 1890 334 αεσθάνισθαι

263 345 311 372 rit.
331 344 482 372 Ἐκστασιν
500 347 591 370 autem
605 343 657 370 hoc
672 342 732 369 loco
751 341 869 377 appellat
882 340 1007 368 alectum
1024 339 1057 367 il-

264 392 319 418 lum
336 390 495 426 philosophi
515 393 593 417 extra
609 396 639 417 se
652 388 734 424 rapti,
751 393 834 423 atque
855 387 948 414 animo
961 387 989 414 in
1009 393 1057 413 su-

1104 338 1153 365 τοῦ
1174 337 1276 373 κρύους
1297 335 1345 363 τοῦ
1371 335 1516 371 χειμῶνος.
1549 333 1697 360 Ἐκστασιν
1714 328 1761 358 οὗν
1779 337 1848 365 φησι
1860 328 1893 356 τὸ

1107 384 1253 420 μετάρσιον
1265 382 1316 417 τῆς
1333 381 1432 416 ψυχῆς.

263 423 347 464 blime
357 437 433 463 elati.
445 423 497 463 ῥει-
511 435 605 462 στάσιν
623 423 714 462 autem
734 441 789 461 non
806 433 966 460 intestinum
983 432 1082 460 bellum
1103 438 1135 458 ac
1150 430 1314 458 seditionem
1330 427 1478 464 signiﬁcat,
1495 424 1543 454 sed
1558 424 1632 460 quod
1648 423 1694 451 ille
1708 425 1784 451 stato
1799 427 1833 448 ac
1847 427 1892 449 re-

265 488 310 511 eto
326 489 443 518 corpore
463 486 593 517 precatus
608 481 655 509 sit.

451 527 495 554 33.
517 527 555 554 De
570 526 704 554 Arcadico
718 525 873 557 quastione.

303 573 440 601 Homerus
456 577 536 608 poeta
561 571 703 607 prolectus
718 571 747 598 in
763 569 920 601 Arcadiam,
934 576 995 603 quae
1008 568 1058 595 Pe-

267 620 414 657 loponnesi
428 619 506 655 regio
518 623 570 651 est,
584 618 682 646 incidit
698 618 726 644 in
745 616 897 652 piscatores
910 615 1056 650 quosdam,

268 667 315 702 qui
330 666 473 702 pediculos
488 673 503 693 a
517 664 680 700 corporibus
697 663 757 690 suis
773 661 959 689 excutiebant.
974 659 1059 687 Cum-

269 720 323 749 que
336 720 369 740 ex
385 712 452 747 ipsis
465 711 655 746 quaesivisset:
673 707 730 735 Vin
741 707 870 739 Arcades,
881 710 924 742 qui
938 705 1058 741 piscandi

270 765 355 787 artem
380 757 553 794 proﬁtemini,
575 755 709 792 aliquidue
729 755 855 790 cepistis!
881 754 920 781 illi
934 754 986 781 hoc
1003 760 1061 780 car-

271 805 345 832 mine
361 802 567 839 responderunt
579 809 586 828 ε

306 892 444 928 Liquimtu
458 895 588 925 acceptos,
606 898 658 917 non
674 894 765 924 captos
781 889 851 924 [orre
862 896 966 916 necesse
975 892 1023 915 est.

272 978 333 1012 Quo
347 977 458 1014 quidem
475 984 556 1004 versu
573 976 624 1004 hoc
638 975 778 1007 volebant,
805 982 835 1002 se
851 974 996 1010 pediculos
1010 981 1059 1001 eos

273 1031 344 1058 quos
357 1025 497 1058 ceperant,
519 1021 658 1049 occidisse
672 1029 679 1048 :
696 1028 767 1057 quos
778 1024 870 1048 autem
895 1026 994 1054 capere
1008 1026 1059 1046 ne-

274 1070 430 1105 quiverant,
464 1068 492 1095 in
520 1068 644 1095 vestibus
667 1067 729 1095 suis
749 1065 831 1094 ferre.
851 1065 930 1098 Quod
952 1064 1061 1100 quidem

275 1117 392 1152 aenigma
418 1122 481 1142 cum
502 1113 639 1141 Homerus
665 1120 720 1140 non
748 1112 940 1142 intellexisset.
963 1111 1064 1145 exiguo

277 1170 402 1199 tempore
427 1162 484 1190 illic
512 1167 649 1194 versatus,
681 1167 801 1188 mret-ore
827 1165 979 1195 oppressus
1009 1160 1063 1185 est.

274 1209 381 1238 Ferunt
406 1213 498 1236 autem
532 1207 636 1235 editum
660 1206 747 1233 fuisse
774 1205 893 1234 Homero
907 1203 1063 1235 oraculum,

275 1262 334 1284 tum
346 1255 398 1292 ipsi
414 1255 477 1282 vitae
490 1255 570 1281 linem
587 1253 656 1284 fore.
673 1260 736 1280 cum
748 1251 918 1288 propositam
934 1250 1064 1285 quaestio-

279 1311 345 1331 nem
361 1303 468 1330 solvere
479 1308 534 1328 non
550 1300 694 1336 potuisset.

456 1347 509 1374 δι.
525 1345 563 1373 De
577 1344 716 1372 Aristotele
731 1348 757 1372 et
774 1344 886 1377 Euripo.

312 1392 474 1421 Aristoteles
491 1391 672 1427 philosOphus
690 1389 813 1417 Platonis
826 1388 980 1424 discipulus
1002 1388 1066 1416 fuit.

278 1440 329 1473 Qui
350 1446 413 1466 cum
434 1445 465 1466 se
487 1437 660 1472 potissimum
691 1434 756 1462 huic
783 1434 965 1470 philosophiae
996 1434 1066 1469 parti

278 1483 438 1515 dedidisset,
454 1489 516 1518 quae
533 1482 560 1509 in
583 1479 794 1515 contemplanda
816 1480 1066 1515 cognoscendaque

278 1537 373 1558 rerum
388 1534 488 1557 natura
511 1531 650 1560 versatur,
677 1534 770 1553 rerum
785 1527 908 1553 omnium
929 1525 1068 1552 subcmle-

280 1578 362 1606 stium
374 1583 473 1604 causas
486 1580 655 1610 naturasque
671 1574 809 1609 explicare
825 1573 943 1604 studuit,
965 1577 996 1599 ut
1012 1576 1068 1599 ter-

281 1630 329 1656 ra,
344 1622 440 1653 maris,
464 1621 547 1653 aeris,
570 1621 691 1652 aetheris,
715 1620 907 1651 animantium,
927 1618 1066 1653 stirpium,

1208 519 1258 553 λγ¹.
1276 517 1346 552 Περὶ
1358 516 1412 544 τοῦ
1430 514 1601 550 Ἀρκαδικοῦ
1615 512 1789 547 ζητήματος.

1142 566 1265 601 ὀμηρος
1279 565 1294 590 ὁ
1310 563 1426 599 ποιητὴς
1446 561 1509 597 περὶ
1532 561 1582 596 τήν
1610 558 1754 595 Ἀρκαδίαν
1774 555 1894 592 fama»:

1106 611 1200 647 (χώρα
1232 610 1261 637 δι
1286 609 1358 644 αὕτη
1390 608 1441 644 τῆς
1466 605 1705 641 Πελοποννήσου),
1734 603 1894 639 περιέτυχεν

1106 658 1211 685 ἁλιεῦσι
1226 655 1452 693 φθειριζομένοις,
1466 654 1513 681 καὶ
1527 652 1668 689 ἠρώτησεν
1682 651 1781 682 αὐτοὺς
1797 648 1894 680 οὕτως’

1108 703 1227 738 Ἄνδρες
1241 703 1292 730 ἀπ’
1312 701 1464 736 Ἀρκαδίης
1474 699 1641 733 ἀλιήτορες,
1656 695 1676 732 ἦ
1689 697 1718 730 ῤ’
1732 695 1843 730 ἔχομέν
1853 703 1894 725 rt;

1111 751 1190 778 Ἔστι
1209 750 1237 776 δι
1256 750 1271 775 ό
1284 747 1346 780 νοῦς
1366 747 1417 783 τῆς
1439 746 1599 782 ἐρωτήσεως
1620 740 1714 774 οὗτος·
1741 739 1777 768 Ὦ
1801 741 1895 776 ἄνδρες

1116 795 1262 831 ’Δρκάδες,
1285 795 1370 826 ἁλιεῖς
1390 793 1443 828 τὴν
1468 792 1576 828 τέχνην,
1599 788 1652 825 ἆρα
1669 787 1842 824 ὲθηράσαμέν
1856 795 1894 820 τις

1109 842 1141 868 οι
1154 841 1183 868 δὲ
1193 841 1278 872 ἁλιεῖς
1289 840 1473 875 ἀπεκρίναντο
1484 837 1564 864 τοῦτο
1579 836 1610 862 τὸ
1625 835 1701 867 ἔπος·

1111 887 1200 914 ὀι-ια’
1225 887 1334 921 slayer
1353 885 1538 919 λιπόμεσθα,
1556 883 1591 910 τὰ
1605 881 1631 908 δ’
1651 883 1707 915 οὺχ
1720 881 1831 914 ἐλομεν
1847 887 1898 914 φο-

1710 926 1862 964 [ρόμσσθα.

1076 995 1098 1024 Β
1119 980 1148 1006 '0
1165 979 1194 1006 δὲ
1207 978 1269 1010 νοῦς
1284 977 1378 1004 τούτου
1400 976 1446 1003 τοῦ
1461 975 1545 1007 [mue
1567 973 1688 1005 τοιοῦτος
1698 982 1705 989 -
1724 973 1766 999 ὄτι
1783 971 1838 1004 Οὓς
1849 971 1898 1006 μὲν

1114 1025 1228 1060 φθεῖρας
1245 1024 1429 1060 ἑθηράσαμιν,
1442 1021 1643 1056 ἀπεκτείναμεν
1659 1018 1792 1046 ἐνταῦθα’
1809 1017 1855 1049 οὓς
1870 1016 1899 1043 δι

1112 1071 1162 1098 οὐκ
1188 1070 1337 1105 ἰσχύσαμεν
1357 1067 1559 1104 θηρεύσασθαι,
1579 1066 1700 1102 φέρομεν
1718 1065 1747 1091 έν
1764 1065 1821 1095 τοῖς
1837 1063 1900 1098 ἱμα-

1113 1117 1190 1149 τίοις.
1204 1117 1262 1144 Οὐκ
1275 1116 1369 1151 ινόησι
1382 1115 1411 1142 δὲ
1420 1115 1543 1150 Ὅμηρος
1553 1113 1632 1141 τοῦτο
1645 1113 1676 1139 τὸ
1687 1111 1763 1144 ἔπος,
1774 1110 1812 1142 ὥς
1823 1117 1898 1143 φασι,

1114 1163 1162 1190 καὶ
1177 1161 1275 1198 μικρὸν
1298 1162 1386 1187 ὲκεϊσε
1409 1160 1553 1195 γενόμενος
1574 1158 1707 1186 ἀπέθανεν
1724 1156 1779 1183 ἀπὸ
1801 1155 1899 1189 λύπης.

1116 1209 1233 1243 Λέγουσι
1249 1207 1278 1234 δι
1293 1204 1364 1233 εἶναι
1379 1206 1426 1234 καὶ
1438 1205 1564 1241 χρησμὸν
1581 1203 1693 1231 δοθέντα
1715 1203 1828 1238 Ὁμήρῳ
1840 1221 1847 1233 ,
1860 1201 1899 1227 δτι

1114 1253 1178 1280 ὅταν
1198 1252 1272 1288 αὑτῷ
1286 1251 1432 1288 προτεθείη
1454 1250 1563 1286 ζήτημά
1577 1259 1602 1277 τι
1612 1269 1620 1282 ,
1631 1248 1679 1276 καὶ
1695 1248 1732 1284 μὴ
1745 1247 1831 1283 εὖροι,
1844 1246 1902 1273 τότε

1118 1299 1304 1327 ἀποθανεῖται.

1145 1345 1192 1371 λε’.
1212 1344 1282 1378 Περὶ
1299 1343 1354 1371 τοῦ
1370 1342 1592 1377 Ἀριστοτέλους
1606 1341 1655 1368 καὶ
1669 1339 1722 1367 τοῦ
1734 1339 1878 1372 Εὐρίπου.

1159 1388 1348 1425 Ἀριστοτέλης
1367 1388 1381 1414 ὁ
1396 1387 1557 1422 φιλόσοφος,
1576 1385 1700 1421 μαθητὴς
1722 1384 1819 1419 γέγονε
1835 1382 1906 1409 ms.

1117 1442 1214 1466 τωνος·
1231 1435 1255 1460 εί
1269 1433 1363 1460 καὶτὰ
1377 1433 1495 1469 μάλιστα
1509 1432 1573 1468 περὶ
1583 1430 1613 1458 τὸ
1624 1428 1813 1465 φυσιολογικδν
1825 1428 1906 1463 μέρος

1117 1481 1168 1516 τῆς
1193 1480 1351 1515 φιλοσοφίας
1375 1478 1484 1510 ἐπιδοὺς
1503 1477 1598 1504 ἑαυτὸν
1608 1497 1616 1509 ,
1632 1475 1781 1503 ἐσπούδασε
1795 1475 1904 1501 πάντων

1118 1527 1172 1554 τῶν
1185 1526 1254 1562 μετὰ
1273 1525 1308 1552 τὰ
1328 1525 1442 1561 οὐράνια
1457 1524 1571 1560 σώματα
1583 1523 1632 1554 τὰς
1647 1522 1735 1553 αἰτίας
1751 1522 1837 1548 εἰπεῖν
1857 1519 1905 1546 καὶ

1118 1573 1168 1605 τὰς
1187 1573 1297 1608 φύσεις·
1317 1570 1386 1607 οἷον,
1410 1572 1478 1608 γῆς,
1493 1571 1644 1606 θαλάττης,
1666 1569 1746 1604 ἀέρος
1757 1588 1763 1599 ,
1779 1566 1905 1602 αἰθέρος,

1121 1621 1206 1654 ζώων,
1230 1620 1334 1656 φυτῶν,
1366 1619 1462 1652 ὑετοῦ,
1479 1619 1584 1655 χιόνος,
1608 1617 1739 1653 σεισμῶν.
1758 1615 1904 1651 κομητῶν,

281 1669 391 1705 pluvia,
403 1667 486 1699 nivis,
502 1669 686 1699 terratnotus,
711 1669 890 1693 cometarum.
911 1664 961 1691 Hic
976 1671 1066 1691 rerum

1122 1667 1231 1694 πάντων
1255 1666 1358 1698 ἁπλῶς.
1382 1664 1466 1698 Οὗτος
1490 1663 1537 1692 οὗν
1560 1664 1609 1700 τὴν
1635 1663 1758 1694 πάντων,
1779 1661 1818 1693 ὡς
1837 1661 1908 1687 ἔοικε

282 1714 416 1745 omnium,
430 1717 460 1739 It
477 1712 596 1743 videtur,
613 1716 739 1738 naturam
756 1714 960 1746 perscrutatus,
972 1709 1067 1744 Euripi

282 1767 394 1796 quoque
419 1763 548 1786 naturam
573 1757 705 1793 indagare
725 1761 753 1785 et
780 1763 948 1792 cognoscere
968 1756 1067 1783 voluit.

283 1806 370 1840 Quam
394 1811 457 1832 cum
481 1803 592 1838 assequi
614 1809 669 1829 non
684 1801 829 1837 potuisset,
849 1801 877 1828 in
893 1801 965 1828 hanc
981 1800 1070 1827 maris

285 1855 390 1886 partem
418 1856 449 1876 se
476 1847 645 1883 pmcipitem
673 1845 758 1879 dedit,
782 1850 865 1882 atque
886 1845 1003 1877 interiit,
1027 1845 1070 1872 his

284 1895 375 1923 verbis
388 1898 492 1922 utens:
518 1892 654 1926 Quoniam
677 1892 841 1920 Aristoteles
868 1891 1000 1927 Euripum
1021 1891 1072 1918 tui-

289 1942 361 1969 nime
375 1941 460 1977 cepit,
481 1939 656 1968 Aristotelem
674 1938 793 1974 Euripus
809 1938 919 1966 habeat.
934 1938 1023 1972 Atque
1035 1937 1073 1964 ita

286 1986 395 2022 negotio
428 1985 533 2013 infecto
551 1989 669 2012 mortem
690 1984 757 2012 obiit
767 1984 939 2012 Aristoteles.
956 1983 1074 2018 Euripus

286 2040 368 2068 porro
387 2032 466 2060 locus
485 2035 528 2060 est
548 2031 634 2059 maris
658 2031 729 2058 inter
753 2029 886 2058 Bmotiam
903 2030 1021 2057 insulam
1046 2033 1075 2057 et

287 2079 415 2110 Atticam,
441 2079 488 2114 qui
517 2078 601 2105 unius
621 2075 674 2104 diei
699 2077 790 2112 spatio
812 2076 914 2112 septies
937 2080 1072 2103 mutatur.

288 2124 348 2151 Illic
363 2124 437 2151 enim
451 2131 524 2159 aqua
544 2122 671 2158 suffugit,
695 2122 824 2156 velutque
845 2121 1018 2152 absorbetur,
1041 2128 1073 2148 ac

288 2177 384 2197 rursus
395 2170 545 2205 regurgitat
558 2168 780 2203 cumulaturque,
796 2172 826 2194 ut
839 2167 927 2203 prius.
940 2166 1018 2200 Quod
1027 2175 1072 2195 au-

288 2221 342 2243 tem
363 2215 396 2243 ad
418 2215 653 2244 constructionem
681 2215 789 2244 attinet,
812 2213 925 2241 verbum
944 2213 1064 2248 plurale,

1117 1713 1360 1749 διερευνησάμενος
1370 1712 1463 1746 φύσιν,
1472 1710 1606 1746 ἐϐουλήθη
1614 1709 1661 1737 καὶ
1667 1709 1717 1745 τὴν
1724 1708 1773 1735 τοῦ
1786 1706 1910 1743 Εὐρίπου

1117 1758 1330 1794 φυσιολογῆσαι·
1353 1758 1391 1794 μὴ
1414 1757 1528 1793 ἰσχύσας
1559 1757 1588 1783 δὲ
1607 1755 1780 1787 καταλαϐεῖν,
1798 1754 1910 1790 ἔρριψεν

1119 1804 1215 1831 ἑαυτὸν
1237 1805 1266 1830 ὲν
1289 1803 1376 1839 τούτῳ
1396 1803 1437 1838 τῷ
1458 1803 1538 1838 μέρει
1568 1802 1620 1837 τῆς
1637 1801 1776 1836 θαλάσσης
1789 1821 1797 1834 ,
1829 1799 1909 1826 τοῦτο

1120 1850 1354 1886 ἐπιφθεγξάμενος
1367 1858 1373 1865 ·
1397 1849 1506 1886 Ἐπειδὴ
1532 1848 1721 1884 Ἀριστοτέλης
1732 1848 1781 1882 οὐχ
1797 1843 1854 1874 εἷλε
1866 1846 1910 1873 τὸν

1122 1896 1260 1932 Εὔριπον,
1289 1895 1408 1931 Εὕριπος
1436 1896 1525 1932 ἐχέτω
1548 1895 1595 1923 τὸν
1628 1894 1828 1932 Ἀριστοτέλην.
1856 1893 1911 1919 Καὶ

1124 1941 1256 1977 τέθνηκεν
1283 1941 1371 1974 οὕτως
1395 1943 1410 1969 ὁ
1443 1941 1641 1977 Ἀριστοτέλης.
1672 1941 1701 1967 '0
1725 1939 1752 1966 δὲ
1775 1938 1910 1975 Εὔριπος,

1122 1988 1204 2020 τόπος
1220 1988 1278 2014 ἐστὶ
1295 1988 1344 2022 τῆς
1359 1987 1496 2023 θαλάσσης
1510 1988 1611 2023 μεταξὺ
1624 1988 1673 2023 τῆς
1687 1985 1816 2017 Βοιωτίας
1830 1985 1911 2020 νήσου

1125 2034 1173 2061 καὶ
1185 2033 1235 2069 τῆς
1251 2034 1388 2070 Ἀττικῆς,
1400 2034 1429 2066 ὃς
1448 2034 1562 2066 ἑπτάκις
1579 2033 1709 2070 τρέπεται
1727 2032 1777 2068 τῆς
1794 2032 1910 2067 ἡμέρας·

1125 2077 1261 2114 Τρέπεται
1277 2078 1305 2104 δὲ
1315 2078 1344 2105 τὸ
1359 2078 1431 2115 ὓδωρ
1443 2078 1472 2105 τὸ
1491 2079 1519 2105 ἐν
1540 2078 1628 2113 τούτῳ
1638 2077 1678 2114 τῷ
1698 2077 1775 2113 μέρει
1791 2076 1830 2111 τῷ
1848 2076 1910 2102 ὁποι

1128 2123 1239 2158 φεύγειν
1255 2123 1303 2150 καὶ
1318 2124 1399 2151 οἱονεὶ
1415 2123 1637 2160 ἀναῤῥοφείσθαι,
1649 2123 1696 2150 καὶ
1708 2122 1788 2149 πάλιν
1805 2121 1907 2157 ἐξερεύ-

1125 2169 1232 2203 γεσθαι,
1248 2169 1296 2196 καὶ
1310 2169 1534 2205 ἀναπληροῦσθαι
1550 2169 1631 2196 πάλιν
1645 2169 1683 2201 ὡς
1700 2166 1745 2204 ἦν.
1764 2167 1850 2194 Τοῦτο
1869 2167 1912 2200 δὲ,

1127 2215 1165 2247 ὡς
1179 2213 1271 2249 εἷπον,
1289 2215 1393 2250 γίνεται
1403 2216 1517 2248 ἑπτάκις
1532 2217 1582 2252 τῆς
1594 2216 1710 2252 ἡμέρας.

289 2263 387 2289 mortui
412 2267 483 2294 sunt.
498 2261 681 2289 communiter
707 2260 840 2287 ambobus
874 2259 969 2291 servit,
991 2268 1089 2295 nempe
1103 2259 1220 2290 Homero
1241 2268 1268 2290 et
1287 2263 1439 2291 Aristoteli.
1455 2263 1589 2292 Homerus
1602 2264 1676 2291 enim
1694 2264 1741 2300 qui
1770 2263 1824 2291 sibi
1856 2270 1912 2298 prt-

290 2313 349 2333 mas
359 2313 473 2341 poeseos
495 2304 652 2340 arrogabat,
664 2311 727 2332 cum
738 2304 766 2331 in
776 2304 910 2331 Arcadica
918 2304 1071 2339 quastione
1090 2305 1228 2339 besisset,
1244 2315 1364 2336 nmrore
1375 2309 1528 2336 contabuit.
1549 2308 1712 2337 Aristoteles
1747 2313 1838 2336 autem
1868 2307 1913 2343 qui

291 2352 342 2380 sibi
373 2351 662 2387 incomprehensibilia
687 2348 735 2378 Dei
766 2349 876 2386 opiﬁcia
906 2358 1075 2387 cognoscere
1090 2359 1243 2390 eorumque
1259 2362 1359 2384 causas
1374 2356 1513 2392 explicare
1527 2356 1692 2389 videbatur.
1714 2357 1749 2384 ad
1782 2356 1913 2391 Euripum

290 2411 322 2431 se
335 2402 450 2430 contulit
464 2411 470 2429 :
485 2409 603 2437 cumque
616 2402 644 2429 in
659 2402 719 2436 ejus
731 2409 815 2430 causa
830 2401 987 2438 indaganda
1007 2403 1153 2438 perplequ
1189 2406 1325 2438 hesisset,
1352 2413 1413 2434 sese
1444 2405 1472 2432 in
1503 2411 1580 2432 mare
1614 2404 1806 2439 pracipilavit,
1832 2403 1913 2430 mise-

292 2456 376 2484 reque
387 2448 476 2484 periit.

507 2493 551 2521 55.
573 2492 611 2520 De
622 2499 698 2527 puteo
712 2492 856 2521 Cleanthis.

326 2540 474 2569 Cleanthes
489 2547 599 2576 quoque
613 2539 647 2567 de
672 2546 788 2567 numero
803 2539 969 2575 Cynicorum
988 2539 1078 2574 philo-

294 2587 443 2622 sophorum
466 2590 526 2613 erat
543 2585 594 2620 (Ι).
615 2584 665 2612 hic
678 2585 704 2611 in
718 2589 801 2619 puteo
813 2584 932 2620 quodam
947 2592 1008 2612 sese
1022 2584 1080 2611 col-

295 2634 389 2661 locatis
409 2631 668 2667 pertranscuntibus
687 2637 786 2666 aquam
803 2630 965 2662 hauriebat,
984 2637 1017 2658 ac
1029 2637 1081 2665 pro

294 2687 327 2705 eo
342 2685 453 2713 panem,
470 2684 526 2712 quo
538 2681 706 2709 vesceretur,
721 2676 884 2711 accipiebat.
896 2676 956 2710 Quo
971 2675 1082 2703 nomine

295 2726 323 2751 in
341 2730 446 2751 summa
467 2723 649 2750 admiratione
668 2722 741 2757 apud
757 2722 937 2758 philosophos
954 2727 1015 2750 erat
1026 2743 1034 2756 ,
1053 2726 1082 2750 ut

295 2769 420 2796 laborum
436 2769 666 2803 patientissimus.

489 2812 535 2839 36.
558 2811 594 2839 De
616 2813 728 2839 tristitia
746 2811 888 2840 Heracliti.

332 2860 489 2887 Heraclitus
507 2862 535 2886 et
557 2857 741 2890 Democritus,
767 2859 814 2893 qui
840 2859 937 2887 eodem
961 2848 1083 2895 tempore

297 2907 434 2936 vixerunt,
447 2905 623 2940 physicaeque
634 2912 747 2940 operam
761 2904 911 2939 dederunt,
927 2904 1022 2932 mundi
1039 2906 1082 2933 in-

333 2985 356 3016 (t
364 2990 372 3017 )
388 2983 448 3011 hac
460 2982 570 3013 Stoicus
580 2987 650 3017 erat.
663 2987 690 3012 et
706 2982 812 3012 Zenoni
829 2983 974 3013 successit.

1096 2497 1118 2524 Ι)
1172 2494 1219 2522 λε’.
1236 2495 1307 2529 Περὶ
1321 2494 1374 2522 τοῦ
1397 2493 1568 2526 Κλεάνθους
1590 2493 1640 2520 καὶ
1666 2492 1719 2519 τοῦ
1738 2490 1873 2526 φρέατος.

1163 2540 1302 2576 Κλεάνθης
1322 2537 1361 2573 εἷς
1380 2537 1415 2575 ἦν
1434 2539 1482 2566 καὶ
1505 2538 1586 2570 αὐτὸς
1602 2538 1656 2565 τῶν
1680 2537 1797 2564 κυνικῶν
1812 2537 1914 2572 φιλοσός

1128 2596 1195 2622 φων.
1210 2584 1294 2619 οὗτος
1322 2587 1351 2613 εν
1368 2594 1421 2612 τινι
1446 2585 1544 2620 φρέατι
1567 2584 1663 2611 ἑαυτὸν
1692 2584 1804 2618 στήσας,
1820 2582 1917 2618 ήρὺετο

1130 2634 1201 2669 ὕδωρ
1216 2634 1271 2666 τοῖς
1286 2632 1424 2668 παριοῦσι,
1442 2631 1489 2658 καὶ
1502 2631 1588 2662 διδοὺς
1603 2630 1687 2660 πιεῖν,
1702 2628 1838 2664 ὲλάμὸανε
1854 2628 1917 2663 παρ’

1129 2679 1219 2707 αὐτῶν
1237 2678 1318 2714 ἄρτον
1345 2678 1393 2705 καὶ
1414 2677 1501 2713 ἥσθη.
1527 2674 1701 2711 Θαυμάζεται
1725 2674 1753 2701 δὲ
1777 2674 1853 2710 παρὰ
1865 2673 1918 2700 τῶν

1131 2725 1282 2761 φιλοσόφων
1293 2725 1322 2752 ὲν
1337 2724 1425 2759 τούτῳ
1434 2724 1481 2751 καὶ
1493 2720 1570 2755 οὗτος
1583 2723 1620 2755 ὡς
1637 2722 1808 2757 καρτερικός.

1219 2815 1273 2847 λς’.
1290 2814 1359 2849 Περὶ
1373 2813 1429 2848 τῆς
1454 2811 1641 2847 Ἡρακλείτου
1659 2810 1831 2844 κατηφείας.

1173 2860 1348 2897 Ἡράκλειτος
1364 2860 1412 2887 καὶ
1427 2859 1606 2894 Δημόκριτος,
1620 2857 1670 2884 οὐκ
1689 2857 1718 2882 ὲν
1729 2855 1770 2890 τῷ
1786 2853 1862 2890 αὐτῷ
1878 2861 1906 2887 γε

1132 2907 1241 2942 γονότες
1261 2906 1359 2943 χρόνῳ,
1384 2905 1493 2940 φυσικοὶ
1516 2903 1544 2932 δὲ
1566 2903 1651 2937 ὂντες,
1675 2902 1776 2938 ὁμοίως
1802 2901 1852 2935 τὴν
1873 2896 1918 2926 τοῦ
