2046 3131
158 233 227 263 I003

597 234 640 260 AD
660 235 687 261 Ξ.
702 235 867 262 (ΞΒΕΕΟΜΙ
882 234 927 262 οιι
940 235 1013 262 \T.-'l
1035 235 1171 263 ςοΝτιιΑ
1186 236 1369 264 JULMNUM.

1713 237 1784 266 tuor.

158 293 261 328 κύει-μου
274 292 488 329 ἁλλεπαλληλῖαν
505 293 657 326 διὲπαιξσν,
678 295 693 320 6
713 294 762 329 μὲν
777 294 872 328 γελῶν,
890 297 903 321 ὀ
925 295 949 321 δὲ

1003 297 1185 324 constantiam
1204 304 1281 330 aeque
1307 295 1499 332 suggillarunt,
1515 295 1559 324 ille
1584 296 1663 329 (lens,
1680 297 1725 324 hic
1744 298 1780 324 Ii—

157 339 268 365 κλαίων.
291 339 320 366 '0
337 339 386 374 μὲν
402 339 570 375 Δημόκριτος
587 339 668 373 ἐγέλα
689 340 809 375 συνεχῶς
824 340 859 367 τὰ
878 343 949 376 πρά-

156 391 259 418 γματα,
275 384 290 410 6
308 383 337 410 δὲ
353 384 527 419 Ἡράκλειτος
544 385 662 412 ἔκλαιεν.
680 383 733 411 Ἤν
750 385 778 411 δὲ
799 387 813 411 ὀ
831 386 881 421 μὲν
895 389 948 421 Δη-

157 429 286 464 μόκριτος
307 429 479 465 ΙΔδδηρίτης,
494 431 509 457 6
522 430 551 457 δὲ
570 431 744 466 Ἡράκλειτος
767 431 899 466 Ἐφέσιος.

367 484 417 517 λζ’.
440 486 509 520 Περὶ
525 486 584 512 τῶν
597 486 734 520 φαλλῶν.

190 541 235 576 Τῷ
245 541 364 577 Διονύσῳ
372 542 468 578 ἑορτὴν
479 542 590 576 ἄγοντες
600 543 624 568 οἱ
634 543 771 578 Ἕλληνες,
780 543 890 578 φαλλοῖς
898 544 948 570 ἐτί-

153 595 213 622 μων
221 587 311 614 αὐτόν.
321 588 420 617 Φαλλὺς
428 587 455 614 δέ
466 589 539 614 ὲστιν
547 588 580 615 ὲκ
591 588 724 624 δέρματος
733 590 849 624 ρουσίου.
856 590 947 625 σχῆμα

153 632 253 659 αἰδοίου
268 633 372 669 ἀνδρός.
390 634 444 659 Καὶ
459 633 538 660 τοῦτο
551 633 719 669 περιετίθουν
735 635 838 666 ἑαυτοῖς
856 636 902 662 καὶ
918 636 947 662 ὲν

153 676 208 707 τοῖς
217 677 363 711 τραχήλοις
373 677 418 704 καὶ
429 677 457 703 ἐν
465 679 520 709 τοῖς
528 677 620 712 μέσοις
631 679 737 713 μηροῖς,
745 679 792 705 καὶ
802 678 948 714 ὲξωρχοῦν-

152 727 193 751 το,
203 720 336 755 τιμῶντες
348 722 379 747 ὲκ
389 721 484 747 τούτου
494 721 539 747 τὸν
549 720 683 748 Διόνυσον.
693 721 748 757 Τὴν
757 722 785 748 δὲ
792 722 874 757 τιμὴν
885 723 947 749 ταύ-

153 771 202 798 την
210 761 279 799 ἦγον
294 764 334 800 τῷ
347 764 465 799 Διονύσῳ
476 764 520 791 διὰ
532 764 581 800 τὴν
590 764 716 799 τοιαύτην
727 766 827 792 αἰτίαν·
844 767 890 793 Ἐκ
902 767 948 793 Σε-

154 806 238 842 μέλης
262 807 311 842 τῆς
336 808 448 843 Κάδμου
471 807 604 843 θυγατρὸς
626 809 753 842 γεννᾶται
771 811 786 836 6
804 810 943 842 Διόνυσος’

152 849 220 885 αὕτη
238 850 266 877 δὲ
284 852 500 887 κεραυνωθεῖσα,
525 852 647 888 ἐζητεῖτο
670 852 722 878 ὑπὸ
736 852 784 879 τοῦ
808 853 943 881 Διονῦσου.

152 893 389 930 Περιπλανωμένῳ
408 895 438 922 δὲ
458 895 545 930 τούτῳ
568 895 615 921 καὶ
637 894 772 931 ζητοῦντι,
786 897 946 933 Πρόσυμνος

151 939 215 969 παῖς
240 937 312 965 οὕτω
332 939 477 974 λεγόμενος
498 939 643 974 περιέτυχε
663 939 702 974 τῷ
727 940 868 975 Διονύσῳ,
897 942 944 968 καὶ

151 981 285 1016 ὑπέσχετο
300 982 396 1015 δείξειν
417 981 491 1017 αὒτῷ
512 982 561 1018 τὴν
583 981 698 1018 μητέρα,
719 984 743 1009 εἰ
762 984 944 1021 παιδεραστή-

151 1032 191 1052 ut
217 1025 309 1052 αὐτόν.
341 1026 370 1052 '0
394 1026 423 1053 δὲ
446 1027 572 1058 Διόνυσος
598 1026 732 1061 ὑπέσχετο
754 1027 842 1058 τοῦτο.
863 1029 945 1063 Λέγει

149 1067 225 1103 αὐτῷ
244 1069 259 1094 ὁ
279 1069 448 1104 Πρόσυμνος,
468 1070 511 1096 ὅτι
530 1070 559 1096 ὲν
580 1069 670 1106 Λέρνῃ
693 1071 766 1097 ἐστὶν
786 1072 803 1106 ἠ
827 1072 945 1109 Σεμέλη.

150 1109 216 1137 Εἶτα
235 1111 358 1146 εἰσῆλθεν
379 1113 393 1138 6
404 1112 529 1144 Διόνυσος
546 1113 576 1139 ὲν
589 1114 621 1148 τῇ
637 1113 767 1150 θαλάττῃ,
783 1115 826 1141 ἵνα
838 1117 946 1153 περάσῃ

150 1155 178 1181 ἐν
191 1156 225 1190 τῇ
241 1155 340 1191 Λέρνῃ.
354 1156 588 1191 Συνηκολούθησεν
603 1156 677 1191 αὐτῴ
693 1158 739 1183 καὶ
750 1158 764 1184 6
776 1158 946 1194 Πρόσυμνος.

150 1200 204 1227 Καὶ
216 1201 231 1227 6
242 1200 292 1235 μὲν
306 1201 442 1234 Διόνυσος,
455 1201 492 1233 ὡς
505 1201 574 1233 θεὸς,
586 1201 616 1228 οὐ
628 1202 769 1238 τέθνηκεν·
778 1204 793 1229 ὁ
804 1203 831 1229 δὲ
841 1204 943 1239 Πρόσυ-

149 1250 214 1278 nos
233 1243 357 1280 τέθνηκε.
381 1245 518 1281 Λυπηθεὶς
537 1244 566 1271 δὲ
583 1246 597 1271 6
618 1245 759 1279 Διόνυσος,
782 1247 822 1273 ὅτι
841 1248 855 1273 6
879 1248 942 1283 ἐρα-

150 1287 214 1322 στὴς
229 1287 312 1314 αὐτοῦ
327 1288 452 1324 τέθνηκε,
469 1289 536 1324 πρὸς
559 1288 640 1324 τιμὴν
663 1289 745 1316 αὐτοῦ
761 1291 807 1317 καὶ
829 1292 943 1326 μνήμην

149 1332 247 1358 αἰδοῖον
267 1332 375 1365 ξύλινον
393 1334 427 1360 ἐκ
446 1333 554 1360 συκίνου
568 1333 647 1366 ξύλου
662 1333 821 1370 ἐπελέκησε,
837 1344 941 1371 μεμνη-

148 1374 230 1409 μένος
245 1376 295 1411 τῆς
313 1377 534 1412 συντελεσθείσης
556 1377 647 1408 αὐτοῖς
664 1377 779 1413 αἰσχρᾶς
793 1379 840 1405 καὶ
854 1387 942 1414 παρα-

150 1419 232 1453 νόμου
248 1420 361 1456 ὴδονῆς·
377 1421 424 1448 καὶ
440 1421 484 1448 διὰ
506 1421 607 1456 ταύτην
620 1419 669 1456 τὴν
688 1421 779 1448 αἰτίαν
797 1424 851 1454 τοῖς
871 1424 938 1457 φαλ-

149 1462 203 1495 λοίς
220 1463 322 1499 τιμῶσι
351 1465 397 1492 τὸν
424 1465 560 1493 Διόνυσον.
585 1464 682 1491 Φαλλοὶ
708 1463 755 1492 οὖν
778 1468 847 1493 εἰσιν
866 1464 939 1494 οὗτοι

150 1506 263 1538 πάντες·
282 1507 420 1542 ἰθύφαλλοι
435 1509 475 1540 δὲ,
491 1510 515 1535 οἱ
540 1510 579 1540 εἰς
600 1508 663 1539 τοὺς
685 1510 787 1545 μηροὺς
802 1511 881 1546 μόνον
895 1512 938 1538 ἐπ’

149 1551 255 1583 εὐθείας
271 1553 506 1589 ὲπιδισμούμενοι.

1000 342 1077 369 dens.
1095 342 1266 370 Democritus
1273 342 1419 370 Abderites
1434 347 1506 374 erat,
1522 342 1676 371 Heraclitus
1692 343 1779 378 Ephe-

1000 395 1069 414 srus.

1271 491 1315 520 37.
1337 491 1376 519 De
1388 490 1497 525 ρίισιίὶε.

1034 547 1131 576 Libero
1144 548 1216 584 patri
1230 556 1292 576 cum
1309 548 1409 576 festum
1424 551 1534 583 agerent
1557 546 1684 582 gentiles,
1700 545 1776 581 phal-

998 594 1031 622 lis
1060 602 1122 622 eum
1155 595 1336 622 honorabant.
1370 594 1419 622 Est
1447 598 1537 621 autem
1563 593 1672 628 phallus
1700 593 1778 627 pellis

997 639 1080 666 rubra
1094 640 1122 666 in
1139 639 1239 666 veretri
1256 639 1370 673 ﬁguram
1391 639 1487 666 edicta.
1504 638 1559 665 Hos
1580 638 1702 673 undique
1725 637 1777 665 sibi

997 684 1064 719 ipsis
1082 688 1137 712 tum
1150 685 1176 712 in
1193 685 1271 712 collis
1285 689 1341 712 tum
1356 685 1383 712 in
1399 684 1496 712 mediis
1520 683 1670 711 femoribus
1689 685 1777 718 impo-

997 731 1114 758 nebant:
1125 731 1317 766 saltabantque
1330 732 1357 759 in
1367 731 1464 759 Bacchi
1477 731 1619 758 honorem.
1630 730 1687 758 Hoc
1697 739 1779 767 porro

996 775 1110 803 honoris
1122 783 1221 810 genere
1238 777 1326 811 ipsum
1347 776 1383 803 ob
1408 775 1565 810 hujusmodi
1586 783 1698 803 causam
1717 775 1777 802 afﬁ-

996 820 1168 848 cicbantzEx
1184 820 1290 848 Semele
1304 820 1400 848 Cadmi
1416 828 1501 848 uxore
1515 819 1639 847 Bacchus
1650 828 1778 855 procrea-

996 868 1041 892 tus
1052 868 1104 892 est.
1120 864 1196 892 Hanc
1215 865 1497 901 fulminepercussam
1514 869 1597 901 atque
1612 866 1776 893 exstinctam

995 917 1058 937 cum
1087 910 1141 937 huc
1171 910 1291 945 illucque
1317 911 1450 938 oberrans
1477 911 1603 939 Bacchus
1630 917 1775 946 quaereret,

960 968 982 996 Β
996 956 1156 984 adolescens
1170 957 1281 992 quidam
1299 957 1408 985 nomine
1423 957 1590 993 Polyymnus
1606 959 1635 984 in
1657 965 1719 985 cum
1733 957 1775 985 in-

994 1002 1072 1035 cidit,
1088 1002 1278 1038 facturumque
1292 1011 1321 1031 se
1335 1004 1475 1039 pollicitus
1491 1008 1544 1036 est,
1556 1009 1586 1031 ut
1598 1004 1648 1039 ipsi
1663 1008 1774 1031 matrem

994 1055 1073 1075 suam
1092 1049 1258 1080 ostenderet.
1290 1050 1312 1078 si
1338 1057 1468 1078 venereas
1493 1051 1648 1085 voluptates
1671 1051 1720 1078 abs
1746 1058 1776 1078 se

994 1095 1069 1130 carpi
1096 1100 1244 1130 pateretur.
1270 1096 1347 1130 Quod
1361 1105 1423 1124 cum
1451 1098 1626 1132 promisisset
1641 1097 1774 1129 Bacchus,

994 1141 1116 1168 narravit
1135 1141 1299 1178 Polyymnus
1319 1142 1444 1170 Semelen
1471 1142 1541 1178 apud
1562 1142 1678 1170 Lernam
1693 1149 1774 1170 esse:

993 1186 1089 1221 sicque
1104 1187 1138 1214 ab
1152 1187 1212 1222 ipso
1227 1187 1350 1215 Bacchus
1362 1192 1560 1224 constupratus
1571 1193 1624 1216 est.
1650 1188 1775 1225 Cumque

992 1237 1087 1266 postea
1101 1240 1177 1260 mare
1191 1233 1332 1268 ingressus
1344 1239 1428 1265 esset.
1446 1238 1476 1262 ut
1490 1235 1517 1262 in
1534 1234 1650 1263 Lernam
1667 1235 1774 1270 trajice-

991 1282 1044 1311 ret,
1076 1279 1203 1306 comitem
1219 1287 1249 1307 se
1263 1288 1373 1316 quoque
1395 1281 1519 1315 adjunxit
1539 1280 1703 1317 Polyymnus
1723 1280 1772 1315 (l).

990 1322 1030 1349 Ac
1043 1322 1167 1351 Bacchus
1184 1325 1294 1359 quidem
1311 1329 1340 1352 ut
1355 1325 1433 1358 dens,
1449 1326 1594 1354 incolumis
1609 1325 1671 1354 inde
1682 1326 1772 1354 rediit:

991 1368 1157 1405 Polyymnns
1176 1375 1267 1399 autem
1293 1376 1381 1399 morte
1406 1380 1555 1408 oppressus
1571 1376 1624 1400 est.
1650 1372 1774 1400 Bacchus

991 1415 1075 1449 igitur
1090 1416 1185 1443 amasii
1204 1422 1318 1445 mortem
1337 1425 1409 1452 aegre
1421 1416 1523 1451 ferens,
1538 1418 1571 1445 ad
1586 1418 1673 1453 ipsius
1688 1418 1773 1445 hono-

991 1469 1048 1488 rem
1064 1469 1098 1489 ac
1118 1463 1276 1490 memoriam
1291 1463 1410 1499 ligneum
1435 1468 1573 1492 veretrum
1600 1472 1633 1491 ex
1659 1463 1772 1491 ﬁculnea

991 1515 1091 1536 caesum
1107 1515 1139 1536 ac
1149 1510 1234 1536 rubro
1248 1510 1341 1538 colore
1354 1510 1452 1537 illitum
1465 1511 1556 1538 solatii
1566 1518 1651 1538 causa
1665 1517 1773 1545 semper

991 1553 1127 1588 gestabat,
1137 1559 1167 1582 ut
1181 1561 1236 1582 non
1249 1555 1311 1583 sine
1324 1563 1422 1591 magna
1433 1557 1574 1591 voluptate
1587 1555 1699 1584 nefariae
1713 1555 1773 1582 libi-

149 1597 221 1626 dinis
251 1606 316 1626 cum
344 1599 405 1634 ipso
424 1603 587 1636 perpetrata
610 1601 770 1630 memoriam
787 1600 931 1629 refricans.
960 1601 999 1628 Ac
1024 1609 1074 1636 pro
1092 1604 1202 1635 sceptro
1215 1600 1267 1627 hoc
1281 1601 1502 1629 circumferebat.
1517 1602 1606 1636 Atque
1635 1602 1693 1629 haec
1706 1609 1773 1629 cau-

149 1653 179 1673 sa
207 1649 261 1676 est,
283 1653 333 1672 cur
358 1645 459 1673 ethnici
490 1647 590 1682 phallis
620 1647 756 1675 Bacchum
784 1647 930 1676 honorent.
949 1647 1096 1674 Enimvero
1118 1647 1201 1682 phalli
1216 1646 1347 1674 dicuntur
1361 1651 1468 1674 veretra
1499 1648 1602 1680 omnia,
1631 1647 1772 1682 ithypballi

149 1697 178 1716 ea
190 1691 311 1723 demum,
327 1699 386 1727 qua.-
401 1691 487 1727 rigida
512 1697 593 1728 atque
618 1694 645 1721 in
668 1694 778 1729 longum
795 1698 901 1721 arrecta
920 1698 1006 1721 sunt:
1024 1693 1097 1721 unde
1110 1693 1191 1722 etiam
1208 1692 1379 1729 φαλλητάρια
1396 1698 1541 1721 vocantur.

181 1759 285 1795 λη’-λθ¹.
304 1760 384 1787 Κατὰ
404 1759 462 1786 τῶν
477 1760 600 1795 tinﬁrm-
617 1761 668 1788 καὶ
684 1761 898 1796 μελαμπύγων.

188 1827 217 1852 '0
231 1827 373 1861 Πειρίθους
387 1826 522 1853 κατελθὼν
543 1827 583 1858 είς
599 1827 644 1854 τὸν
662 1827 728 1862 ᾅδην
740 1827 786 1854 διὰ
803 1827 833 1854 τὺ
847 1827 936 1862 ἁρπα-

142 1873 191 1899 ’σαι
205 1872 255 1908 τὴν
269 1873 442 1909 Περσεφόνην
458 1873 507 1910 τὴν
527 1874 573 1900 τοῦ
588 1873 752 1905 Πλούτωνος,
767 1872 843 1908 ἐδέθη
860 1873 935 1899 κάτω

149 1918 224 1952 παρὰ
246 1918 359 1954 πέτραις
383 1920 446 1946 τισί.
469 1919 614 1946 Κατελθὼν
633 1919 662 1945 δὲ
684 1920 698 1945 6
717 1919 865 1955 Ἡρακλῆς,
888 1919 937 1945 καὶ

148 1963 231 1990 θέλων
250 1963 341 1990 λαῦεῑν
357 1964 402 1991 τὸν
417 1965 568 2000 Πειρίθουν,
587 1964 668 1991 αὑτὸν
689 1964 738 1999 μὲν
763 1964 933 1991 ἀνείλκυσεν·

147 2011 174 2037 at
194 2011 223 2037 δὲ
245 2011 330 2045 πυγαὶ
356 2011 439 2038 αὑτοῦ
457 2012 639 2048 προσέμειναν
653 2013 685 2047 τῇ
700 2011 797 2047 πέτρᾳ..
820 2011 936 2047 Ἐκλήθη

147 2054 192 2082 οὖν
215 2057 229 2082 6
256 2057 397 2092 Πειρίθους
422 2057 541 2091 ἄπυγος·
569 2057 654 2091 πυγὸς
679 2057 733 2091 γὰρ
760 2057 881 2084 καλεῖται
905 2058 936 2084 τὸ

147 2103 268 2137 κᾶθισμα
290 2103 404 2130 ἑκάστου
429 2103 582 2138 ἀνθρώπου.
603 2103 637 2129 Ἦ
657 2102 684 2128 δὲ
711 2102 782 2129 κατὰ
802 2103 866 2134 τοὺς
889 2111 937 2137 με-

147 2148 307 2183 λαμπύγους
321 2150 394 2175 ἐστὶν
416 2148 502 2184 αὕτη·
518 2149 570 2175 Δύο
589 2149 660 2180 τινὲς
675 2149 783 2182 ἀδελφοὶ
797 2149 869 2176 κατὰ
885 2148 936 2183 γῆν

148 2196 239 2222 πᾶσαν
250 2195 355 2222 ἀδικίαν
376 2194 584 2230 ἐνδεικνύμενοι.
598 2195 721 2228 ἐλέγοντο
736 2194 886 2230 Κέρκοπες,
904 2195 937 2222 ὲκ

148 2240 198 2277 τῆς
217 2241 272 2268 τῶν
285 2242 373 2277 ἔργων
385 2241 548 2276 δριμύτητος
563 2241 612 2276 τὴν
629 2240 785 2275 ἐπωνυμίαν
801 2240 935 2275 λαχόντες.

155 2287 185 2313 '0
206 2287 256 2321 μὲν
271 2287 326 2322 τὰρ
344 2287 433 2314 αὐτῶν
454 2286 563 2318 ὲλέγετο
585 2286 736 2318 Πάσσαλος,
758 2286 773 2312 6
793 2286 821 2312 δὲ
845 2286 937 2321 ἕτερος

155 2331 310 2366 ’Διά-ἡμων,
332 2331 369 2363 ὥς
386 2340 452 2366 φησι
479 2332 538 2362 Δῖος
561 2331 576 2356 ὁ
596 2330 848 2365 ὑπομνηματιστής.
869 2330 937 2357 Τού-

148 2383 211 2408 τους
232 2377 261 2403 δὲ
282 2378 298 2412 ὴ
323 2378 423 2412 μήτηρ,
445 2376 577 2411 Μήμωνις
594 2375 633 2410 τῷ
653 2375 775 2410 ὀνόματι,
799 2376 935 2410 ἑωρακυῖα
951 2366 973 2396 D

149 2423 219 2449 κατὰ
241 2422 294 2457 γῆν
313 2422 398 2449 πολλὰ
420 2422 493 2448 δεινὰ
520 2421 720 2457 ἐργαζομένους
741 2421 848 2452 αὐτοὺς.
875 2418 936 2447 εἶπε

149 2467 186 2503 μὴ
197 2469 353 2502 περιτυχεῖν
370 2466 539 2502 μελαμπύγῳ
548 2476 554 2483 ·
568 2466 614 2494 καί
629 2474 694 2492 ποτε
707 2466 754 2492 τοῦ
772 2465 937 2501 Ἡρακλέους

149 2511 200 2538 ὑπὸ
213 2512 320 2548 δένδρον
338 2512 520 2547 κοιμωμένου,
535 2511 583 2537 καὶ
597 2510 650 2537 τῶν
673 2511 756 2537 αὐτοῦ
771 2511 860 2537 ὃπλων
874 2511 937 2536 ὑπο.

148 2558 317 2593 κεκλιμένων
326 2557 365 2593 τῷ
375 2557 459 2593 φυτῷ.
473 2557 671 2593 πλησιάσαντες
684 2553 758 2583 οὗτοι
767 2558 823 2588 τοῖς
833 2555 934 2589 ὅπλοις,

148 2602 321 2637 ἐπιχειρῆσαι
356 2601 551 2637 ἐϐουλήθησαν.
581 2601 667 2632 Εὐθὺς
699 2601 727 2627 δὲ
752 2602 766 2627 6
797 2601 934 2636 Ἡρακλῆς

149 2647 318 2682 αἰσθόμενος,
330 2646 419 2673 λαϐὼν
429 2647 536 2678 αὐτοὺς,
550 2647 597 2673 καὶ
610 2646 785 2680 κατακέφαλα
794 2646 842 2673 ἐπὶ
855 2645 933 2678 ξύλου

147 2692 308 2728 δεομεύσας,
329 2692 477 2720 ἐϐάστασεν
496 2692 647 2725 ἐξόπισθεν.
671 2692 727 2719 Καὶ
748 2692 808 2719 τότε
838 2693 934 2719 ἐκεῖνοι

148 2738 196 2773 τῆς
209 2737 321 2772 ἐντολῆς
342 2738 391 2772 τῆς
417 2737 519 2764 ἑαυτῶν
539 2737 642 2774 μητρὸς
669 2736 843 2772 ἐμνήσθησαν
867 2745 932 2772 κρε-

150 2782 277 2818 μάμενοι,
296 2782 343 2810 τοῦ
366 2783 531 2818 Ἡρακλέους
553 2783 602 2819 τὴν
618 2783 708 2817 πυγὴν
723 2782 851 2818 μέλαιναν
871 2782 933 2809 θια-

149 2828 260 2864 cauum
280 2830 314 2856 ἑκ
331 2831 380 2864 τῆς
395 2829 448 2856 τῶν
463 2829 564 2864 τριχῶν
579 2829 742 2864 δασύτητος·
757 2829 782 2855 οἵ
804 2829 850 2855 καὶ
866 2827 933 2864 πρὸς

149 2873 278 2910 ἀλλήλους
306 2875 372 2901 αὐτὸ
399 2874 477 2901 τοῦτο
504 2874 696 2910 διαλεγόμενοι,
718 2873 822 2908 γέλωτα
850 2874 933 2901 πολὺν

183 2973 222 3007 (Ι)
242 2973 327 3002 Aliter
344 2973 396 3002 hoc
418 2977 512 3002 narrat
527 2972 653 3002 Clemens
668 2973 695 3001 in
713 2972 823 3000 Adhort.

947 1743 968 1771 (ἒ

1126 1760 1218 1788 38-59.
1242 1760 1279 1788 De
1300 1760 1473 1797 Helampygis
1490 1766 1517 1790 et
1533 1762 1643 1797 Apygis.

1022 1829 1188 1866 Apygorum.
1203 1830 1255 1857 hoc
1274 1835 1332 1863 est,
1354 1831 1466 1858 natibus
1491 1832 1656 1862 carentium.
1679 1831 1771 1859 fabula

989 1875 1044 1902 haec
1055 1879 1098 1902 est
1113 1884 1119 1902 :
1137 1874 1274 1903 Pirithous
1289 1883 1351 1903 cum
1362 1876 1396 1903 ad
1413 1876 1515 1904 inferos
1536 1877 1724 1905 descendisset
1735 1879 1771 1905 ob

986 1919 1154 1956 Proserpinae
1187 1922 1283 1948 uxoris
1307 1921 1432 1950 Plutonis
1461 1927 1581 1958 raptum,
1612 1923 1646 1951 ad
1679 1929 1771 1958 petras

986 1965 1116 1999 quasdam
1137 1965 1244 1994 vinctus
1264 1970 1316 1993 est.
1334 1966 1402 1994 Cum
1419 1974 1484 2001 ergo
1500 1966 1631 1995 Hercules
1655 1968 1769 1996 descen-

986 2010 1083 2041 disset,
1098 2017 1130 2037 ac
1145 2009 1297 2038 Pirithoum
1316 2011 1439 2046 accipere
1454 2012 1544 2044 vellet,
1557 2012 1645 2047 ipsum
1662 2014 1769 2048 quidem

986 2062 1096 2083 sursum
1108 2057 1260 2090 pertraxit:
1283 2062 1412 2084 ceterum
1433 2057 1522 2092 ipsius
1545 2064 1624 2086 nates
1640 2061 1700 2094 rupi
1721 2060 1770 2086 ad—

986 2101 1136 2129 haeserunt.
1157 2101 1196 2128 Ac
1210 2101 1324 2137 proinde
1334 2102 1446 2137 Apygus
1458 2103 1549 2131 dictus
1565 2107 1617 2131 est.
1633 2103 1709 2137 Quod
1721 2112 1770 2132 au-

985 2151 1040 2174 tem
1061 2147 1243 2183 Melampygos
1259 2148 1366 2179 attinet,
1381 2147 1425 2175 hic
1444 2156 1534 2176 sermo
1550 2149 1743 2177 circumfertur
1761 2160 1772 2177 τι

987 2192 1046 2220 Duo
1056 2193 1156 2221 fratres
1170 2198 1249 2221 erant
1260 2194 1366 2221 nullum
1381 2202 1436 2222 non
1464 2194 1558 2231 ﬂagitii
1573 2204 1660 2232 genus
1673 2204 1768 2232 perpe-

987 2243 1102 2269 trantes.
1118 2239 1165 2274 qui
1183 2247 1198 2266 a
1211 2239 1363 2268 facinorum
1375 2247 1488 2267 suorum
1503 2241 1653 2269 acrimonia
1669 2242 1770 2270 Cerco-

987 2291 1052 2310 num
1077 2283 1250 2319 (Cercopum
1273 2285 1415 2319 legendum
1438 2285 1530 2321 puto)
1558 2290 1767 2321 cognomentum

987 2330 1060 2356 nacti
1074 2334 1148 2357 sunt.
1163 2329 1229 2357 Nam
1243 2330 1344 2365 alioqui
1360 2331 1429 2358 alter
1441 2331 1561 2367 ipsorum
1576 2332 1706 2361 Passalus
1719 2341 1769 2360 vo-

986 2374 1111 2404 cabatur,
1131 2375 1200 2401 alter
1227 2375 1370 2408 Aclemon.
1387 2380 1417 2402 ut
1428 2381 1525 2404 auctor
1541 2381 1583 2404 est
1607 2377 1676 2405 Dion
1690 2386 1767 2405 com-

985 2423 1129 2447 mentator.
1148 2419 1233 2447 Mater
1243 2421 1327 2455 igitur
1350 2429 1443 2449 eorum
1469 2423 1579 2450 nomine
1605 2422 1767 2451 Memmonis

985 2471 1047 2491 cum
1076 2472 1124 2492 eos
1146 2465 1263 2501 plurima
1293 2466 1444 2501 graviaque
1467 2467 1566 2502 ﬂagitia
1595 2468 1767 2496 committere

984 2510 1100 2543 videret,
1113 2511 1263 2538 cavendum
1279 2511 1346 2546 ipsis
1357 2519 1419 2540 esse
1442 2513 1592 2546 admonuit,
1608 2522 1642 2541 ne
1661 2515 1688 2541 in
1711 2513 1767 2542 Me-

984 2556 1139 2591 lampygum
1166 2556 1329 2583 inciderent.
1353 2557 1460 2584 Accidit
1488 2557 1557 2585 forte
1578 2562 1608 2585 ut
1637 2557 1766 2586 Hercules

986 2603 1080 2637 positis
1093 2603 1144 2630 sub
1159 2602 1257 2630 arbore
1268 2603 1385 2638 quadam
1402 2603 1485 2631 anuis
1495 2611 1592 2631 somno
1603 2604 1764 2640 indulgeret.

985 2645 1017 2672 Hi
1033 2646 1117 2682 igitur
1131 2648 1244 2682 propius
1263 2647 1426 2675 accedentes
1448 2649 1533 2676 armis
1548 2648 1635 2683 ipsius
1654 2656 1764 2677 tn‘annm

984 2691 1097 2726 injicere
1110 2695 1260 2720 tentarunt.
1289 2693 1368 2725 Quod
1392 2701 1454 2720 cum
1484 2695 1611 2729 protinus
1633 2692 1766 2722 Hercules

986 2737 1129 2768 sensisset,
1146 2737 1237 2772 capite
1257 2742 1392 2773 arreptos.
1408 2742 1492 2773 atque
1506 2739 1538 2766 ad
1561 2739 1664 2774 lignum
1678 2740 1765 2775 quod-

985 2782 1046 2809 dam
1065 2782 1210 2809 obvinctos
1227 2782 1360 2817 gestabat.
1383 2782 1421 2810 Ac
1437 2786 1494 2809 tum
1513 2782 1567 2811 illis
1583 2783 1765 2819 pendentibus

985 2828 1099 2856 materni
1122 2828 1243 2856 mandati
1266 2828 1420 2856 recordatio
1442 2828 1538 2862 subiit,
1554 2837 1616 2858 cum
1640 2829 1765 2858 Herculis

986 2877 1064 2902 nates
1078 2881 1109 2901 ex
1127 2873 1244 2910 pilorum
1260 2872 1396 2902 densitate
1416 2874 1508 2910 nigras
1529 2882 1590 2903 esse
1613 2875 1756 2911 perspexit
