2046 3131
265 222 335 250 ’007

943 217 1084 247 NONNUS
1097 219 1208 248 ABHAS

1820 222 1887 249 £003

264 286 344 308 sent:
363 283 445 314 atque
465 279 515 306 hoc
544 279 614 306 inter
640 286 669 306 se
687 277 876 313 colloquentes
897 277 1041 305 maximum

1097 279 1241 314 προσῆψαν
1259 279 1297 314 τῷ
1318 280 1457 315 Ἠρακλεῖ.
1474 281 1528 308 Καὶ
1552 281 1631 314 εὐθὺς
1654 278 1725 308 κατᾶ
1740 278 1821 308 τοῦτο
1833 280 1887 307 τῶν

263 326 370 354 Herculi
390 325 476 354 risum
497 328 655 353 moverunt:
673 324 709 352 ob
727 324 808 359 idque
831 331 879 352 eos
901 322 1044 351 confestim

263 374 363 401 missos
377 372 452 400 fecit.

480 417 525 444 ιο.
542 416 580 444 De
591 415 737 443 uenerando
750 415 834 443 Pone.

296 462 431 497 Penelope
446 460 552 496 Ulyssis
568 469 636 488 uxor
652 460 712 488 fuit.
736 459 796 493 Quo
817 463 879 494 post
894 458 1044 493 Trojanum

261 509 362 537 bellum
384 508 437 535 huc
456 511 538 541 atque
555 506 619 532 illuc
639 506 793 536 oberrantc.
818 504 943 539 permulti
969 503 1045 541 proci

261 559 407 587 venerunt,
423 558 454 581 ut
470 553 621 587 Penelopen
638 552 691 579 sibi
704 550 1043 586 matrimoniojungerent.

262 601 297 627 At
314 599 360 626 illa
377 599 447 627 diem
465 598 499 626 de
511 598 555 625 die
568 597 696 629 ducebat,
710 596 811 624 nemini
823 596 927 623 nubere
939 595 1044 626 volens.

263 645 336 682 quod
349 644 473 680 Ulyssem
487 644 614 670 maritum
631 650 710 669 suum
728 644 908 677 exspectaret.
927 639 986 674 Quo
1005 640 1045 667 fa-

262 697 336 719 ctum
355 694 408 723 est,
424 694 453 717 ut
469 696 563 717 omnes
583 689 684 722 impetu
706 687 778 714 facto
799 695 858 714 eam
874 693 1044 721 compresse-

261 736 326 769 rint,
343 735 537 772 gravidamque
555 732 740 760 reddiderint:
759 731 796 758 ita
810 731 910 758 Panem
927 731 1042 767 peperit.

261 782 339 810 Unde
351 782 432 808 etiam
450 781 502 807 hoc
522 779 632 807 nomine
644 783 758 806 vocatus
776 782 827 810 est,
848 777 920 813 quod
939 778 973 805 ab
987 785 1045 804 om-

261 827 342 855 nibus
356 830 432 854 satus
446 825 536 852 fuerit.
553 824 606 851 Alii
622 823 767 851 admodum
781 823 880 850 eximia
894 823 981 850 forma
995 830 1045 858 pn-

259 873 408 907 tlicitiaque
430 871 582 906 Penelopen
596 869 682 897 fuisse
699 869 808 896 ferunt:
823 869 939 903 ideoque
958 869 1045 903 ipsius

260 926 353 946 amore
373 917 568 945 inﬂammatum
583 915 746 944 Mercurium
770 915 838 941 hirci
860 914 975 941 formam
999 914 1043 941 in-

260 963 353 991 duisse
367 970 374 988 :
388 962 476 997 ipsam
491 964 581 987 autem
596 960 696 988 mentis
709 967 802 987 errore
815 959 939 986 affectam
955 966 986 985 ac
1000 958 1042 985 fu-
1059 949 1081 978 Β

259 1016 322 1036 rore
338 1011 492 1042 correptam
515 1006 620 1033 hircum
638 1006 792 1038 adamasse,
815 1005 849 1032 ab
869 1012 956 1040 eoque
983 1006 1044 1032 ina-

259 1055 370 1090 gitatam
385 1053 488 1086 fuisse;
506 1056 587 1088 atque
611 1060 643 1080 ex
661 1060 694 1079 eo
703 1053 776 1079 coitu
790 1052 888 1079 Panem
904 1051 1044 1080 exstitisse

258 1099 483 1133 divinitatcmque
502 1105 517 1124 a
535 1102 612 1133 patre
635 1101 814 1125 consecutum
836 1097 933 1124 fuisse.
954 1097 1044 1132 Atque

259 1146 304 1174 hic
320 1149 363 1173 est
377 1144 434 1172 Pan
453 1144 575 1172 hirci’nos
593 1143 676 1179 pedes
696 1143 812 1171 habens.

521 1190 552 1218 M
559 1210 565 1216 .
588 1189 624 1217 De
639 1189 778 1217 Bulhama.

292 1237 442 1266 Buthmnas
469 1236 514 1263 hic
535 1235 665 1263 Hercules
684 1239 742 1266 est.
764 1235 802 1262 ita
826 1234 862 1261 ob
885 1234 1042 1269 huiusmodi

257 1291 369 1311 causam
390 1282 563 1317 appellatus:
578 1280 646 1308 Cum
670 1288 719 1316 per
739 1280 876 1315 Dryopum
902 1280 1042 1315 regionem

257 1329 366 1367 Hyllum
382 1327 466 1357 illium
487 1334 566 1354 suum
584 1326 707 1353 humeris
730 1330 842 1361 gestans
861 1326 912 1352 iter
928 1325 1041 1358 faceret,

257 1381 290 1401 ac
304 1380 372 1410 puer
391 1373 462 1399 fame
480 1371 594 1398 aﬂ‘ectus
608 1370 700 1398 cibum
718 1377 733 1396 a
757 1374 833 1405 patre
856 1374 960 1406 peteret
975 1378 981 1396 :
998 1371 1043 1398 ille

257 1419 404 1455 agricolam
422 1417 568 1452 quemdam
589 1420 711 1443 arantem
727 1415 839 1443 nomine
852 1414 1043 1443 Theodaman-

257 1470 311 1492 tem
328 1464 440 1499 reperit,
456 1469 608 1498 panemque
621 1462 655 1489 ab
668 1469 700 1488 eo
719 1461 878 1496 postulavit.
903 1461 980 1494 Quod
995 1461 1041 1489 ille

256 1517 318 1537 cum
335 1517 389 1536 non
406 1508 488 1535 modo
502 1510 669 1540 recusasset,
692 1507 739 1534 sed
761 1506 905 1534 Herculem
933 1515 1042 1542 quoque

255 1555 462 1584 contumeliosis
477 1553 568 1581 verbis
587 1554 738 1581 insectatus
752 1552 849 1581 fuisset
870 1562 877 1579 :
895 1557 953 1579 tum
972 1552 1041 1580 Her-

255 1602 332 1631 cules
354 1602 450 1629 bovem
470 1607 554 1628 unum
570 1607 603 1627 ex
623 1599 667 1627 his
689 1599 734 1634 qui
757 1600 880 1632 arabant,
898 1604 1040 1635 acceptum

252 1647 398 1684 jugulavit,
423 1653 456 1673 ac
475 1653 538 1673 cum
559 1645 615 1673 ﬁlio
633 1646 760 1680 epulatus
781 1650 833 1673 est.
856 1645 898 1673 0b
923 1653 1039 1682 eamque

254 1701 365 1721 causam
380 1692 521 1720 Buthmnaa
544 1695 752 1726 cognomentum
777 1695 874 1720 nactus
896 1696 948 1724 est,
965 1692 1039 1727 quod

255 1745 342 1768 totum
357 1739 454 1767 bovem
468 1745 522 1765 uno
536 1737 617 1772 epulo
630 1737 806 1766 coniecisset.
834 1737 905 1765 Hinc
927 1738 1038 1766 Herculi

254 1794 317 1813 cum
332 1785 485 1821 Dryopibus
501 1784 601 1811 bellum
615 1783 739 1819 contigit.
755 1783 822 1811 Nam
834 1792 897 1812 cum
913 1784 1038 1813 Theoda-

253 1839 312 1860 mas
328 1831 362 1859 ad
375 1831 470 1859 urbem
483 1830 665 1864 ascendisset,
681 1835 763 1866 atque
784 1830 914 1859 infestum
931 1831 1037 1860 hostem

253 1878 281 1905 in
296 1877 434 1914 regionem
451 1877 602 1904 accessisse
618 1877 784 1909 nuntiasset,
805 1876 949 1905 Herculem
964 1878 1038 1906 vide-

253 1924 318 1951 licet
331 1922 496 1958 intelligens,
506 1922 539 1949 ad
551 1928 613 1949 eum
624 1922 834 1956 opprimendum
845 1924 947 1958 egressi
962 1927 1037 1955 sunt,

251 1969 453 2004 eommissoque
467 1967 560 2003 pmlio
575 1975 671 1996 omnes
685 1967 720 1995 ab
735 1975 768 1995 eo
781 1968 903 2003 superati
915 1974 989 1996 sunt.

501 2013 546 2040 ιε,
569 2013 607 2041 De
621 2014 781 2048 Trivespero.

288 2061 432 2089 Herculem
453 2061 541 2088 tribus
564 2060 690 2088 noctibus
710 2066 872 2096 conceptum
889 2061 985 2094 fuisse,
1010 2067 1038 2091 et

251 2116 284 2135 ex
308 2111 433 2135 materno
453 2111 532 2134 utero
555 2106 690 2134 decidisse
707 2106 798 2134 ferunt
813 2114 820 2133 :
836 2111 918 2143 atque
940 2108 1037 2143 hujus-

251 2154 326 2180 modi
345 2159 468 2188 quasqua:
482 2159 561 2187 nugae
580 2159 612 2178 ac
628 2150 726 2178 fabulx
739 2151 773 2179 de
788 2159 821 2179 eo
838 2153 1038 2181 circumierun-

252 2204 305 2226 tur.
317 2198 494 2226 Consimilem
506 2204 614 2232 quoque
628 2198 656 2223 in
672 2196 783 2223 modum
796 2197 872 2224 aiunt
883 2205 945 2225 eum
957 2203 1037 2226 nocte

253 2252 306 2272 una
326 2251 388 2271 cum
403 2242 508 2271 Thestii
525 2243 633 2270 ﬁliabus
647 2250 704 2269 rem
727 2242 866 2275 habuisse,
887 2250 1037 2279 omnesque

1097 324 1205 360 δεσμῶν
1219 325 1402 361 ὲλυτρώσατο,
1420 326 1468 355 καὶ
1482 326 1617 353 ἀπέλυσεν
1633 325 1740 365 αὐτούς.

1266 418 1304 450 μ’.
1317 417 1387 450 Περὶ
1407 417 1460 445 τοῦ
1478 417 1594 452 Σεμνοῦ
1607 418 1718 450 Πανός.

1132 459 1272 496 Πηνελόπη
1287 461 1355 497 γυνὴ
1374 461 1470 496 γέγονε
1488 462 1535 490 τοῦ
1553 462 1710 494 Ὀδυσσέως.
1730 462 1832 488 Τούτου
1857 462 1886 488 δὲ

1098 506 1276 542 πλανωμένου
1291 508 1359 543 μετὰ
1370 508 1415 535 τὸν
1431 508 1553 546 Τρωϊκὸν
1566 509 1693 543 πόλεμον,
1708 507 1799 534 πολλοί
1815 516 1886 539 τινες

1096 550 1178 589 ἦλθον
1201 554 1431 588 μνηστευσόμενοι
1452 555 1501 590 τὴν
1523 554 1690 590 Πηνελόπην.
1713 553 1746 580 'K
1766 553 1794 580 δὲ
1816 554 1886 588 ἡμέι

1099 607 1148 634 ραν
1160 599 1189 632 ἐξ
1201 600 1307 636 ἡμέρας
1328 600 1498 633 ἀνεϐάλλετο,
1523 600 1616 636 μηδενὶ
1633 599 1746 626 θέλουσα
1761 598 1887 634 γαμηθῆ-

1096 652 1151 675 ναι,
1167 644 1210 671 διὰ
1228 645 1259 673 τὸ
1280 645 1436 682 περιμένειν
1460 645 1545 682 αὐτὴν
1561 645 1607 672 τὸν
1625 645 1755 672 Ὀδυσσέα
1776 645 1822 671 τὸν
1841 644 1886 671 ἄν·

1096 689 1146 724 δρα
1165 689 1259 725 αὐτῆς.
1277 689 1379 722 Πάντες
1399 687 1446 716 οὖν
1464 690 1702 725 συμφρασάμενοι,
1720 688 1885 723 συγγεγόνα-

1097 743 1139 761 σιν
1154 735 1239 771 αὐτῇ·
1260 735 1276 770 ή
1302 735 1330 761 δὲ
1351 735 1562 771 ὲγκυμονήσασα
1583 735 1663 762 ἔτεκε
1680 736 1726 762 τὸν
1744 735 1834 761 Πᾶνα·
1847 734 1887 761 διὸ

1096 780 1142 807 καὶ
1156 781 1214 807 Πᾶν
1227 780 1358 813 καλεῖται,
1373 781 1414 808 ὅτι
1427 781 1459 807 ὲκ
1481 780 1587 807 πάντων
1599 781 1716 816 ὲσπάρη.
1734 779 1844 815 Ἕτεροι
1857 778 1885 805 δὲ

1095 825 1219 860 λέγουσιν
1236 826 1276 852 ὅτι
1292 826 1363 853 πάνυ
1379 825 1517 861 εὔμορφος
1538 826 1585 852 καὶ
1607 824 1722 861 σώφρων
1740 822 1775 860 ἦν
1793 826 1811 860 ἡ
1828 825 1884 859 Πη-

1095 870 1211 906 νελόπη”
1244 869 1290 897 καὶ
1308 870 1351 897 διὰ
1378 870 1457 897 τοῦτο
1478 869 1584 906 ἠράσθη
1613 867 1700 904 αὐτῆς
1730 868 1745 894 6
1770 867 1883 903 Ἑρμῆς,

1096 915 1142 942 καὶ
1159 915 1310 951 μετεϐλήθη
1327 916 1367 947 εἰς
1378 915 1489 951 τράγον,
1509 914 1556 942 καὶ
1582 914 1713 949 ὲκνοήσας
1732 913 1817 949 αὐτὴν
1835 921 1885 947 μα-

1096 961 1158 997 γείᾳ.
1173 961 1213 994 εἰς
1226 961 1313 998 ἔρωτα
1335 961 1417 987 αὐτοῦ
1434 961 1557 996 ἐκίνησε·
1577 960 1624 987 καὶ
1643 959 1750 996 ὠχεύθη
1773 959 1826 986 ὑπὸ
1839 957 1885 985 τοῦ

1095 1007 1208 1043 τράγου,
1224 1007 1271 1033 καὶ
1288 1005 1416 1034 συνέλαϐε
1438 1007 1485 1033 καὶ
1509 1006 1586 1033 ἔτεκε
1609 1006 1655 1033 τδν
1678 1006 1766 1032 Πᾶνα.
1785 1004 1884 1031 Τοῦτον

1096 1051 1124 1079 δὲ
1139 1045 1328 1086 ἑθεοποίησαν-
1345 1047 1423 1083 οὗτος
1445 1051 1473 1078 δέ
1495 1052 1569 1079 ἔστιν
1586 1052 1601 1077 6
1618 1052 1676 1080 Πᾶν
1691 1051 1705 1078 6
1719 1050 1883 1086 τραγόπους.

1300 1196 1343 1228 μα’
1349 1212 1355 1218 .
1376 1191 1446 1226 Περὶ
1457 1191 1510 1218 τοῦ
1524 1191 1681 1218 Βουθοῄνα.

1136 1237 1166 1266 ὀ
1180 1238 1318 1274 Ἡρακλῆς
1328 1239 1400 1264 ἐστιν
1410 1239 1424 1264 6
1436 1237 1601 1272 καλούμενος
1618 1235 1766 1270 βουθοινας·
1783 1233 1884 1271 ἐκλήθη

1095 1284 1124 1311 δὲ
1141 1285 1185 1312 διὰ
1197 1284 1325 1319 τοιαύτην
1339 1283 1443 1310 αιτίαν·
1460 1283 1516 1318 Τὴν
1536 1281 1672 1318 Δρυόπιία
1688 1281 1741 1316 γῆν
1756 1279 1856 1317 παρῄει
1869 1280 1885 1306 6

1101 1330 1247 1367 Ἡρακλῆς,
1275 1329 1416 1365 βαστάζων
1441 1329 1490 1355 καὶ
1514 1327 1561 1354 τὸν
1591 1327 1648 1353 υἱὸν
1669 1326 1751 1353 αὑτοῦ
1773 1326 1883 1352 Ὕλλονσ

1094 1373 1153 1402 εἶτα
1167 1375 1361 1406 πεπεινακότος
1376 1374 1424 1401 τοῦ
1438 1373 1538 1400 ’Υλλου
1556 1372 1602 1399 καὶ
1618 1372 1755 1403 αἰτοῦντος
1770 1371 1883 1407 τροφὴν,

1094 1421 1262 1457 ἀροτριῶντα
1273 1428 1333 1446 τινα
1342 1419 1529 1454 Θειοδάμαντα
1543 1417 1614 1445 οὕτω
1629 1417 1774 1452 λεγόμενον
1784 1416 1882 1452 εὑρὼν,

1094 1467 1194 1502 ᾔτησεν
1208 1467 1224 1493 6
1237 1465 1374 1502 Ἡρακλῆς
1388 1465 1469 1501 ἄρτον
1478 1473 1484 1481 ·
1497 1465 1512 1491 ὁ
1528 1464 1555 1491 δὲ
1570 1464 1600 1490 οὺ
1616 1463 1740 1495 δέδωκεν,
1755 1462 1822 1489 ἀλλὰ
1837 1461 1885 1488 καὶ

1094 1512 1214 1548 ὗΰρισεν.
1232 1513 1262 1538 'U
1272 1511 1300 1538 δὲ
1313 1510 1451 1547 Ἡρακλῆς
1470 1510 1521 1537 ἕνα
1538 1509 1593 1536 τῶν
1614 1508 1801 1545 ἀροτριῶντων
1815 1507 1885 1543 βοῶν

1093 1557 1182 1585 λαϐὼν
1193 1557 1304 1592 ἔσφαξε,
1318 1557 1364 1584 καὶ
1377 1556 1502 1592 ἐθοινήθη
1515 1556 1561 1582 καὶ
1577 1555 1657 1586 uitro;
1673 1555 1719 1581 καὶ
1735 1555 1749 1580 ὁ
1761 1553 1820 1586 υἱὸς
1832 1554 1884 1580 αὐ-

1093 1603 1140 1630 τοῦ
1149 1604 1260 1635 ’Υλλοψ
1272 1603 1319 1630 καὶ
1329 1602 1430 1638 ἐκλήθη
1442 1601 1485 1628 διὰ
1498 1601 1547 1636 τὴν
1561 1601 1650 1628 αἰτίαν
1664 1601 1764 1636 ταύτην
1778 1599 1885 1634 βουθοί-

1092 1659 1151 1682 νας,
1160 1649 1252 1685 ἐπειδὴ
1262 1649 1321 1676 ὅλον
1332 1648 1458 1684 ὲθοινήθη
1468 1648 1514 1674 τὸν
1526 1647 1589 1682 βοῦν
1597 1656 1604 1663 ·
1615 1646 1691 1673 ἔνθεν
1700 1645 1738 1680 τῷ
1754 1645 1886 1680 Ἡρακλει

1091 1696 1201 1731 γέγονεν
1215 1697 1230 1723 6
1244 1695 1311 1731 πρὸς
1322 1695 1385 1727 τοὺς
1395 1694 1520 1730 Δρύοπας
1535 1693 1661 1729 πόλεμος.
1675 1693 1729 1719 Τοῦ
1742 1691 1797 1727 γάρ
1811 1692 1884 1718 Θειο-

1091 1742 1224 1778 δάμαντος
1237 1741 1392 1775 ἀνελθόντος
1411 1741 1451 1772 εἰς
1465 1741 1513 1775 τὴν
1530 1739 1616 1771 πόλιν,
1636 1739 1682 1766 καὶ
1702 1738 1834 1770 εἰπόντος,
1844 1737 1882 1769 ὡς

1091 1788 1224 1823 Πολέμιος
1246 1785 1326 1823 ἦλθεν
1348 1788 1389 1818 εἰς
1407 1786 1457 1820 τὴν
1481 1785 1574 1820 χώραν
1587 1784 1676 1821 ἡμῶν,
1695 1783 1805 1819 ἐξῆλθον
1822 1783 1882 1810 κατ’

1092 1833 1173 1860 αὑτοῦ
1197 1833 1221 1859 οἱ
1242 1832 1380 1868 Δρύοπες,
1407 1832 1455 1858 καὶ
1479 1831 1604 1866 νενίκηκε
1627 1831 1730 1860 πάντας
1751 1829 1850 1860 αὐτοὺς
1867 1828 1882 1854 6

1097 1878 1244 1914 Ἡρακλῆς,
1259 1878 1305 1905 καὶ
1319 1877 1453 1912 λαμϐάνει
1475 1877 1646 1912 αἰχμάλωτον
1666 1876 1712 1902 τὸν
1723 1875 1822 1902 ’Υλλον
1835 1874 1882 1901 τὸν

1092 1925 1148 1951 υἱὸν
1164 1924 1211 1951 τοῦ
1226 1924 1432 1959 Θειοδάμαντος.

1274 2012 1328 2048 μβ’.
1346 2013 1416 2047 Περὶ
1435 2012 1488 2040 τοῦ
1508 2011 1696 2046 Τριεσπέρου.

1126 2059 1241 2094 Λέγεται
1257 2060 1273 2086 6
1299 2058 1436 2095 Ἡρακλῆς
1464 2058 1507 2086 διὰ
1526 2059 1609 2095 τριῶν
1632 2058 1757 2094 ἐσπερῶν
1780 2058 1879 2094 συλληά

1091 2104 1191 2139 φθῆναι
1203 2104 1302 2140 ὁμοίως
1320 2105 1368 2131 καὶ
1381 2104 1523 2140 τεχθῆναι·
1538 2104 1585 2131 καὶ
1606 2105 1634 2131 ὲν
1652 2105 1701 2139 μιᾷ
1715 2105 1793 2131 νυκτὶ
1813 2113 1878 2131 mv-

1089 2151 1206 2186 τήκοντα
1218 2151 1278 2181 ταῖς
1295 2149 1406 2176 Θεστίου
1422 2150 1571 2186 Θυγατράσι
1587 2150 1709 2185 μιγῆναι,
1722 2150 1768 2176 καὶ
1785 2150 1878 2177 παιδο-

1091 2197 1201 2232 ποιῆσαι
1211 2196 1240 2229 ἐξ
1253 2196 1342 2223 αὐτῶν
1355 2196 1459 2228 πασῶν,
1473 2195 1542 2222 ὥστε
1551 2196 1598 2222 καὶ
1607 2195 1650 2222 διὰ
1662 2195 1747 2222 ταῦτα
1757 2195 1877 2230 θεοποιῆ-

1091 2252 1135 2270 σαι
1161 2243 1257 2276 αὑτὸν,
1283 2243 1330 2270 καὶ
1351 2242 1429 2270 τοῦτο
1451 2242 1672 2278 τρισκαιδέκατον
1696 2242 1779 2269 αὑτοῦ
1798 2240 1876 2269 ἆθλον

250 2298 284 2318 ει
303 2297 335 2317 eo
352 2289 492 2326 peperisse
509 2297 516 2314 :
534 2287 601 2316 adeo
623 2294 652 2315 ut
672 2288 725 2315 hoc
743 2297 852 2323 quoque
874 2292 986 2320 nomine
1012 2293 1039 2321 in

1092 2289 1235 2325 ὀνομάσαι.

252 2335 367 2361 deorum
390 2336 536 2362 numerum
559 2333 662 2360 relatus
676 2332 769 2365 fuerit,
787 2338 869 2368 atque
886 2334 938 2362 hoc
951 2343 1040 2370 certa—

252 2387 314 2407 men
329 2377 464 2406 decimum
481 2378 592 2405 tertium
608 2377 773 2413 appellatum
794 2379 840 2405 sit.

409 2434 453 2462 45.
471 2434 508 2461 De
524 2433 648 2461 Idoliano
660 2439 685 2460 et
703 2433 884 2463 Tauricremo.

286 2479 421 2517 Quoniam
430 2478 557 2510 Julianus
568 2479 699 2514 Apostata
710 2480 951 2514 prreclarissimum
963 2483 1037 2510 Chri-

253 2529 406 2554 stianorum
421 2533 520 2553 nomen
534 2525 562 2552 in
577 2524 703 2553 Galilaeos
713 2529 883 2553 commutare
899 2534 932 2557 ac
947 2532 1038 2557 ll‘alls-

253 2574 324 2600 turre
338 2571 482 2600 studuerat
498 2579 505 2596 ;
524 2571 627 2599 idcirco
651 2577 724 2598 nunc
744 2578 853 2606 quoque
877 2571 908 2598 Ι).
934 2572 1037 2609 Grego-

252 2619 311 2646 rius
332 2626 395 2647 eum
412 2617 527 2649 irridere
542 2617 610 2650 vult,
635 2616 728 2652 aitque
744 2625 750 2642 :
768 2615 844 2645 Licet
865 2619 944 2646 nobis
968 2627 1037 2654 quo-

251 2671 306 2700 que
321 2663 460 2694 Julianum
483 2663 543 2692 suis
567 2662 726 2690 nominibus
743 2662 889 2698 appellare,
914 2671 946 2691 ac
964 2665 1037 2692 velut

252 2710 391 2737 coloribus
407 2709 465 2737 suis
481 2708 636 2744 depingere.
651 2707 769 2735 Proinde
782 2709 833 2742 ipsi
850 2715 959 2744 qquue
973 2717 1034 2738 eum

252 2755 404 2783 ldolianum
428 2755 612 2784 nominemus.
635 2759 666 2780 ut
689 2754 824 2781 idolorum
842 2755 985 2788 cultorem,
1009 2761 1036 2783 et

251 2801 380 2834 Pisaeam,
407 2804 437 2830 ut
456 2799 550 2829 Jovem
570 2799 640 2828 Pisa:
662 2800 807 2829 colentem.
832 2799 939 2834 Jupiter
963 2802 1035 2829 enim

253 2846 334 2879 Pisae,
355 2854 417 2882 qua:
437 2846 525 2882 Elidis
549 2845 616 2875 urbs
636 2849 690 2877 est,
716 2845 867 2873 colebatur.
897 2845 1035 2875 lulianum

254 2899 338 2925 ergo,
370 2892 477 2926 inquit,
511 2899 560 2926 par
582 2896 624 2919 est
654 2891 770 2918 Piszeum
800 2899 915 2922 vocare,
943 2898 1038 2926 quem-

255 2937 400 2966 admodum
431 2942 457 2965 et
485 2939 618 2965 Adonium
645 2941 756 2972 propter
783 2936 941 2964 Adonidem.
969 2935 1037 2964 Nam

1131 2432 1185 2468 μγ’.
1201 2432 1270 2467 Περὶ
1286 2432 1340 2459 τοῦ
1350 2432 1531 2460 Εὶδωλιανοῦ
1548 2433 1597 2460 καὶ
1609 2434 1828 2468 Καυσιταύρου.

1128 2488 1235 2523 Ἐπειδὴ
1255 2489 1270 2514 6
1292 2488 1455 2524 Παραῦάτης
1473 2488 1504 2515 τὸ
1518 2488 1573 2515 τῶν
1591 2489 1763 2524 Χριστιανῶν
1783 2483 1875 2516 κάλλιέ

1087 2542 1147 2560 στον
1168 2533 1270 2568 δνομα,
1293 2534 1332 2566 εις
1355 2533 1512 2566 Γαλιλαίους
1535 2534 1690 2570 μεταθεῖναι
1712 2534 1873 2568 ἐσπούδαζε,

1085 2579 1132 2606 νῦν
1146 2579 1270 2614 βούλεται
1287 2581 1301 2606 6
1315 2581 1385 2612 θεῖος
1403 2580 1552 2617 Γρηγόριος
1568 2581 1707 2614 διαπαῖξαι
1723 2581 1815 2613 αὑτὸν,
1828 2582 1876 2611 καὶ
1896 2611 1902 2615 _

1085 2626 1181 2657 εἰπεῖν,
1194 2626 1235 2652 ὅτι
1256 2626 1330 2657 Ἑξὸν
1352 2626 1400 2653 καὶ
1418 2627 1484 2662 ἡμῖν
1504 2627 1548 2653 τὸν
1565 2627 1706 2654 Ίουλιανὺν
1727 2627 1820 2655 καλεῖν
1842 2629 1874 2661 ἐκ

1084 2671 1138 2698 τῶν
1160 2672 1225 2707 περὶ
1241 2671 1324 2700 αὐτὸν
1348 2671 1497 2707 ὀνομάτων.
1524 2674 1609 2708 Φησὶν
1628 2671 1688 2700 οὖν’
1706 2673 1874 2708 Καλέσωμεν

1085 2715 1166 2743 αὑτὸν
1187 2715 1234 2743 καὶ
1251 2716 1332 2751 ἡμεῖς
1348 2716 1518 2750 Εἰδωλιανὸν,
1542 2717 1580 2749 ὡς
1597 2717 1803 2754 εἰδωλολάτρην,
1826 2718 1874 2745 καὶ

1085 2762 1206 2793 Πισαῖον,
1224 2761 1261 2793 ὡς
1279 2761 1324 2788 τὸν
1344 2762 1374 2788 ὲν
1387 2762 1459 2798 Πίσῃ
1483 2762 1532 2790 Δία
1554 2763 1690 2797 τιμῶντα’
1713 2763 1781 2794 Ζεὺς
1797 2763 1826 2790 δὲ
1843 2764 1872 2790 ἐν

1084 2805 1155 2842 Πίσῃ
1180 2806 1214 2840 τῇ
1240 2805 1316 2832 πόλει
1343 2807 1470 2841 ἐτιμᾶτο·
1495 2807 1566 2833 Πίσα
1585 2806 1624 2840 δὲ,
1645 2807 1722 2840 πόλις
1742 2807 1800 2834 ἐστὶ
1821 2807 1871 2842 τῆς

1086 2848 1205 2880 Ἤλιδος.
1228 2849 1284 2876 Καὶ
1305 2850 1448 2877 ’Δδωναῖον
1474 2850 1518 2878 διὰ
1542 2850 1587 2877 τὸν
1610 2851 1732 2877 Ἄδωνιν.
1755 2851 1870 2885 Λέγεται

1084 2895 1111 2921 δὲ
1129 2895 1291 2930 σεὸασθῆναι
1314 2895 1360 2922 τὸν
1376 2896 1488 2923 Ἄδωνιν
1509 2898 1524 2923 ὁ
1539 2896 1694 2928 Ἰουλιανός·
1718 2893 1794 2927 οὗτος
1813 2896 1840 2923 δὲ
1856 2898 1871 2923 ὁ

1087 2940 1200 2972 Ἄδωνις
1219 2939 1326 2976 ἠράσθη
1351 2940 1402 2968 ὑπὸ
1413 2941 1462 2976 τῆς
1481 2941 1640 2977 Ἅφροδίτης
1663 2941 1806 2977 ἄνθρωπος
1821 2941 1869 2974 ὢν,
