2046 3131
163 91 235 120 ιοδθ

591 101 635 130 AD
650 104 679 132 S.
700 104 865 135 GREGORII
886 109 991 139 ORAT.
1011 112 1019 139 Ι
1038 112 1176 144 CONTRA
1192 118 1374 151 JULIANUM.

1725 130 1793 159 1010

158 151 294 218 ἷξονῗῖθη
314 153 350 218 δί
367 155 420 182 ὒπδ
444 156 490 184 τοῧ
515 159 630 197 Ἄρεως,
643 162 686 190 διὰ
702 164 732 191 τὸ
753 167 944 204 ἀντερασθῆναι

163 214 171 218 .
192 197 232 218 ν’
257 206 304 218 mm
318 206 333 218 ιι-
353 206 368 218 ρ
385 202 542 218 ’Διηηιιηη
569 207 691 218 νὼμμρ
775 211 795 218 ..
814 212 825 218 -
841 215 852 218 -
927 214 932 218 .

982 171 1154 204 LAdonidem
1172 183 1281 213 quoque
1297 187 1404 207 summa
1421 181 1553 218 religione
1567 192 1582 211 a
1602 184 1713 214 Iuliano
1733 188 1792 216 cul-

157 196 208 248 τὸν
219 197 306 248 ’Δρεα
318 199 368 236 τῆς
385 196 555 241 Ἀφροδίτηςξ
569 207 760 245 Καυσεταυρον
772 211 801 238 δὲ
811 196 860 245 δεῖ,
872 196 948 248 φησὶ,

157 242 252 270 καλεῖν
267 244 314 271 τὸν
332 245 528 281 Ίουλιανὸν,διά
544 251 573 278 τὸ
591 242 884 294 ταύρους-ὁλοκλήροῦς
902 242 948 287 ilo:

157 288 263 332 σιάζειν
280 292 326 317 καὶ
346 295 505 322 κατακαίειν
520 299 577 330 τοῖς
592 299 662 332 θεοῖς
681 301 773 330 αὐτοῦ.

1003 220 1061 245 tum
1083 218 1171 249 fuisse
1192 230 1315 252 narrant.
1343 224 1421 254 Hunc
1437 234 1520 262 porro
1536 230 1689 259 Adonidem
1705 240 1721 259 ιι
1736 232 1791 261 νε-

1003 270 1068 292 nere
1088 266 1257 301 adamatum,
1274 275 1356 306 alque
1369 280 1383 300 a
1401 272 1498 307 Marte,
1511 276 1557 310 qui
1577 276 1663 311 ipsius
1681 285 1791 313 quoque

1004 308 1114 340 Veneris
1134 321 1227 343 amore
1241 315 1383 352 ﬂagrabat,
1403 308 1595 356 interemptum
1609 308 1697 351 fuisse
1711 308 1785 351 fabu-

566 327 574 330 _
652 327 660 332 .
1009 327 1114 340 rusus“:
1134 327 1227 343 illllUl‘C
1241 327 1383 352 uagrauat,
1403 327 1594 356 interemptum
1609 327 1696 351 fuisse
1711 327 1785 351 rabu-

156 327 260 402 l:mlt'i‘r.
288 338 494 371 Tauricremum
516 344 636 382 denique
657 348 796 378 Julianum
825 354 963 389 appellare
982 361 1127 394 convenit,
1151 367 1180 389 ut
1204 367 1277 392 totos
1296 365 1379 394 boves
1401 366 1454 395 diis
1476 369 1534 396 suis
1552 369 1739 399 immolantem
1756 368 1789 402 ὀι

156 390 216 402 mlll
241 390 366 402 lIl‘AnInm

155 383 378 413 comburentem.

224 431 277 481 μδ⁷ἶ
292 434 362 467 Περὶ
381 435 434 469 τῆς
453 436 608 474 Κερὸαλῆς
623 442 672 468 καὶ
691 443 743 470 τοῦ
754 445 880 481 Μίνωος.

191 477 289 513 Κερδὼ
312 480 433 509 καλεῖται
456 484 618 521 ήὰλώπηξ·
641 487 716 516 ἔνθεν
740 491 787 518 καὶ
812 477 944 530 κερδαλῆ,

155 521 172 557 ἢ
188 524 305 560 πονηρία
319 527 366 553 καὶ
387 528 403 563 ή
423 529 507 556 κακία
526 532 574 558 καὶ
600 533 615 568 ή
633 533 769 571 δολιᾶιης·
791 521 877 565 δόλιον

155 569 203 595 καὶ
222 571 410 605 παγκάκιστον
429 575 476 601 καὶ
491 577 607 612 πονηρὸν
623 578 654 605 τὸ
668 569 737 611 ζῶον
750 581 828 610 τοῦτο
842 584 858 619 ἡ

154 615 219 650 πηξ.
284 617 312 644 δὲ
327 619 420 651 Μίνως
435 620 537 654 δίκαιος
551 623 693 660 ἄνθρωπος
706 615 943 664 ὲνομίζετονεῖναι.

153 661 191 692 ὡς
218 662 276 694 υἱὸς
300 664 347 691 τοῦ
364 666 435 698 Διός.
454 668 486 694 '0
508 666 553 696 οὖν
576 669 650 704 λέγει
669 673 683 698 ὁ
705 661 776 706 θεῖος
799 661 948 712 Γρηγόριος

154 707 232 734 τοῦτό
256 709 347 736 ἐστιν’
369 711 409 737 ὄτι
433 712 447 738 ὁ
464 713 605 747 Ἰουλιανὸς
624 716 671 752 τὴν
695 719 791 746 ἑαυτοῦ
814 722 948 756 παγκάκι-

154 760 216 779 στον
243 756 375 791 πονηρίαν
397 757 431 784 δι’
459 760 625 788 ἑπιπλάστου
658 763 738 799 ἡθους
761 766 945 802 ἀπέκρυπτεν,

153 798 245 831 ἄδικος
259 799 297 827 ὢν
309 802 338 828 ἐν
356 801 452 838 δικαίῳ
469 806 655 842 προσχήματι.

185 891 239 922 με’.
259 889 329 923 Περὶ
346 890 399 917 τοῦ
415 890 616 927 Μελάμποδος
630 895 678 922 καὶ
693 896 746 923 τοῦ
761 897 910 932 Πρωτέως.

192 934 221 960 '0
238 935 366 969 Πρωτεὺς
385 934 461 969 οὗτός
476 938 550 965 ἐστιν
574 939 588 965 6
613 940 664 976 τῆς
689 941 810 978 Θρᾴκης,
826 941 858 971 οὗ
880 945 942 977 τοὺς

151 980 226 1012 υἱοὺς
237 981 395 1009 ἀπέκτεινεν
409 985 423 1010 ὁ
445 984 592 1021 Ἡρακλῆς.
610 984 692 1019 υῦτος
715 986 761 1015 οὖν
777 990 823 1016 καὶ
845 990 942 1026 μάντις

149 1023 193 1060 ἦν.
221 1027 268 1053 καὶ
291 1028 435 1064 γενόμενος
457 1030 563 1063 ἐνάλιος
586 1031 700 1068 δαίμων,
725 1035 770 1061 καὶ
792 1023 874 1062 οἰκιῦν
891 1036 941 1073 τὴν

149 1071 254 1106 Φάρον·
274 1073 314 1100 διὸ
337 1074 383 1101 καὶ
397 1075 530 1110 Πρωτέως
549 1077 629 1112 νῆσος
653 1079 668 1114 ἡ
689 1079 776 1115 Φάρος
798 1071 938 1118 ἐκέκλητο.

151 1117 208 1144 Ἵνα
229 1118 267 1154 μὴ
292 1116 338 1146 οὗν
355 1121 463 1156 αἰτῆται
480 1123 610 1157 μαντείας
633 1124 682 1151 καὶ
702 1125 869 1160 προγνώσεις
895 1127 939 1154 διὰ

147 1164 211 1195 τοὺς
225 1164 422 1200 πλησιάζοντας
434 1168 517 1203 αὐτῷ,
533 1169 580 1205 τὴν
598 1170 699 1198 τούτων
715 1171 824 1207 ὄχλησιν
840 1173 877 1208 μὴ
892 1173 940 1208 φέ-

147 1217 213 1244 ρων.
229 1211 401 1246 μετεμόρφου
422 1214 517 1241 ἑαυτὸν
538 1216 638 1252 μαγείᾳ
654 1217 717 1250 τινὶ,
732 1218 778 1244 καὶ
800 1219 938 1252 ἄγνωστον

147 1255 242 1282 ἑαυτὸν
255 1257 340 1284 ἐποίει
356 1260 410 1290 τοῖς
422 1259 491 1295 πρὸς
501 1261 582 1288 αὐτὸν
598 1252 802 1298 πλησιάζουσιν.
822 1265 936 1300 Ὁμοίως

111 1319 113 1321 ι
145 1301 173 1331 δὲ
190 1301 238 1327 καὶ
251 1303 266 1329 ὀ
279 1303 446 1338 Μελάμπους
469 1305 566 1340 μάντις
584 1305 617 1343 ἦν
633 1308 679 1335 καὶ
699 1310 868 1346 ἱεροφάντης.
886 1309 937 1340 Οὖ-

147 1355 190 1378 τος
203 1347 317 1383 ἐξέφηνε
333 1349 366 1376 τά
382 1350 411 1376 ὲν
427 1351 557 1387 Αἰγύπτῳ
571 1353 630 1389 ἱερὰ
645 1356 700 1386 τοῖς
711 1355 851 1391 Ἕλλησιν,
865 1357 936 1394 ἅπερ

147 1392 317 1428 ἐμιμήσαντο
336 1395 361 1421 οἱ
377 1395 516 1433 Ἕλληνες.
541 1399 595 1426 Καὶ
616 1396 694 1432 οὗτος
721 1401 750 1428 δὲ
772 1403 826 1429 τῶν
854 1392 936 1439 μεταλ

148 1439 342 1475 μορφουμένων
358 1439 402 1477 ἦν,
417 1442 454 1475 ὡς
475 1444 521 1470 καὶ
535 1444 617 1477 αὐτὸς
637 1445 674 1472 ὣν
699 1449 880 1484 μαντομάγος.
903 1451 934 1477 Ol

146 1485 199 1520 γὰρ
214 1485 329 1512 τοιοῦτοι
341 1486 478 1523 ἂνθρωποι
492 1487 564 1524 εἶχον
578 1491 656 1525 φύσει
673 1493 799 1529 τοιαύτην
821 1495 933 1530 δύναμιν

146 1530 288 1566 πάρεδρον,
311 1532 381 1559 ὥστε
404 1536 641 1570 μεταμορφοῦσθαι
663 1539 702 1570 είς
723 1539 737 1565 ὃ
758 1540 791 1566 ἂν
809 1540 932 1573 θέλωσιν,

144 1574 213 1601 ὥστε
229 1575 267 1610 μὴ
281 1577 460 1610 γινώσκεσθαι
482 1580 558 1614 παρὰ
573 1580 626 1621 τῶν
641 1582 708 1618 πρὸς
727 1584 825 1616 αὐτοὺς
846 1585 932 1612 διαλε-

145 1619 278 1655 γομένων.

295 1712 353 1744 pg’.
371 1710 442 1743 Περὶ
458 1711 510 1738 τοῦ
525 1713 665 1741 Αἰτναίου
677 1716 780 1749 πυρός.

178 1753 286 1780 Σικελία
299 1754 380 1790 νῆσός
392 1757 450 1783 ἐστι
469 1758 596 1794 μεγίστη,
609 1759 764 1798 διακειμένη
780 1763 843 1798 περὶ
862 1763 930 1791 ἰτα-

142 1797 212 1826 λίαν.
225 1799 269 1826 Ἐν
283 1801 369 1837 ταύτῃ
383 1802 441 1828 ἐστὶ
454 1802 540 1836 πόλις,
554 1804 664 1840 Κατάνη
681 1805 752 1834 οὕτω
766 1797 928 1846 καλουμένηθ

143 1845 269 1881 ὑπεράνω
282 1846 310 1872 δὲ
325 1848 375 1883 τῆς
392 1848 518 1884 Κατάνης
533 1850 606 1876 ἐστὶν
628 1851 699 1887 ὅρος,
717 1852 747 1885 ἐξ
765 1851 795 1881 οὗ
808 1845 928 1883 ἀναδίδο-

142 1900 184 1918 ται
206 1892 261 1928 πῦρ
281 1893 347 1920 πολύ
367 1903 397 1920 τε
412 1895 458 1922 καὶ
469 1894 600 1930 διηνεκές.
621 1897 750 1926 Καλεῖται
772 1900 800 1927 δὲ
820 1902 849 1928 τὸ
867 1902 928 1938 ὅρος

142 1938 243 1974 Δῑτνη“
264 1939 407 1967 καλοῦνται
433 1940 461 1967 δὲ
484 1942 531 1969 καὶ
551 1944 579 1969 al
603 1943 656 1971 τοῦ
677 1944 838 1979 Ἡφαίστου
855 1957 927 1983 κρα-

143 1984 239 2019 τῆρες.
262 1985 346 2013 Τοῦτο
369 1986 397 2013 δὲ
418 1986 449 2013 τὸ
466 1987 520 2024 πῦρ
542 1987 614 2016 ἐστιν
638 1990 682 2017 ὅτε
697 1992 822 2020 τοσοῦτον
845 1993 928 2032 ὑπερ-

142 2030 244 2063 ϐλύζει,
260 2031 329 2058 ὥστε
350 2032 397 2059 καὶ
418 2034 573 2069 ππαμηδὸν
593 2035 732 2072 φέρεσθαι,
751 2039 798 2065 καὶ
818 2041 876 2076 ῥεῖν
889 2041 927 2074 ὡς

141 2076 213 2112 ὕδωρ
228 2078 296 2112 μετὰ
308 2080 357 2114 τῆς
369 2080 561 2118 άναδιδομένης
576 2083 715 2119 πυρώδους
727 2085 807 2122 ὕλης·
825 2088 881 2115 ἔστι
898 2089 926 2115 δὲ

140 2124 186 2150 καὶ
196 2123 267 2151 θεῖόν
288 2133 314 2151 τι
333 2125 364 2152 τὺ
379 2126 434 2162 πῦρ
444 2127 530 2155 τοῦτο.
548 2128 664 2162 Λέγεται
681 2130 710 2157 δὲ
729 2132 770 2158 ὅτι
783 2135 874 2169 πατήρ
885 2143 926 2167 τις

142 2170 200 2204 μεθ’
220 2169 279 2196 υίοῦ
291 2172 388 2208 εὑρέθη
403 2174 431 2199 ὲν
445 2174 485 2209 τῷ
501 2174 559 2209 opst
571 2175 668 2211 τούτῳ,
681 2177 728 2203 καὶ
749 2177 825 2213 ἄφνω
839 2181 924 2216 ἐρρύη
941 2178 963 2205 D

141 2216 296 2252 ποσαμηδὸν
315 2217 346 2244 τὸ
372 2218 444 2254 πῦρ,
466 2220 513 2246 καὶ
539 2220 640 2256 ἄπορον
664 2223 755 2255 αὐτοῖς
776 2224 869 2259 γέγονε
895 2227 926 2253 τδ

140 2262 293 2298 παρελθεῖν.
310 2263 338 2290 ὐ
352 2263 380 2290 δὲ
396 2266 460 2296 παῖς
478 2265 556 2292 ἔλαϐε
578 2266 623 2293 τὺν
645 2268 740 2296 ἑαυτοῦ
758 2270 864 2306 πατέρα
878 2273 926 2299 καὶ

140 2306 287 2333 ἑδάστασε·
313 2309 359 2335 καὶ
376 2309 539 2345 ὲρυθριάσαν
557 2311 586 2337 τὸ
607 2312 663 2348 πῦρ
687 2313 736 2349 τὴν
759 2315 857 2350 πρᾶξιν
877 2317 924 2343 τοῦ

139 2351 207 2385 υἱοῦ,
224 2353 344 2388 ἀνεκόπη
363 2354 413 2388 τῆς
432 2355 580 2391 ἐπιρροῆςο
600 2357 647 2384 καὶ
669 2360 806 2395 παρῆλθεν
827 2363 842 2388 ὀ
861 2364 924 2395 παῖς

140 2399 184 2424 καὶ
200 2399 214 2424 ὁ
225 2398 318 2434 πατὴρ
328 2399 466 2432 ἀϐλαϐεῖς.

191 2443 245 2478 μζ’.
263 2445 334 2479 Περὶ
347 2445 401 2480 τῆς
418 2447 453 2473 ἐν
467 2447 508 2481 τῷ
519 2450 616 2484 Μίθρῃ
628 2451 782 2485 κολάσεως
799 2453 848 2488 (1).

173 2490 225 2516 Τὸν
249 2491 359 2526 Μίθραν
380 2493 521 2528 νομίζουσι
541 2496 643 2531 Πέρσαι
665 2497 710 2524 τὸν
732 2498 806 2533 ἥλιον
831 2498 901 2527 εἶναι
915 2510 922 2518 ·

138 2535 184 2560 καὶ
199 2535 286 2570 τούτῳ
301 2535 394 2563 θύουσι
406 2539 505 2571 πολλὰς
519 2540 623 2573 θυσίας,
638 2543 686 2569 καὶ
696 2543 834 2571 τελοῦνταί
847 2554 923 2579 τινας

138 2581 176 2612 εἰς
190 2581 272 2608 αὑτὸν
286 2583 408 2616 τελετάς,
431 2585 526 2619 Οὐδεὶς
544 2587 573 2613 δὲ
594 2587 704 2615 δύναται
720 2590 856 2618 τελεῖσθαι
872 2593 922 2625 τὰς

137 2625 182 2652 τοῦ
195 2626 300 2661 Μίθρου
312 2628 433 2662 τελετὰς,
449 2631 473 2656 εἰ
487 2631 525 2667 μὴ
542 2632 585 2659 διὰ
602 2634 697 2660 πασῶν
710 2634 765 2661 τῶν
784 2636 920 2665 κολάσεων

141 2670 282 2705 παρέλθοι,
298 2673 344 2699 καὶ
366 2671 447 2706 δείξει
463 2676 558 2703 ἑαυτὸν
579 2677 672 2713 άπαθῆ
691 2687 751 2705 τινα
764 2681 811 2706 καὶ
835 2682 917 2709 ὅσιον.

137 2715 266 2749 Δέγονται
290 2716 318 2744 δὲ
348 2717 511 2755 ὁγδοήκοντα
533 2719 603 2750 εἶναι
628 2723 763 2756 κολάσεις,
789 2724 822 2757 ἃς
849 2727 919 2754 κατὰ

139 2760 239 2796 βαθμὸν
266 2762 306 2788 δεῖ
332 2763 377 2789 τὸν
404 2765 633 2804 τελεσθησὸμενον
658 2769 820 2805 παρελθεῖν·
851 2768 917 2807 οἷον,

170 2842 209 2875 (Ι)
226 2842 330 2873 Similia
342 2855 416 2876 num.
434 2850 449 2877 6
462 2859 553 2885 supra.

1235 455 1280 482 44.
1301 455 1338 483 De
1348 456 1455 491 vulpina
1468 458 1545 492 pelle.

1030 495 1127 532 Κερδώ
1149 498 1236 533 uulpes
1256 505 1371 529 vocatur
1387 510 1394 529 :
1413 503 1487 530 unde
1499 508 1526 531 et
1539 504 1666 540 κερδαλῆ,
1684 507 1786 534 malitia

993 545 1076 576 atque
1092 542 1255 578 improbitas
1267 550 1294 573 et
1304 546 1502 576 fraudulentia.
1527 548 1673 578 Versutum
1684 553 1786 588 quippe

992 591 1036 614 est
1049 587 1102 615 hoc
1123 590 1236 622 animal,
1258 592 1390 628 miraque
1414 594 1526 623 malitia:
1542 599 1569 623 et
1584 598 1783 631 perversitatis.

996 633 1031 659 At
1047 641 1111 662 vero
1127 635 1216 664 Minos
1234 638 1327 672 justus
1344 644 1371 667 et
1393 640 1499 676 integer
1523 643 1605 671 homo
1620 643 1782 675 habebatur.

997 682 1026 705 ut
1042 677 1119 707 Jovis
1134 680 1218 710 filius.
1237 682 1316 712 Hunc
1328 689 1419 714 autem
1436 693 1548 715 sensum
1561 687 1686 724 Gregorii
1701 689 1782 718 verba

995 724 1118 753 habent:
1146 727 1224 761 Quod
1246 729 1373 760 Julianus
1399 733 1567 769 singularem
1592 742 1669 763 Suam
1698 736 1782 764 animi

994 772 1200 805 perversitatem
1225 776 1403 807 humanitatis
1426 780 1572 815 cujusdam
1586 785 1613 810 et
1631 782 1782 810 clementia:

994 815 1070 843 larva
1084 820 1257 855 contegebat,
1274 829 1306 849 ac
1322 824 1373 851 sub
1385 825 1500 860 iustitia:
1514 828 1605 861 specie
1621 827 1742 863 injustus
1754 832 1782 856 et

994 862 1145 892 sceleratus
1159 871 1230 894 erat.

1180 913 1226 940 45.
1248 913 1285 940 De
1296 913 1391 942 Proteo
1404 920 1430 942 et
1443 915 1585 952 Melampu.

1028 955 1142 985 Proteus
1165 958 1210 986 hic
1230 959 1323 986 Thrax
1346 965 1414 994 erat,
1443 962 1523 997 cujus
1548 963 1619 991 filios
1646 963 1779 994 Hercules

991 1001 1177 1030 obtruncavit.
1202 1003 1253 1032 Hic
1278 1006 1446 1034 vaticinandi
1471 1013 1530 1036 arte
1559 1010 1717 1044 praestabat.
1746 1020 1779 1040 ac

991 1049 1117 1078 marinus
1148 1050 1217 1078 deus
1237 1050 1351 1080 etlectus
1376 1057 1429 1085 est,
1454 1052 1630 1091 Pharumque
1652 1057 1776 1088 incoluit.

991 1089 1067 1120 Unde
1084 1099 1111 1121 et
1129 1093 1218 1123 Protei
1235 1096 1325 1123 insula
1338 1096 1445 1126 Pharus
1459 1103 1555 1126 vocata
1571 1089 1623 1128 est.
1638 1100 1706 1129 Cum
1726 1110 1775 1130 au-

989 1141 1042 1165 tem
1064 1140 1144 1167 multi
1165 1147 1275 1177 propter
1292 1143 1378 1178 ipsius
1393 1145 1600 1175 vaticinationes
1616 1147 1649 1176 ad
1664 1156 1726 1176 eum
1748 1157 1777 1177 se

989 1184 1156 1217 conferrent.
1174 1186 1272 1214 horum
1290 1189 1512 1218 obturbationem
1534 1197 1616 1227 atque
1639 1193 1774 1229 importu-

988 1229 1100 1257 nitatem
1116 1238 1187 1266 aegre
1207 1231 1309 1266 ferens.
1327 1239 1386 1263 arte
1402 1236 1523 1270 quadam
1533 1238 1637 1273 magica
1650 1238 1678 1266 in
1692 1239 1772 1267 aliam

988 1275 1122 1311 aliamque
1141 1278 1259 1307 subinde
1277 1279 1393 1308 formam
1415 1289 1476 1310 sese
1500 1285 1710 1318 transmutabat,
1732 1289 1774 1312 at-

987 1329 1040 1356 que
1070 1322 1108 1349 ita
1138 1323 1181 1350 sui
1205 1330 1380 1360 prospectum
1404 1328 1599 1357 accedentibus
1623 1330 1771 1359 adimebat.

986 1365 1087 1393 Eodem
1103 1374 1212 1402 quoque
1237 1368 1319 1397 modo
1340 1370 1491 1407 Melampus
1510 1377 1588 1402 vates
1606 1378 1666 1402 erat
1681 1374 1773 1402 biero.

985 1410 1113 1446 phantes,
1139 1413 1185 1447 qui
1207 1413 1398 1449 [Egyptiorum
1419 1423 1500 1445 sacra
1513 1417 1617 1447 Graecis
1632 1420 1770 1454 patefecit.

984 1463 1071 1490 eaque
1096 1457 1148 1491 ipsi
1174 1462 1267 1492 postea
1295 1459 1394 1487 imitati
1426 1467 1501 1490 sunt.
1534 1462 1584 1490 Hic
1604 1464 1688 1492 etiam
1711 1472 1772 1493 sem:

946 1512 968 1543 α
985 1500 1101 1528 subinde
1115 1502 1341 1536 transformabat,
1358 1509 1388 1532 ut
1403 1511 1479 1534 vates
1492 1508 1640 1544 niagiaaque
1655 1509 1768 1545 peritus.

985 1545 1148 1580 Hujusmodi
1164 1549 1263 1583 quippe
1287 1549 1411 1579 homines
1431 1559 1491 1580 eam
1513 1553 1669 1583 facultatem
1688 1556 1770 1584 habe-

984 1591 1060 1622 bant,
1081 1596 1111 1619 ut
1131 1601 1326 1630 quamcunque
1338 1597 1439 1625 vellent
1456 1597 1571 1626 formam
1587 1607 1769 1632 assumereut.

983 1644 1017 1664 ne
1035 1637 1069 1664 ab
1083 1638 1136 1670 his,
1150 1640 1196 1674 qui
1211 1647 1259 1669 eos
1272 1641 1492 1678 alloquebautur,
1506 1645 1561 1673 ullo
1574 1646 1655 1675 modo
1666 1654 1770 1683 cogno-

982 1681 1021 1709 sci
1038 1687 1160 1718 possent.

1230 1731 1275 1759 46.
1295 1731 1334 1759 De
1345 1732 1452 1761 ιΕιιιωο
1467 1735 1535 1770 igne.

1016 1773 1110 1802 Sicilia
1127 1776 1245 1803 maxima
1266 1781 1308 1805 est
1325 1780 1417 1806 insula
1436 1780 1509 1807 circa
1529 1780 1634 1810 Italiam
1650 1784 1715 1812 sita.
1737 1784 1765 1812 In

980 1827 1012 1847 ea
1035 1821 1100 1848 urbs
1125 1825 1168 1849 est
1188 1821 1292 1849 Catana
1317 1825 1451 1853 nomine:
1470 1826 1504 1853 ad
1528 1827 1609 1861 cujus
1635 1829 1766 1857 verticem

980 1873 1058 1893 mons
1074 1871 1126 1899 est.
1141 1875 1173 1895 es
1185 1875 1240 1902 quo
1254 1870 1383 1904 copiosus
1391 1878 1422 1898 ac
1431 1877 1579 1908 perpetuus
1591 1874 1662 1909 ignis
1675 1882 1767 1902 erunt-

979 1912 1028 1946 pit.
1041 1911 1091 1940 Hic
1110 1921 1188 1941 mons
1203 1913 1286 1942 {Etna
1307 1920 1431 1950 vocatur,
1449 1922 1532 1953 atque
1549 1920 1630 1947 etiam
1652 1919 1764 1948 Vulcani

978 1962 1110 1987 crateres.
1127 1959 1290 1995 Hujusmodi
1304 1970 1386 1998 porro
1396 1963 1467 1998 ignis
1480 1966 1548 1993 adeo
1566 1974 1762 2004 nonnunquam

977 2005 1106 2037 exundat.
1125 2011 1155 2034 ut
1172 2007 1293 2036 fluminis
1307 2016 1382 2037 more
1398 2009 1509 2044 feratur,
1525 2016 1607 2048 atque
1624 2021 1686 2041 cum
1702 2022 1761 2042 ma-

976 2052 1045 2078 teria
1067 2052 1111 2079 illa
1127 2053 1215 2087 ignea.
1234 2062 1295 2089 quae
1317 2063 1427 2083 sursum
1449 2058 1558 2091 emicat,
1579 2060 1666 2087 instar
1685 2068 1763 2096 aqua

977 2097 1052 2124 fluat.
1071 2098 1110 2124 Ac
1133 2099 1228 2133 procul
1246 2100 1329 2128 dubio
1347 2100 1460 2131 divinus
1476 2108 1517 2131 est
1535 2105 1615 2140 ignis.
1641 2105 1761 2142 Fingunt

978 2148 1081 2178 patrem
1095 2144 1240 2179 quemdam
1258 2153 1320 2173 cum
1337 2147 1394 2174 lilio
1409 2156 1460 2176 suo
1482 2149 1509 2188 in
1531 2150 1583 2178 hoc
1604 2157 1696 2180 monte
1717 2153 1762 2180 in-

979 2194 1087 2216 ventum
1109 2189 1205 2221 fuisse,
1232 2194 1314 2226 atque
1336 2191 1425 2227 ignem
1452 2199 1563 2229 repente
1587 2195 1708 2224 ﬂuminis
1732 2197 1760 2225 in

972 2242 1074 2262 morem
1091 2234 1264 2270 proﬂuxisse.
1277 2238 1474 2274 transitumque
1483 2240 1549 2275 ipsis
1560 2241 1760 2274 interclusisse.

973 2287 1004 2307 ac
1032 2284 1090 2307 tum
1114 2281 1198 2308 ﬁlium
1223 2283 1281 2310 suis
1311 2283 1432 2312 humeris
1457 2285 1595 2314 sublatum
1618 2291 1758 2322 parentem

971 2330 1105 2361 gestasse,
1123 2334 1210 2362 eoque
1224 2328 1348 2357 facinore
1362 2330 1452 2365 ignem
1467 2331 1539 2359 velut
1555 2338 1709 2367 permotum
1726 2342 1759 2360 ac,

973 2372 1076 2406 pudore
1087 2372 1216 2400 allectum
1230 2381 1342 2402 cursum
1356 2383 1437 2404 suum
1446 2378 1643 2412 compressisse
1655 2387 1661 2405 :
1677 2384 1758 2415 atque

976 2417 1014 2443 ita
1028 2420 1056 2444 et
1070 2420 1174 2452 patrem
1186 2422 1213 2445 et
1228 2418 1313 2445 lilium
1331 2419 1481 2449 incolumes
1493 2423 1684 2456 pertransisse.

1176 2464 1221 2491 47.
1237 2464 1276 2492 De
1288 2465 1396 2493 Mithrae
1406 2467 1552 2502 suppliciis.

1006 2506 1096 2535 Persae
1121 2508 1247 2537 Mithram
1275 2511 1360 2538 solem
1390 2519 1451 2540 esse
1475 2513 1644 2546 existimant.
1675 2517 1756 2552 eique

971 2553 1056 2580 multa
1071 2555 1206 2582 sacrificia
1230 2555 1359 2590 offerunt,
1377 2557 1594 2594 quibusdamque
1611 2561 1698 2596 ipsius
1711 2570 1755 2590 sa-

970 2598 1025 2626 cris
1040 2600 1183 2628 initiantur
1199 2611 1205 2628 :
1220 2601 1252 2629 ad
1268 2610 1329 2637 qua:
1345 2611 1426 2631 nemo
1448 2604 1609 2638 admittitur.
1627 2608 1678 2634 nisi
1706 2609 1753 2644 qui

970 2644 1046 2678 prius
1062 2645 1152 2672 omnia
1174 2650 1372 2674 tormentorum
1394 2656 1493 2684 genera
1517 2652 1670 2686 pertulerit.
1694 2655 1752 2688 pic-

971 2690 1090 2726 tatisque
1110 2699 1167 2719 suae
1183 2691 1409 2728 fortitudinisque
1429 2695 1513 2722 animi
1534 2697 1562 2724 in
1584 2697 1753 2732 perferendis

970 2735 1113 2765 doloribus
1129 2739 1267 2773 specimen
1283 2738 1400 2768 dederit.
1415 2741 1500 2769 Aiunt
1510 2747 1600 2770 autem
1614 2745 1752 2780 octoginta

968 2789 1031 2810 esse
1047 2783 1217 2811 cruciatuum
1239 2793 1348 2820 genera,
1362 2794 1413 2822 per
1433 2795 1493 2823 quae
1517 2792 1593 2817 certo
1608 2790 1706 2819 ordine
1725 2793 1752 2820 ei
