2046 3131
151 98 219 127 “HS

563 97 609 126 AD
623 97 652 126 S.
673 97 840 126 GREGOHII
856 96 961 125 ORAT.
974 82 985 123 ι
1000 96 1139 126 CONTRA
1159 97 1341 128 JULIAKUM.

1708 102 1776 132 ιοιι

149 158 182 193 δᾳ
192 156 326 185 ἀνελθεῖν.
344 157 429 193 φησιν
442 154 499 190 οὖν,
517 157 559 184 ὅτι
577 159 592 184 ὀ
609 157 749 193 Ἡρακλῆς
763 157 808 184 ὅτε
821 156 938 192 κατῆλθε
953 185 957 193 η

994 164 1190 194 ascensumque
1218 159 1374 194 prohibere.
1399 159 1476 187 Hunc
1493 158 1635 194 Hercules.
1659 167 1722 188 cum
1744 162 1778 190 ad

151 202 321 238 συναρπάσαι
334 201 374 237 τῷ
386 202 505 239 Πειρίθῳ
517 201 566 232 τὴν
578 202 762 238 Περσεφόνην,
781 201 864 230 ἀνιὼν
883 201 935 228 άπ-

151 249 252 275 ἑκτεινε
269 248 316 276 τὸν
330 247 416 284 Itpo
419 257 476 284 ρον.

368 293 413 321 ’6'.
425 293 497 328 Περὶ
511 293 566 328 τῆς
575 295 724 328 Σκύλλης.

186 339 349 372 Μυθεύεται,
364 340 405 366 ὅτι
425 340 454 366 ὲν
473 339 513 375 τῷ
536 339 699 375 Τυῤῥηνικῷ
716 339 828 373 πελάγει
843 339 938 376 Θηρίον

149 383 195 422 ἦν,
208 386 223 412 δ
234 383 270 421 ἦν
285 386 354 421 γυνὴ
379 385 430 421 μὲν
451 385 616 421 περικαλλὴς
633 385 713 421 μέχρι
731 385 779 412 τοῦ
794 385 916 421 ὀμφαλοῦ
928 405 936 418 ,

151 432 227 458 ἔνθεν
242 432 272 458 δὲ
296 432 343 458 καὶ
362 431 439 458 ἔνθεν
464 431 552 458 κυνῶν
575 431 693 466 κεφαλαὶ
712 430 937 466 προσπεφύκασιν

152 478 219 513 αὐτῇ
236 477 283 510 ἐξ·
299 477 331 505 τὸ
344 478 372 504 δὲ
387 478 451 505 ἄλλο
464 478 550 512 αὐτῆς
566 477 645 513 σῶμα
658 477 780 512 ὀφιῶδες.
802 478 845 509 Ὀ,
860 477 938 513 φησὶ,

151 522 245 559 θηρίον
262 523 326 555 τοὺς
349 522 558 559 παραπλέοντας
580 521 616 550 τὰ
635 522 741 558 πελάγη
758 522 845 550 ταῦτα
871 530 937 549 κατ-

152 568 245 603 ήσθιεν
258 567 376 604 ἀφειδῶς
392 569 439 596 καὶ
451 567 602 604 θηριωδῶς.

374 615 425 646 νγ’.
442 614 512 648 Περὶ
524 614 707 649 Χαρύϐδεως.

186 670 263 697 Κατὰ
278 670 311 697 τδ
332 670 472 697 Σικελικὸν
490 671 536 697 καὶ
558 670 729 706 Τυρρηνικὸν
748 670 865 705 πέλαγος
881 669 939 697 ἐστι

153 725 193 748 τις
208 716 300 750 τόπος,
317 717 346 743 ὲν
361 713 384 750 ᾧ
395 718 412 752 ὴ
428 716 548 744 θάλασσα
562 708 666 751 γίνεται
684 717 810 752 ἄμπωτις
829 716 877 743 καὶ
892 718 940 753 ῥα-

153 762 198 798 χία
208 769 214 777 ·
231 762 279 789 καὶ
292 761 427 789 διίσταται
448 762 480 789 τδ
494 761 565 798 ὓδωρ
576 781 584 795 ,
601 761 672 789 ὥστε
686 762 732 790 τὸν
749 762 876 798 πυθμένα
890 763 940 797 τῆς

154 807 290 843 θαλάσσης
301 807 372 835 κατὰ
378 807 456 834 τοῦτο
463 807 494 834 τδ
506 807 540 843 μέ
545 816 600 843 ρος.
610 807 667 842 είγε
680 808 802 840 δυνατὸν,
813 807 937 844 ὁρᾶσθαι.

990 203 1148 238 rapiendam
1171 202 1365 239 Proserpinam
1389 205 1470 232 simul
1494 212 1557 233 cum
1582 205 1706 234 Pirithoo
1731 206 1780 234 de-

989 249 1153 282 scendisset,
1174 249 1203 277 in
1215 249 1304 277 reditu
1321 250 1495 278 interemisse
1509 250 1619 279 dicitur.

1278 294 1323 322 52.
1341 294 1379 323 Ds
1395 295 1496 332 Scylla.

1023 340 1052 369 In
1067 340 1236 376 Tyrrhenico
1247 341 1318 369 mari
1331 341 1447 370 belluam
1463 341 1608 377 quamdam
1630 341 1717 370 fuisse
1735 341 1778 370 ίε-

987 385 1126 419 bulantur,
1151 394 1212 422 qua
1235 386 1366 415 umbilico
1385 391 1467 415 tenus
1486 387 1583 415 mulier
1602 391 1661 414 erat
1684 387 1780 414 admo-

988 432 1052 459 dum
1075 431 1216 460 l‘ormosa:
1233 436 1360 460 caeterum
1385 433 1449 460 hinc
1468 438 1549 468 atque
1569 433 1646 461 illinc
1665 440 1713 461 se:
1732 441 1781 460 ca-

988 478 1054 505 nina
1073 478 1163 513 capita
1188 478 1240 513 ipsi
1261 477 1447 510 adhaerebant,
1477 486 1510 505 ac
1530 478 1636 513 reliqua
1655 479 1780 513 corporis

988 528 1066 560 parte
1084 525 1182 560 anguis
1206 529 1276 557 erat,
1303 528 1384 560 atque
1408 525 1470 552 illus
1492 524 1539 560 qui
1558 524 1631 552 circa
1654 524 1715 553 loca
1733 525 1780 553 illa

988 570 1163 606 navigabant,
1176 570 1376 598 immanissime
1392 570 1553 598 devorabat.

1252 616 1295 645 53.
1316 616 1354 643 De
1369 615 1515 651 Charybdi.

1023 672 1102 700 Circa
1126 672 1261 705 Siculum,
1282 673 1334 701 hoc
1350 679 1392 701 est
1412 672 1613 708 Tyrrhenicum
1631 680 1717 705 mare.
1740 673 1782 701 lo-

989 726 1038 747 cus
1052 719 1162 754 quidam
1181 722 1234 751 est.
1258 718 1286 746 in
1299 727 1355 754 quo
1375 726 1451 746 mare
1468 719 1542 746 velut
1559 718 1586 746 in
1603 726 1633 747 se
1649 718 1783 747 absorbe-

990 769 1044 798 tur,
1061 765 1239 800 vicissimque
1252 768 1395 798 exaestuat,
1415 769 1498 800 atque
1522 765 1595 792 unda
1611 768 1757 800 separatur
1771 773 1780 793 :

991 811 1059 839 adeo
1077 816 1106 839 ut
1120 812 1209 847 ipsum
1235 811 1319 840 maris
1341 811 1467 844 fundum,
1483 811 1505 838 si
1530 810 1641 846 quidem
1666 810 1693 838 id
1721 809 1779 838 ﬂeri

155 854 298 890 ’Δμπιιπις
313 854 342 881 δέ
356 854 441 886 ἔστιν,
466 851 522 881 οἷον
546 853 680 885 ἀνάποσίς
697 862 741 886 τις
757 854 804 880 καὶ
823 853 941 890 άναρρὀ
956 869 957 872 η

994 861 1092 894 posset.
1107 845 1158 885 hac
1170 857 1197 885 in
1213 862 1289 892 parte
1302 857 1462 892 conspicere
1474 845 1565 884 liceat.
1580 857 1726 892 Ἀμπωτις
1740 860 1783 884 est

153 907 236 934 φησις
245 907 255 915 ο
274 898 306 926 τὸ
317 898 346 925 δὶ
364 898 437 934 ὕδωρ
455 899 596 926 ὑπονοστεῖ
611 898 640 926 ἓν
654 907 710 926 τισι
721 899 873 935 κοιλώμασι
887 899 941 926 τῶν

994 903 1071 939 quasi
1091 903 1223 935 ἀνάποσις
1236 902 1374 938 quaedam,
1389 903 1416 930 id
1433 905 1485 935 est,
1502 902 1629 930 reliibitio
1641 909 1673 929 ac
1689 909 1780 930 resor-

153 943 271 980 ςιτρῶν,
282 945 330 971 καὶ
344 944 425 971 πάλιν
440 945 618 981 ἐκρήγνυται,
632 944 646 971 δ
657 945 705 971 καὶ
716 944 837 972 καλεῖται
848 944 940 981 ραχία.

994 949 1060 976 bitio
1074 955 1162 983 aquae.
1183 947 1260 976 Unda
1281 948 1354 976 enim
1372 947 1401 974 in
1422 946 1587 982 quibusdam
1611 945 1721 981 rupium
1735 952 1783 972 ca-

153 988 209 1018 Ἦν
221 991 250 1018 δὲ
266 989 343 1023 οὗτος
359 992 373 1017 ὁ
392 991 474 1023 τόπος
490 992 546 1023 τοῖς
563 990 690 1018 πλέουσιν
709 991 878 1022 ἐπικίνδυνος
894 991 941 1018 καὶ

994 994 1121 1022 vitalibus
1132 994 1261 1024 subsidit.
1277 1001 1308 1020 ac
1321 1000 1418 1020 rursus
1429 992 1549 1028 erumpit
1565 1001 1571 1019 :
1583 991 1656 1027 quod
1670 990 1781 1026 quidem

153 1035 269 1064 θανάτου
285 1035 394 1070 μεστός.
417 1034 591 1070 Ὀλοϐρύχιον
606 1034 661 1070 γὰρ
681 1035 712 1061 τὸ
726 1034 818 1061 πλοῖον
839 1034 943 1068 ἐγίνετο

994 1040 1075 1075 ραχία
1089 1043 1212 1068 vocatur.
1233 1039 1299 1066 Erat
1321 1043 1412 1066 autem
1430 1038 1476 1065 hic
1492 1038 1570 1064 locus
1586 1036 1782 1071 navigantibus

154 1082 182 1108 ιν
199 1080 288 1116 τούτῳ
303 1081 342 1116 τῷ
354 1080 439 1115 τόπῳ,
453 1080 476 1106 εί
492 1079 591 1115 συνέϐη
601 1100 609 1112 ,
622 1079 748 1111 πλέοντος
761 1077 809 1105 τοῦ
829 1078 923 1105 πλοίου
934 1098 941 1110 ,

154 1126 279 1161 γενέσθαι
293 1126 438 1162 ἀμπώτιδα
455 1125 502 1153 καὶ
520 1125 626 1160 ῥαχίαν.
647 1125 714 1161 Περὶ
732 1124 835 1152 τούτων
854 1124 943 1159 ὀμ-η-

156 1179 199 1207 ρος
213 1170 280 1206 εφη·

191 1266 297 1294 Ἔνθεν
304 1265 363 1300 μὲν
379 1266 514 1300 Σκύλλη,
528 1265 647 1300 ἑτέρωθι
660 1265 694 1292 δὲ
704 1264 753 1292 δῖα
768 1264 923 1299 Χάρυϐδις.

162 1311 311 1338 ’Λντίθετον
323 1311 352 1338 δὶ
367 1311 481 1338 ἐκάλεσε
494 1310 544 1346 τὴν
557 1310 702 1346 Χάρυϐδιν,
719 1310 788 1347 πρὸς
799 1310 849 1346 τὴν
863 1310 945 1337 Σκύλ-

156 1355 202 1384 λαν
215 1356 392 1393 παραϐαλών.

290 1402 337 1429 νδ’.
348 1401 418 1436 Περὶ
432 1400 486 1435 τῆς
500 1401 553 1428 τοῦ
570 1400 662 1436 ᾍδου
680 1400 802 1434 κυνέης.

191 1460 264 1495 ὀμη
270 1468 315 1495 ρος
327 1459 341 1485 ὁ
362 1459 477 1494 ποιητὴς
491 1458 614 1494 είσφέρει
625 1454 672 1484 τδν
683 1457 733 1484 Δία
743 1457 874 1494 ἀορασίαν
885 1457 946 1484 τινὰ

993 1084 1112 1113 infestus
1123 1089 1151 1113 et
1165 1085 1339 1120 periculosus
1353 1083 1487 1118 exitiique
1504 1083 1613 1118 plenus.
1639 1081 1697 1110 Illic
1709 1081 1783 1109 enini

993 1131 1071 1159 navis
1094 1135 1153 1158 tota
1174 1130 1392 1166 deprimebatur.
1414 1136 1447 1156 ac
1469 1127 1651 1164 pessumibat,
1675 1127 1699 1155 si
1719 1134 1783 1154 cur-

994 1182 1069 1205 rente
1091 1176 1154 1205 navi
1177 1176 1361 1211 reciprocatio
1379 1176 1514 1203 ﬂuctuum
1533 1177 1673 1208 aestusque
1694 1173 1785 1200 conti-

994 1223 1088 1259 gisset.
1106 1222 1140 1250 de
1154 1230 1210 1258 quo
1224 1222 1358 1250 Homerus
1374 1231 1382 1248 :

1033 1269 1104 1296 Hinc
1117 1273 1156 1297 ut
1167 1268 1258 1304 Scylla
1270 1275 1362 1299 vorax.
1379 1269 1491 1295 adversa
1501 1271 1575 1302 parte
1591 1264 1755 1301 Charybdis.

995 1316 1144 1344 Adversum
1159 1319 1251 1343 autem
1263 1314 1434 1350 Charybdim
1443 1316 1535 1347 vocat,
1546 1312 1675 1349 quoniam
1688 1311 1786 1347 Scylla

994 1362 1120 1398 opposita
1137 1365 1189 1390 est.

1240 1407 1285 1434 δι.
1306 1406 1343 1434 οι
1366 1406 1429 1434 Orci
1444 1405 1532 1441 galea.

1034 1463 1167 1491 Homerus
1186 1463 1280 1491 Jovem
1296 1463 1401 1490 inducit
1417 1461 1562 1497 caliginem
1578 1459 1726 1496 quamdam
1743 1463 1784 1486 at-

158 1506 203 1533 καὶ
217 1506 350 1542 ἀφάνειαν
361 1506 548 1540 ὲμποιήσαντα
562 1504 626 1540 περὶ
636 1505 699 1535 τοὺς
714 1503 857 1538 Ἕλληνας,
875 1502 946 1529 ὥστε

999 1518 1053 1546 que
1067 1510 1262 1538 obscuritatem
1279 1508 1382 1537 Graecis
1397 1508 1502 1544 magica
1517 1511 1575 1535 arte
1586 1506 1783 1536 oﬂ'undentem.

158 1552 196 1588 μὴ
207 1552 333 1586 ὁρᾶσθαι.
347 1552 429 1586 Λέγει
449 1549 495 1578 οὖν
511 1549 707 1587 μυθικώτερον.
725 1551 767 1577 δτι
781 1549 831 1585 τὴν
849 1549 947 1576 κυνέαν

156 1598 203 1625 τοῦ
222 1598 304 1634 ’ᾼδου
328 1599 388 1634 ἢτοι
408 1598 455 1625 τοῦ
478 1598 634 1629 Πλούτωνος
661 1595 824 1633 περιέϐαλεν
850 1595 948 1627 αὐτοὺς

157 1644 226 1671 ὥστε
242 1645 279 1680 μὴ
293 1645 418 1680 ὁρᾶσθαν
431 1645 448 1680 ὴ
462 1644 492 1671 δὲ
506 1643 601 1677 κυνέα,
610 1641 814 1678 περικεφαλαία
829 1641 889 1668 ἐστὶ
900 1641 948 1668 τοῦ

158 1689 239 1722 Ἀδου
256 1690 315 1725 ἦτοι
327 1689 375 1717 τοῦ
390 1690 556 1721 Πλούτωνος.

298 1750 344 1773 vs’.
366 1747 437 1780 Περὶ
449 1746 615 1774 δακτυλίου
626 1745 682 1773 τοῦ
695 1745 808 1780 Γύγου.

191 1805 305 1832 Πλάτων
323 1806 338 1832 ό
350 1804 495 1839 φιλόσοφος
507 1805 536 1830 ὲν
551 1803 719 1835 Πολιτείαις
735 1802 744 1838 (
755 1801 812 1828 ἐστι
823 1801 852 1828 δὲ
862 1801 948 1833 οὕτως

156 1849 239 1877 αὐτοῦ
265 1850 400 1885 λεγομένη
429 1849 623 1885 πραγματεία)
650 1848 772 1884 εἰσφέρει
795 1847 841 1874 τὸν
864 1846 948 1883 μῦθον

156 1896 262 1927 τοῦτον,
281 1895 353 1923 οὕτω
370 1895 475 1930 λέγων·
491 1896 532 1923 ὅτι
550 1895 640 1930 Γύγης
658 1891 692 1930 ἦν
711 1902 753 1925 τις
766 1892 867 1929 ποιμὴν
883 1893 948 1928 περὶ

156 1942 205 1978 τὴν
221 1942 332 1970 Λυδίαν,
359 1939 443 1974 Οὗτος
467 1940 619 1977 ποιμαίνων
643 1940 672 1966 εν
687 1948 741 1967 τινι
757 1940 814 1975 δρει
831 1939 865 1966 τὰ
882 1939 943 1974 πρός

156 1988 238 2020 ϐατα,
250 1988 395 2023 περιέτυχε
406 1987 530 2024 σπηλαίῳ
542 1987 611 2013 τινί·
625 1986 672 2013 καὶ
687 1985 815 2012 εἰσελθὼν
829 1985 859 2012 ὲν
872 1984 948 2020 αὑτῷ

157 2030 236 2068 εὗρεν
259 2033 342 2059 ἵππον
359 2032 487 2068 χαλκοῦν,
513 2033 561 2060 καὶ
581 2032 655 2059 ἔνδον
678 2031 725 2059 τοῦ
742 2030 844 2067 χαλκοῦ
861 2030 946 2057 ἵππου

158 2079 300 2115 ἄνθρωπον
324 2079 432 2116 νεκρὸν,
453 2080 501 2107 καὶ
520 2079 678 2106 δακτύλιον·
705 2075 736 2106 οὗ
761 2076 904 2104 δακτυλίου
928 2077 946 2113 ἡ

158 2126 263 2162 κεφαλὴ
281 2126 401 2162 στρεπτὴ
415 2124 449 2162 ἦν
464 2126 512 2153 καὶ
527 2125 675 2162 ἐστρέφετο
686 2133 693 2140 ·
713 2125 809 2160 ἥντινα
825 2123 946 2159 κεφαλὴν

158 2172 237 2199 καλεῖ
252 2172 398 2207 σφενδόνην
419 2171 513 2206 σαφῶς
531 2172 546 2198 ὁ
563 2171 634 2203 θεῖος
649 2170 809 2207 Γρηγόριος.
828 2169 945 2196 Ἔλαϐεν

157 2217 205 2246 οὖν
220 2218 236 2245 ὁ
257 2218 348 2253 Γύγης
358 2238 366 2248 .
382 2218 465 2253 φησὶ,
483 2218 529 2244 τὸν
543 2217 696 2249 δακτύλιον,
714 2217 761 2243 καὶ
774 2215 883 2252 ἐξῆλθε·
899 2216 947 2242 καὶ

158 2265 241 2300 ἡνίκα
249 2264 298 2300 μὲν
309 2262 344 2299 ἦν
351 2264 380 2290 ὲν
390 2265 423 2299 τῇ
436 2263 512 2296 τάξει
520 2264 534 2290 ὁ
548 2263 690 2294 δακτύλιος
704 2263 808 2298 ἑωρᾶτο
819 2261 872 2289 ὑπὸ
885 2261 950 2288 πάν-

159 2319 227 2338 των·
240 2310 322 2346 ἡνίκα
330 2310 358 2337 δὲ
370 2310 420 2346 τὴν
431 2310 578 2345 σφενδόνην
591 2309 639 2336 τοῦ
652 2308 796 2336 δακτυλίου
808 2308 950 2344 ἔστρεφεν,

159 2355 267 2391 ἀφανὴς
281 2355 386 2389 ἐγίνετο
410 2355 503 2382 πᾶσιν.
533 2354 562 2381 ’0
576 2351 624 2381 οὖν
639 2353 753 2381 Πλάτων
772 2353 893 2389 εἰσφέρει
909 2353 954 2379 τὸν

162 2400 246 2435 μῧοον
259 2401 355 2427 τοῦτον
366 2409 373 2415 ·
396 2400 454 2431 ὅτι,
471 2399 587 2434 φησὶ.νρ
603 2398 709 2431 δίκαιος
728 2398 809 2434 ἀνὴρ,
832 2397 884 2425 κᾶν
905 2396 953 2424 τοῦ

163 2446 250 2480 Γύγου
264 2445 334 2482 λάϐῃ
347 2445 488 2473 δακτύλιον
501 2445 544 2472 ἵνα
560 2444 598 2481 μὴ
611 2445 708 2481 ὁρᾶται
725 2443 777 2471 ὑπό
789 2452 872 2476 τινος,
893 2443 953 2470 οὐδ’

162 2492 249 2524 οὕτως
263 2491 377 2526 ὠφειλεν
391 2491 504 2519 ἀδικεῖν.
521 2492 568 2518 Δεῖ
581 2491 635 2527 γὰρ
653 2491 685 2518 τὺ
699 2490 781 2518 καλὸν
795 2490 829 2517 δι’
841 2489 908 2517 αὐτὸ
920 2490 951 2517 τὸ

162 2536 265 2571 ἀγαθὸν
280 2537 459 2573 ἐπιτηδεύειν,
473 2537 520 2564 καὶ
536 2537 573 2572 μὴ
587 2537 622 2564 δι’
638 2536 735 2569 ἄλλους
747 2536 833 2568 τινάς.

999 1565 1031 1585 ne
1047 1557 1081 1584 ab
1096 1557 1164 1591 ipsis
1185 1555 1394 1591 perspiceretur.
1412 1554 1503 1589 κυνέη
1526 1558 1617 1581 autem
1633 1551 1709 1588 galea
1741 1556 1786 1579 est

1000 1602 1076 1635 Orci,
1095 1602 1147 1628 hoc
1159 1605 1201 1628 est
1213 1599 1351 1628 Plutonis.

1225 1748 1269 1776 55.
1289 1749 1325 1775 De
1338 1747 1420 1784 Gygi:
1436 1748 1546 1775 annulo.

1032 1804 1110 1832 Plato
1126 1805 1153 1832 in
1170 1805 1290 1841 Dialogis
1304 1805 1336 1832 de
1349 1804 1492 1839 Republica
1506 1804 1624 1832 fabulam
1636 1804 1708 1832 hanc
1723 1811 1788 1832 nar.

997 1855 1063 1878 rat:
1083 1850 1172 1887 Gyges
1194 1850 1297 1886 Lydius
1320 1851 1432 1886 quidam
1456 1851 1542 1887 opilio
1555 1854 1615 1877 erat
1632 1858 1639 1876 :
1656 1851 1702 1885 qui
1724 1858 1788 1878 cum

997 1897 1116 1932 pecudes
1143 1897 1170 1924 in
1191 1901 1284 1926 monte
1307 1901 1444 1933 pasceret,
1462 1897 1490 1924 in
1512 1901 1622 1924 antrum
1648 1896 1788 1933 quoddam

996 1941 1106 1975 incidit,
1119 1949 1206 1978 eoque
1217 1943 1360 1978 ingressus
1371 1949 1477 1970 aeneum
1495 1949 1594 1978 equum
1614 1941 1725 1979 reperit,
1745 1945 1788 1968 at-

997 1995 1052 2022 que
1069 1987 1141 2014 intra
1158 1995 1221 2015 eum
1237 1988 1386 2015 humanum
1400 1987 1517 2017 cadaver
1534 1991 1562 2015 et
1580 1988 1724 2019 annulum.
1739 1995 1789 2015 clt-

994 2032 1041 2067 jus
1058 2032 1119 2068 pala
1131 2033 1258 2060 volubilis
1274 2037 1345 2060 erat.
1376 2034 1494 2069 Accepto
1509 2033 1603 2068 itaque
1614 2032 1717 2062 annulo
1735 2031 1777 2068 Gy

995 2086 1043 2114 ges
1059 2083 1138 2106 antro
1153 2079 1271 2106 excessit
1286 2086 1292 2105 :
1309 2084 1335 2106 at
1355 2079 1463 2114 quoties
1484 2087 1535 2107 suo
1550 2078 1612 2106 loco
1627 2082 1687 2106 erat
1702 2085 1790 2106 annu-

997 2126 1053 2157 lus,
1071 2124 1105 2151 ab
1120 2125 1247 2152 omnibus
1266 2124 1451 2156 cernebatur;
1467 2124 1576 2159 quoties
1589 2128 1678 2151 autem
1695 2122 1789 2149 annuli

963 2187 985 2214 Β
998 2169 1088 2205 palam
1103 2169 1288 2200 convertebat.
1306 2177 1320 2196 a
1342 2170 1452 2214 nemine
1471 2167 1556 2195 videri
1572 2170 1688 2214 poterat.
1701 2167 1790 2201 Atque

1000 2215 1070 2242 hanc
1085 2213 1203 2241 fabulam
1219 2214 1325 2242 inducit
1342 2213 1430 2246 Plato,
1453 2214 1556 2249 aitque.
1573 2212 1789 2246 virumjustum.

1005 2261 1113 2289 etiamsi
1130 2259 1214 2296 Gygis
1231 2261 1360 2288 annulum
1378 2259 1523 2295 acceperit,
1544 2266 1579 2287 ne
1590 2258 1652 2293 quis
1665 2265 1727 2286 eum
1746 2257 1790 2284 in-

1001 2309 1071 2336 tueri
1089 2307 1188 2343 possit.
1207 2315 1241 2334 ne
1260 2307 1300 2335 sic
1313 2307 1424 2342 quidem
1440 2305 1554 2334 sceleris
1572 2304 1675 2340 aliquid
1691 2303 1790 2331 admit-

1002 2361 1060 2382 tere
1082 2353 1192 2381 debere.
1217 2352 1353 2381 Virtutem
1379 2353 1453 2381 enim
1476 2356 1588 2388 propter
1605 2351 1723 2386 seipsam
1742 2356 1790 2377 co-

1003 2400 1110 2427 lendam
1121 2403 1204 2434 atque
1216 2397 1432 2434 amplectendam
1444 2405 1515 2427 csse.
1531 2405 1584 2424 non
1596 2399 1707 2431 propter
1717 2392 1790 2421 aliud

1004 2445 1164 2481 quidquam.
1182 2443 1272 2480 Gyges
1287 2452 1352 2480 ergo
1369 2452 1431 2472 cum
1448 2444 1501 2470 hoc
1514 2441 1616 2470 annulo
1637 2441 1665 2468 in
1687 2440 1789 2476 regiam

1004 2491 1140 2527 Lydorum
1167 2491 1257 2518 aulam
1279 2490 1419 2524 prolectus
1441 2496 1574 2516 conversa
1598 2486 1692 2515 annuli
1717 2485 1790 2521 pals.

1004 2540 1181 2571 conspectum
1195 2537 1237 2564 sui
1257 2536 1387 2564 omnibus
1406 2535 1517 2567 ademit,
1538 2533 1735 2570 ingressusque
1748 2539 1791 2559 re-

163 2591 225 2619 gem
258 2583 416 2614 interfecit.
443 2590 612 2618 regnumque
640 2582 756 2617 accepit.
781 2581 937 2611 Herodotus
960 2587 1053 2610 tamen
1071 2582 1155 2617 Gygis
1174 2582 1318 2610 historiam
1344 2581 1425 2608 aliter
1446 2579 1568 2615 exponit.
1592 2578 1694 2607 Scribit
1718 2579 1791 2606 enim

166 2630 265 2666 reginae
287 2628 415 2657 mandato
439 2628 607 2657 Candaulem
634 2628 669 2656 ab
693 2635 727 2656 eo
746 2629 951 2665 interemptum.
989 2630 1135 2665 ipsumque
1149 2628 1263 2664 imperio
1276 2628 1392 2663 potitum
1406 2626 1500 2654 fuisse.

376 2703 430 2732 vg'.
448 2699 519 2734 Περὶ
530 2697 590 2726 τῶν
600 2697 738 2726 Λινδίων.

202 2791 296 2822 Λίνδος
306 2789 383 2821 πόλις
395 2789 499 2817 παλαιὰ
509 2789 559 2824 τῆς
577 2788 678 2816 Ῥόδου·
694 2788 723 2814 ὲν
737 2787 824 2823 ταύτῃ
835 2786 873 2822 τῷ
887 2787 955 2823 laps!

167 2835 206 2871 τῷ
220 2835 311 2862 θύοντι
322 2835 368 2861 καὶ
384 2834 538 2870 θοινωμὲνῳ
555 2834 600 2861 τὸν
621 2833 700 2869 βοῦν,
725 2833 750 2860 ot
765 2833 874 2866 θύοντες
888 2842 954 2860 κατ-

1023 2700 1067 2728 56.
1086 2698 1125 2726 De
1140 2697 1253 2728 Lindiit,
1264 2697 1308 2732 qui
1321 2695 1478 2758 att/urna?
1493 2695 1564 2722 omni
1578 2694 1760 2722 exsecratione

1367 2739 1443 2758 noun
1460 2751 1467 2758 .

1367 2739 1467 2758 vorent.

1039 2789 1144 2817 Lindus
1161 2788 1274 2823 antiqua
1286 2787 1377 2816 Rhodi
1399 2788 1466 2815 urbs
1486 2791 1528 2815 est
1543 2796 1549 2813 :
1566 2787 1594 2815 in
1611 2795 1643 2815 ea
1663 2786 1792 2814 sacerdo-

1005 2839 1060 2864 tem
1081 2835 1280 2864 sacriﬁcantcm
1292 2841 1324 2862 ac
1339 2834 1435 2863 bovem
1458 2834 1650 2862 comedentem
1665 2833 1793 2863 sacrich
