2046 3131
242 90 314 120 1019

918 88 1060 118 ΝοΝΝυε
1076 89 1186 117 ABBAS

1798 86 1870 116 1010

243 148 374 174 vivcntes.
391 145 422 173 lli
437 146 517 174 etiam
533 146 661 174 humanis
680 146 812 174 carnibus
828 147 931 174 vixisse
947 151 1030 182 atque

1081 143 1154 174 οὗτοι
1175 145 1386 181 ἀνθρωποφάγοι
1405 144 1486 178 εἶναι,
1509 144 1557 172 καὶ
1577 142 1784 178 κατεδηδοκέναι
1807 146 1868 175 τοὺς

245 193 349 229 L'lyssis
378 193 468 221 socios
500 193 651 220 comedisse
679 192 819 220 dicuntur.
843 191 945 220 Horum
971 197 1028 220 tres

1081 193 1125 219 τοῦ
1143 192 1290 224 Ὀδυσσέως
1311 192 1444 227 εταίρους.
1459 191 1539 226 Τρεῖς
1553 191 1583 218 δὲ
1597 190 1687 218 αὐτῶν
1700 190 1825 224 λέγονται
1842 189 1868 216 οι

244 237 397 273 pracipuos
413 242 559 265 numerant
585 237 715 269 Bronten,
731 238 865 273 Steropen
881 242 909 264 et
926 238 1027 272 Argeo,

241 290 299 312 orte
314 283 466 311 fabricandi
479 284 595 312 eximios
607 288 634 311 et
647 284 826 315 excellentes.
841 284 888 319 qui
903 288 962 311 arte
977 291 1027 312 sua

242 330 345 356 tonitru
361 335 387 356 et
405 329 496 365 fulgur
512 329 571 357 Jovi
587 329 775 357 elaborarunt.
789 330 922 365 Cyclopes
937 334 1027 358 autem

242 375 417 408 dicebantur,
441 375 464 403 si
484 375 603 403 Hesiodo
625 376 773 408 credimus,
789 376 921 410 quoniam
944 384 1026 403 unum

242 421 269 448 in
297 421 366 449 facie
390 421 537 448 orhiculari
565 421 653 448 forma
680 421 790 449 oculum
819 421 971 454 habebant;
999 427 1029 449 ut

242 471 333 494 autem
360 466 514 501 Palaephato
537 467 640 502 placet,
655 468 718 503 quia
739 468 873 496 rotundas
895 468 1027 496 quasdam

243 513 322 539 sedes
338 512 505 540 incolebant.

516 557 561 585 66.
582 557 622 585 De
638 565 765 592 purpura.

277 601 304 629 In
321 601 392 638 Tyro
413 603 501 630 insula
518 604 595 631 canis
611 604 722 638 quidam
741 604 888 639 pastoralis
901 604 934 632 ad
951 605 1027 632 littus

241 647 382 682 profectus
395 648 532 676 inventam
546 650 679 676 concham
693 650 759 681 edit.
773 650 915 686 ipsiusque
929 659 1028 679 cruore

240 702 271 721 os
285 702 364 721 suum
379 694 483 722 infecit.
498 694 595 722 Pastor
607 696 700 731 itaque
711 703 807 724 canem
822 705 902 724 suum
918 698 1028 725 vulnere

240 739 368 767 atfectum
382 748 444 768 esse
457 742 629 775 existimans,
644 747 755 778 accepta
772 744 833 770 lana
853 751 978 772 cruorem
994 752 1027 772 ex

241 787 328 821 ipsius
350 794 398 814 ore
421 787 604 823 abstergebat.
625 788 664 816 Ac
680 797 774 816 canem
792 790 902 825 quidem
923 791 1026 819 nullum

242 833 342 860 vulnus
361 834 501 868 accepisse
517 834 628 868 reperit,
641 839 770 862 caeterum
785 835 874 862 lanam
890 844 1026 871 purpurea

240 880 360 906 tinctura
373 879 503 906 imbutam
515 879 708 913 fuisse.Quare
719 888 780 908 cum
791 886 884 916 pastor
894 882 1027 909 concham

241 929 339 951 natura
360 932 410 952 sua
432 926 556 960 tingendi
574 925 703 954 facultate
720 928 811 955 valere
833 929 1028 963 perspexisSet,

239 977 298 995 eam
315 977 371 996 rem
387 970 568 1004 pervulgarit.
586 971 675 1006 Atque
697 971 770 1000 hunc
789 973 816 1000 in
837 974 947 1002 modum
969 976 1028 1002 col-

241 1014 319 1041 lectis
333 1014 360 1042 in
378 1016 444 1043 mari
460 1016 612 1054 conchyliis
628 1018 753 1046 nomines
769 1027 918 1056 purpuram
936 1022 1029 1050 confe-

239 1064 346 1086 cerunt.

240 1151 284 1178 (Π.
307 1151 346 1179 De
368 1153 531 1187 agricultura
549 1159 575 1180 et
597 1154 816 1188 [tbricandarum
836 1156 944 1183 navium
961 1162 1027 1185 arte.

275 1197 369 1230 Ceres,
386 1203 416 1226 ut
429 1203 472 1226 est
488 1199 516 1226 in
540 1198 651 1233 fabmis,
666 1199 861 1236 Proserpinam
878 1201 961 1229 filiam
979 1203 1028 1229 ha-

241 1244 310 1278 buit,
335 1254 417 1280 quam
445 1246 525 1273 Pluto
549 1252 649 1282 rapuit.
674 1246 738 1274 Hac
763 1255 828 1283 ergo
853 1256 916 1276 cum
945 1248 1027 1276 ﬁliam

239 1298 366 1325 (tumens
383 1292 458 1319 varia
485 1293 544 1320 loca
570 1298 752 1328 peragrasset,
770 1294 797 1321 in
825 1295 943 1322 Atticam
967 1303 1030 1330 pro-

241 1339 311 1365 fecta
326 1341 379 1370 est,
394 1343 477 1372 atque
503 1347 518 1366 a
541 1338 706 1375 Triptolemo
723 1341 840 1376 quodam
859 1342 886 1369 in
902 1341 1030 1370 Eleusine

242 1384 362 1419 hospitio
384 1388 497 1420 accepta
523 1385 558 1412 ab
581 1393 614 1412 eo
637 1386 738 1414 certior
759 1385 829 1413 facta
847 1391 899 1419 est,
915 1386 1028 1414 Proser-

242 1429 332 1463 pinam
349 1436 364 1456 a
383 1429 498 1458 Plutone
519 1437 623 1466 raptam
649 1431 744 1460 fuisse.
760 1431 814 1460 Pro
828 1441 883 1468 quo
899 1433 1030 1461 beneficio

241 1475 294 1509 ipsi
309 1475 414 1502 semina
433 1475 520 1508 dedit,
535 1476 588 1504 hoc
614 1482 657 1504 est
683 1478 802 1505 triticum
829 1483 857 1506 et
884 1478 1029 1510 hordeum,
1043 1486 1066 1517 ς

242 1521 437 1556 mandavitque
462 1523 486 1550 ei
512 1530 546 1550 ne
574 1524 737 1552 mortalibus
762 1533 794 1552 ea
821 1524 964 1558 invideret,
983 1525 1031 1553 sed

243 1567 371 1595 omnibus
397 1573 548 1604 spargeret,
568 1575 598 1596 ut
622 1569 759 1598 discerent
783 1575 870 1599 terras
892 1579 983 1600 serere
1006 1576 1033 1599 et

242 1613 345 1647 colere,
375 1622 407 1642 ac
433 1615 541 1643 fructus
571 1615 667 1644 dulces
694 1622 720 1645 et
748 1617 852 1646 sativos
879 1618 1032 1646 comedere.

243 1658 315 1686 Olim
329 1660 402 1687 enim
429 1662 524 1688 rustici
545 1661 615 1696 {agis
634 1663 806 1691 victitabant.
820 1663 898 1692 Unde
919 1664 1001 1691 etiam
1017 1671 1033 1691 a

245 1706 305 1740 fago
320 1707 428 1739 φαγεῖν,
443 1707 470 1734 id
496 1711 548 1740 est,
564 1708 708 1736 comedere
728 1708 831 1736 dictqu
848 1713 900 1736 est.
922 1708 1032 1743 Tripto-

244 1750 333 1777 lemus
348 1751 441 1785 igitur,
455 1757 578 1787 accepto.
591 1759 620 1780 ut
636 1753 722 1785 aiunt.
735 1753 884 1782 draconum
899 1754 1032 1781 alatorum

244 1803 340 1828 curru,
354 1795 490 1831 Celeoque
514 1798 662 1826 comitatus
678 1798 731 1825 huc
749 1799 870 1834 illucque
885 1798 1033 1833 vagabatur

245 1843 350 1869 semina
366 1843 527 1871 mortalibus
539 1844 654 1871 libenter
667 1844 838 1880 impertiens.
851 1844 929 1878 Quod
941 1849 1031 1871 autem

244 1887 315 1922 apud
325 1888 508 1917 Athenienses
520 1889 637 1924 primum
649 1890 785 1917 inventam
799 1889 883 1918 fuisse
893 1894 1034 1918 exstruen-

244 1932 341 1960 darum
363 1934 474 1961 navium
498 1939 585 1962 artem
612 1935 679 1962 dicit
700 1934 859 1970 Gregorius.
883 1939 948 1971 puto
969 1943 1031 1962 eum

245 1976 413 2005 intellexisse
424 1978 458 2005 de
475 1978 538 2006 belli
554 1979 659 2006 navalis
670 1985 738 2007 arte.
753 1979 820 2007 Nam
835 1980 935 2015 alioqui
950 1979 1031 2007 Plite-

245 2021 322 2049 nices
335 2023 414 2056 primi
428 2032 522 2052 navem
534 2025 686 2053 aedificasse
699 2025 840 2057 dicuntur,
853 2029 880 2052 et
893 2025 1031 2053 triremem

246 2067 421 2098 Semiramis.

464 2205 509 2234 68.
535 2206 570 2234 De
584 2206 660 2235 Celeo
674 2212 699 2234 et
718 2207 814 2235 Icario.

283 2249 320 2278 De
345 2251 426 2279 Celeo
452 2252 596 2288 superiore
626 2253 717 2280 fabula
746 2254 877 2287 diximus,
903 2254 1032 2282 nimirum

244 2305 308 2324 eum
325 2305 388 2324 cum
416 2297 586 2333 Triptolemo
606 2299 639 2326 ad
666 2300 846 2335 impertienda
873 2301 1034 2329 mortalibus

246 2341 351 2369 semina
366 2342 521 2371 oberrasse.
536 2343 612 2377 Quod
632 2349 723 2372 autem
738 2345 772 2372 ad
793 2346 907 2372 Icarium
925 2347 1032 2378 attinet,

248 2387 382 2415 llacchum
403 2389 458 2416 vini
480 2389 649 2417 inventorem
671 2391 812 2419 exstitisse
832 2392 909 2420 aiunt
922 2400 954 2420 ac
970 2401 1033 2428 pro-

247 2433 311 2461 inde
333 2434 398 2462 vitis
425 2436 569 2470 praasidem
589 2444 651 2464 eum
673 2444 734 2465 esse
756 2442 879 2466 censent.
896 2438 945 2466 llic
969 2447 1035 2475 ergo

251 2480 374 2508 Athenas
386 2482 536 2516 profectus,
547 2486 629 2517 atque
640 2482 756 2510 Icarium
768 2485 912 2520 quemdam
924 2486 1034 2513 obvium

249 2526 364 2559 habens,
387 2528 525 2562 palmitem
553 2529 616 2557 vitis
646 2530 696 2565 ipsi
723 2531 922 2559 conserendum
951 2532 1036 2559 dedit.

247 2571 334 2605 Quem
347 2580 409 2600 cum
424 2573 482 2608 ipse
493 2575 664 2602 consevisset
676 2579 703 2602 et
717 2576 894 2607 excoluissct,
909 2583 1037 2610 expressa

249 2616 358 2644 tandem
373 2625 437 2650 uva,
450 2618 518 2646 bibit
532 2620 590 2654 ipse
603 2626 635 2646 ac
649 2619 807 2653 pastoribus
823 2619 989 2654 propinavit.
1005 2619 1039 2646 At

248 2661 288 2689 illi
304 2662 442 2697 inebriati,
465 2671 515 2692 nec
537 2665 610 2692 enim
625 2669 687 2692 ante
702 2665 796 2692 vinum
810 2665 968 2696 hauserant,
980 2665 1039 2692 exi-

249 2709 395 2736 stimantes
416 2717 446 2738 se
470 2705 504 2738 ab
524 2709 611 2738 Icario
631 2711 794 2739 intoxicatos
818 2709 913 2743 fuisse,
941 2718 1039 2738 manus

287 2802 325 2841 (ί)
342 2803 410 2841 βοά.
427 2810 481 2841 reg.
495 2805 592 2839 ἔχουσα
606 2806 655 2841 μὲν
667 2806 752 2833 οὐδέν.

287 2831 325 2872 (2)
341 2838 380 2866 Id.
397 2831 566 2874 κατέμιξαν.

1079 237 1249 272 ἐξοχώτατοι,
1277 238 1405 275 Βρόντης,
1423 237 1576 273 Στερόπης,
1597 237 1713 272 Ἀργης.
1737 236 1870 270 Λέγοντσι

1079 283 1108 310 δὲ
1124 281 1196 310 οὗτοι
1214 284 1288 310 αὐτοὶ
1311 285 1359 311 καὶ
1384 283 1548 319 ἐξοχώτατοι
1564 282 1674 318 χαλκεῖς
1688 280 1738 316 τὴν
1751 281 1849 316 τέχνην
1860 289 1867 296 ⁸

1078 330 1176 362 οἵτινες
1188 329 1232 356 διὰ
1247 330 1296 365 τῆς
1312 330 1414 361 οἰκείας
1435 329 1544 365 τέχνης,
1560 327 1609 364 τὴν
1624 327 1739 364 βροντὴν
1753 326 1800 354 καὶ
1819 326 1868 362 τὴν

1079 376 1221 412 ἀστραπὴν
1244 375 1283 412 τῷ
1304 376 1346 403 Διὶ
1360 374 1576 403 κατεσκεύασαν.
1595 373 1747 404 Κύκλωπες
1761 372 1790 399 δὲ
1809 371 1868 398 ιλιι.

1080 428 1169 454 γοντο,
1193 420 1230 452 ὠς
1254 420 1304 456 μὲν
1324 419 1456 452 Ἡσίοδος,
1478 421 1520 447 ὅτι
1548 419 1596 446 ἕνα
1619 416 1691 454 εἶχον
1717 417 1869 453 κυκλοτερῆ

1079 466 1216 502 ὀφθαλμὸν
1229 467 1258 493 ὲν
1274 467 1307 502 τῇ
1322 466 1382 501 δψει
1393 475 1399 482 ·
1415 466 1452 498 ὡς
1468 466 1497 493 δὲ
1514 465 1698 497 Παλαίφατος,
1712 464 1754 491 ὃτι
1771 463 1868 491 κυκλο-

1078 513 1144 549 τεοῆ
1158 522 1218 541 τινα
1234 513 1315 548 νῆσον
1334 512 1432 548 ᾤκουν.

1292 559 1346 592 ες’.
1369 559 1439 593 Περὶ
1467 557 1656 592 ἀλουργίδος.

1122 607 1166 633 ἐν
1190 606 1271 642 Τύρῳ
1297 605 1374 641 παρὰ
1395 606 1441 632 τὸν
1466 604 1590 638 αἰγιαλὸν
1619 604 1693 630 κύων
1721 602 1869 638 ποιμενικὴ

1079 652 1261 688 πορευομένη.
1289 651 1409 687 εὑροῦσα
1441 651 1584 686 κογχύλιον
1618 649 1728 684 ἔξαγεν.
1752 647 1820 676 Εἶτα
1840 648 1872 675 τὸ

1079 695 1148 733 αἷμα
1155 697 1203 724 τοῦ
1215 697 1360 733 κογχυλίου
1374 697 1458 732 έὸαψε
1482 697 1534 732 τῆς
1548 696 1628 728 κυνὸς
1643 695 1673 722 τὸ
1689 695 1794 730 στόμα·
1811 692 1872 722 εἶτα

1078 746 1093 771 ὁ
1105 745 1206 780 ποιμὴν
1219 743 1337 779 νομίζων
1363 743 1519 778 πεπλῆχθαι
1532 743 1582 778 τὴν
1597 742 1676 774 κύνα,
1691 741 1782 768 λαϐὼν
1797 740 1870 776 Ξρισν

1078 789 1220 825 ἀπέμασσε
1230 790 1260 816 τὺ
1268 786 1337 825 αἷμα
1348 789 1394 817 τοῦ
1406 789 1541 825 στόματος
1554 789 1604 824 τῆς
1615 789 1706 821 κυνός.
1719 788 1775 816 Καὶ
1788 788 1870 824 εὕρη-

1077 843 1122 861 ται
1138 835 1214 870 μὲνὴ
1228 834 1302 861 κύων
1316 834 1416 869 ἔχουσα
1442 834 1525 870 μηδὲν
1539 835 1582 870 (i)
1597 833 1748 869 φαῦλον,τδ
1757 834 1787 861 δὲ
1798 833 1869 870 ιριον

1077 882 1127 916 τὴν
1143 882 1191 918 τῆς
1205 881 1348 918 πορφύρας
1365 881 1578 916 ἀναδεδεγμένον
1594 881 1694 916 βαφήν.
1707 878 1774 908 Εἶτα
1786 881 1870 914 ὲγνω-

1078 925 1134 958 κὼς
1148 927 1163 953 ὁ
1182 927 1284 963 ποιμὴν
1312 928 1353 954 ὃτι
1370 927 1399 953 τὸ
1414 926 1558 962 κογχύλιον
1570 926 1699 962 τοιαύτην
1716 926 1774 961 εχει
1789 925 1877 961 φύσιν-

1079 972 1223 1008 βαπτικὴν,
1249 973 1440 1008 ὲόημοσίευσεν
1461 972 1528 999 αὐτὸ
1541 971 1620 998 τοῦτο
1632 980 1640 988 ο
1655 972 1705 998 καὶ
1716 972 1790 999 οὕτω
1806 979 1868 998 συν-

1079 1017 1171 1053 έλεγον
1187 1018 1220 1045 ἑκ
1231 1018 1282 1053 τῆς
1292 1018 1430 1054 θαλάσσης
1442 1018 1476 1045 τὰ
1491 1018 1632 1053 κογχύλια,
1643 1018 1690 1045 καὶ
1704 1017 1868 1045 κατεσκεύα-

1079 1071 1129 1090 σαν
1158 1063 1197 1098 (2)
1211 1063 1260 1099 τὴν
1282 1063 1442 1100 πορφύραν
1461 1064 1493 1090 ὲκ
1509 1063 1538 1090 δὲ
1559 1063 1671 1099 ταύτης,
1694 1064 1742 1096 τὰς
1769 1063 1866 1100 ἁλουρ-

1078 1108 1164 1143 γῐδας.

1151 1154 1199 1187 ξιῗ.
1218 1155 1288 1190 "api
1307 1155 1362 1190 τῆς
1385 1155 1528 1190 τεωρτίας
1550 1155 1600 1182 καὶ
1621 1155 1800 1190 ναυπηγίας.

1113 1199 1212 1231 Καθὼς
1229 1200 1386 1236 μυθεύεται,
1404 1201 1421 1236 ὴ
1435 1201 1569 1236 Δημήτηρ
1584 1198 1642 1236 εἶχε
1663 1201 1801 1237 θυγατέρα
1821 1202 1870 1238 τὴν

1080 1245 1262 1280 Περσεφόνην.
1274 1245 1381 1281 Ταύτην
1394 1246 1518 1281 ἥρπασεν
1531 1246 1569 1282 (ὅ)
1581 1247 1596 1273 ὁ
1610 1246 1746 1274 Πλούτων.
1790 1247 1870 1283 Περι-

1085 1293 1163 1321 ιοῦσσ.
1170 1293 1224 1329 δὲή
1239 1293 1372 1328 Δημήτηρ
1387 1292 1434 1319 καὶ
1446 1292 1564 1328 ζητοῦσα
1581 1292 1630 1328 τὴν
1647 1293 1784 1330 θυγατέρα
1800 1294 1870 1328 Περ-

1081 1337 1206 1373 σεφόνην,
1218 1335 1298 1373 ἦλθεν
1314 1339 1353 1369 εἰς
1365 1339 1414 1373 τὴν
1436 1338 1571 1374 ’Δῑτικὴη
1588 1339 1635 1366 καὶ
1649 1339 1779 1366 καταλύει
1794 1339 1870 1375 παρὰ

1080 1383 1261 1418 Τριπτολέμῳ
1287 1384 1341 1410 τινὶ
1370 1385 1399 1410 ὲν
1426 1383 1506 1420 κώμῃ
1531 1384 1666 1420 Ἐλευσίνῃ
1683 1384 1756 1412 οὕτω
1771 1385 1870 1413 καλου-

1082 1429 1160 1465 μένῃ.
1183 1429 1321 1456 Μανθάνει
1349 1428 1396 1457 οὗν
1419 1430 1488 1466 αὕτη
1503 1430 1579 1467 παρὰ
1588 1430 1787 1467 Τριπτολέμου,
1800 1432 1842 1459 ὅτι
1856 1433 1872 1459 ό

1081 1474 1206 1502 Πλούτων
1218 1475 1326 1510 ἥρπασε
1344 1475 1392 1510 τὴν
1414 1475 1588 1512 Περσεφόνην
1601 1485 1607 1492 ·
1625 1477 1673 1504 καὶ
1686 1477 1755 1512 ὑπὲρ
1769 1477 1870 1513 ταύτης

1081 1521 1130 1556 τῆς
1144 1520 1303 1556 εὐεργεσίας
1317 1521 1407 1548 δίδωσι
1427 1522 1465 1557 τῷ
1478 1522 1654 1558 Τριπτολέμῳ
1664 1523 1699 1550 τὰ.
1714 1524 1873 1560 σπέρματα,

1082 1566 1152 1600 λέγω
1166 1565 1198 1601 δὴ
1213 1567 1284 1592 σῖτον
1296 1566 1343 1592 καὶ
1354 1565 1461 1601 κριθὴν,
1477 1566 1652 1603 ἐντειλαμένη
1673 1569 1711 1603 μὴ
1728 1569 1872 1605 φθονῆσαι,

1082 1611 1150 1638 ἀλλὰ
1171 1610 1322 1647 περιελθεῖν
1350 1612 1397 1638 καὶ
1414 1612 1561 1647 σκορπίσαι
1575 1613 1609 1640 τὰ
1628 1614 1773 1650 σπέρματα
1790 1615 1873 1642 πᾶσιν

1082 1656 1233 1691 ἀνθρώποις
1243 1665 1249 1671 ·
1266 1657 1310 1683 ἴνα
1326 1656 1431 1692 μάθωσι
1444 1657 1475 1684 τὸ
1488 1658 1610 1694 σπείρειν
1625 1659 1671 1686 καὶ
1681 1661 1814 1695 γεωργεῖν
1826 1661 1874 1688 καὶ

1082 1702 1182 1729 ἐσθίειν
1194 1703 1256 1734 τοὺς
1268 1702 1387 1738 ἡμέρους
1402 1703 1535 1739 καρπούς.
1546 1703 1634 1731 Πάλαι
1648 1703 1702 1740 γὰρ
1712 1706 1738 1732 οἱ
1748 1706 1873 1740 ἄγροικοι

1082 1747 1174 1782 ἧσθιον
1190 1747 1252 1778 τοὺς
1267 1746 1398 1782 βαλάνους
1410 1749 1442 1774 ὲκ
1456 1748 1510 1775 τῶν
1528 1749 1623 1784 φηγῶν
1635 1757 1642 1764 ·
1661 1749 1737 1776 ἐνθεν
1753 1751 1809 1777 ἀπὸ
1823 1751 1872 1786 τῆς

1082 1792 1170 1828 φηγοῦ
1184 1793 1214 1820 τὸ
1229 1794 1335 1828 φαγεῖν
1349 1793 1464 1829 εἴρηται.
1482 1795 1598 1828 Λέγεται
1612 1795 1651 1827 δὲ,
1666 1796 1707 1822 ὃτι
1723 1797 1738 1822 ό
1754 1797 1873 1832 Τριπτό-

1081 1838 1162 1873 λεμος
1178 1838 1268 1865 λαδὼν
1284 1838 1360 1874 ἆρμα
1375 1839 1530 1874 δρακόντων
1553 1840 1712 1875 πτερωτῶν,
1730 1850 1875 1878 συμπαραο

1082 1883 1172 1910 λαϐὼν
1189 1884 1290 1910 καὶτὸν
1306 1883 1416 1916 Κελεὸν,
1432 1885 1519 1916 οὕτως
1534 1885 1669 1913 ἐπλανᾶτο
1682 1886 1875 1922 φιλοτιμούμε-

1082 1938 1127 1961 νος
1148 1929 1183 1956 τὰ
1206 1930 1362 1966 σπέρματα,
1380 1930 1462 1965 Λέγει
1485 1930 1513 1957 δὲ
1531 1930 1627 1963 όθεῖος
1644 1931 1805 1968 Γρηγόριος,
1834 1933 1876 1959 ὅτι

1083 1976 1129 2002 καὶ
1154 1976 1171 2010 ὴ
1198 1976 1337 2011 ναυπηγία
1366 1976 1442 2009 παρὰ
1463 1977 1615 2012 Ἀθηναίοις
1644 1977 1770 2014 εὕρηται.
1791 1977 1875 2015 Οἶμαι

1083 2021 1111 2048 δὲ
1122 2021 1202 2048 αὑτὸν
1215 2021 1305 2056 λέγειν
1321 2023 1386 2057 περὶ
1398 2023 1448 2057 τῆς
1464 2023 1635 2059 ναυμαχικῆς
1650 2023 1758 2059 τέχνης·
1771 2025 1876 2060 ναύμα-

1084 2076 1125 2102 χοι
1141 2067 1178 2102 (ι)
1208 2068 1270 2094 κατ’
1294 2068 1378 2103 ἄκρον
1407 2068 1562 2103 Ἀθηναῖοι·
1582 2069 1648 2097 ναῦν
1667 2070 1722 2105 γὰρ
1752 2070 1876 2105 λέγονται

1083 2113 1107 2139 οἱ
1124 2113 1226 2147 πρῶτοι
1236 2113 1358 2146 Φοίνικες
1376 2114 1550 2149 ναυπηγῆσαι
1563 2123 1569 2130 ·
1590 2117 1690 2153 τριήρη
1704 2115 1744 2148 δὲ,
1760 2117 1777 2152 ἡ
1793 2116 1876 2152 Σεμί-

1051 2156 1071 2183 D
1088 2169 1180 2196 ραμις.

1197 2203 1248 2240 ξη’.
1265 2204 1336 2240 Περὶ
1349 2204 1403 2232 τοῦ
1423 2205 1535 2233 Κελεοῦ
1551 2206 1600 2234 καὶ
1621 2206 1756 2240 Ἰκαρίου.

1121 2250 1189 2286 Περὶ
1201 2251 1251 2286 μὲν
1264 2250 1311 2278 τοῦ
1339 2251 1441 2278 Κελεοῦ
1469 2252 1583 2287 εἴπομεν
1600 2252 1630 2279 ὲν
1652 2254 1685 2289 τῇ
1707 2253 1761 2288 πρὸ
1777 2254 1878 2290 ταύτης

1089 2297 1203 2333 ἱστορίᾳ.
1218 2297 1259 2324 ὅτι
1274 2297 1345 2332 μετὰ
1357 2297 1404 2324 τοῦ
1430 2298 1617 2334 Τριπτολέμου
1642 2299 1778 2327 ἐπλανᾶτο
1790 2300 1878 2332 διδοὺς

1083 2344 1118 2371 τὰ
1131 2344 1287 2380 σπέρματα.
1304 2345 1373 2379 Περὶ
1385 2344 1413 2371 δὲ
1428 2353 1476 2372 του
1500 2346 1617 2381 Ἰκαρίου
1635 2347 1709 2374 ἐστὶν
1725 2347 1796 2384 αὕτη
1806 2357 1813 2363 ·
1826 2349 1878 2375 Λέ-

1083 2399 1170 2425 γεται,
1184 2391 1225 2418 ὅτι
1248 2391 1262 2417 ὁ
1289 2388 1360 2422 οἶνος
1376 2392 1453 2427 παρὰ
1471 2392 1518 2419 τοῦ
1539 2393 1666 2420 Διονύσου
1682 2393 1801 2430 ηὕρηται
1813 2402 1821 2409 ⁶
1838 2394 1878 2421 διὸ

1083 2438 1130 2463 καὶ
1139 2436 1236 2472 ἔφορον
1248 2437 1298 2471 τῆς
1314 2437 1438 2471 ἀμπέλου
1453 2437 1580 2471 λέγουσιν
1598 2436 1667 2466 εἶναι
1680 2439 1725 2466 τὸν
1740 2440 1876 2467 Διόνυσον.

1083 2480 1167 2515 Οὗτος
1191 2481 1237 2510 οὖν
1266 2483 1281 2509 ό
1308 2483 1434 2515 Διόνυσος
1447 2483 1532 2511 ἐλθὼν
1553 2485 1581 2510 ἐν
1605 2485 1741 2520 Ἀθήναις.
1767 2486 1877 2522 Ἰκαρίῳ

1085 2528 1138 2555 τινὶ
1151 2527 1313 2564 περιτυχὼν,
1347 2527 1464 2554 δέδωκεν
1485 2528 1560 2563 αὐτῷ
1581 2528 1674 2563 κλῆμα
1692 2528 1815 2564 ἀμπέλου
1826 2537 1877 2563 φυ-

1085 2574 1196 2601 τεῦσαι·
1214 2575 1228 2600 ὁ
1244 2573 1332 2601 δὲκαὶ
1355 2573 1498 2607 ἐφύτευσε,
1525 2575 1573 2601 καὶ
1597 2574 1773 2611 ἐγεώργησεν
1794 2572 1876 2606 οἶνον.

1087 2621 1136 2648 καὶ
1147 2619 1218 2651 ἔπιε,
1233 2619 1281 2646 καὶ
1297 2618 1396 2646 δέδωκε
1409 2619 1459 2646 καὶ
1473 2619 1584 2655 ποιμέσι
1598 2621 1681 2646 πιεῖν.
1697 2620 1728 2646 Oi
1742 2620 1771 2646 δὲ
1783 2619 1880 2655 ποιμέ-

1087 2675 1132 2698 νες
1149 2665 1337 2701 μεθυσθέντες,
1358 2665 1402 2692 διὰ
1428 2665 1459 2692 τὸ
1475 2665 1508 2691 ὲκ
1527 2665 1574 2692 τοῦ
1593 2665 1745 2701 παραδόξου
1770 2665 1879 2702 πρῶτον

1089 2713 1172 2743 πιεῖν,
1185 2712 1344 2747 νομίσαντες
1369 2711 1564 2746 φαρμαχθῆναι
1589 2711 1665 2746 παρὰ
1685 2711 1733 2738 τοῦ
1759 2711 1878 2747 Ἰκαρίου

1139 2807 1165 2837 3)
1178 2805 1217 2842 id.
1232 2805 1333 2842 ταύτην
1348 2806 1380 2839 ἣν
1394 2806 1424 2840 (Γ.
1441 2804 1497 2841 οὖν)
1511 2806 1642 2842 ἥρπασεν.

1139 2808 1165 2837 3)
1181 2808 1217 2833 Id.
1232 2808 1333 2867 ταύτην
1348 2808 1373 2839 ῆι

1127 2808 1165 2877 ξι)
1177 2841 1213 2868 id.
1230 2850 1301 2876 ναυμ
1322 2849 1373 2876 χοι.
