2046 3131
169 110 234 141 1021

597 113 641 142 AD
655 113 684 141 S.
700 112 868 142 GBEGOBII
884 112 990 143 οιιΑτ.
1006 114 1016 142 Ι
1037 112 1177 142 CONTRA
1192 114 1373 143 JUlJAtVlJI.

1728 113 1798 142 {023

169 172 375 200 ἀποκτείνωσιν
391 170 487 201 αὐτόν’
502 174 519 209 ἡ
531 173 560 201 δὲ
580 175 709 211 Ἦριγόνη
726 174 743 210 ἢ
763 175 860 202 τούτου
875 174 960 209 θυγά-
975 198 978 205 λ

1021 175 1063 210 psi
1088 175 1251 203 attulerunt.
1276 175 1344 208 Ejus
1366 175 1459 210 itaque
1482 174 1537 201 tilia
1559 171 1677 209 Erigone
1695 180 1729 201 ex
1747 180 1798 208 pii-

168 226 233 254 τηρ,
258 218 303 246 διά
325 219 376 254 τῆς
397 220 479 252 κυνὸς
496 219 545 247 τοῦ
572 221 688 256 Ἰκαρίου
712 221 826 256 γνοῦσα,
848 222 889 248 δτι
906 222 960 249 άπ-

171 263 276 296 ἑθανεν,
293 264 437 291 ἔποτνιᾶτο
449 265 495 292 καὶ
507 265 635 301 ἤσχαλλε,
653 266 710 298 καὶ,
725 265 815 298 καθὼς
826 265 959 301 μυθεύου-

171 318 213 336 σιν
238 310 264 336 ot
287 310 459 346 πλανώμενοι
477 311 617 346 Ἕλληνες,
639 311 741 348 ταύτην
760 311 922 346 ἐλεήσαντες
935 313 959 338 οί

171 355 227 382 θεοὶ
241 355 286 382 διὰ
297 356 329 382 τὸ
353 356 449 388 πάθος,
464 357 616 392 μετέθηκαν
635 358 676 389 είς
696 358 743 385 τὸν
766 357 895 392 οὐρανόν·
913 358 961 384 καὶ

172 403 219 430 νῦν
233 403 308 430 ἐστιν
324 404 353 430 ἐν
375 405 432 436 τοῖς
455 404 564 440 ἄστροις
579 406 596 440 ἡ
619 405 758 440 Ἦριγόνη.
774 405 811 431 Τὸ
822 405 850 431 δὲ
861 404 959 439 λέγειν,

173 449 329 484 Μυστήριον
344 449 407 484 ὑμῖν
424 450 535 485 αἰσχρὸν
548 450 634 477 ταῦτα
656 451 778 486 εποίησε,
793 451 824 477 οὺ
839 450 960 486 περὶτοῦ

178 493 297 530 Ἰκαρίου
309 494 392 529 λέγει,
417 496 484 522 ἀλλὰ
511 496 575 532 περὶ
589 496 640 531 τῆς
658 497 729 523 κατὰ
747 497 797 532 τὴν
813 497 962 532 Δήμητραν

175 541 345 576 μυθολογίας.
355 542 470 576 Λέγεται
495 542 524 568 δὲ
548 541 628 578 αὕτη,
657 543 688 568 οὑ
717 543 797 578 μόνον
816 542 961 569 δεδωκέναι

173 587 266 618 αὐτοῖς
284 588 317 614 τὰ
343 588 499 623 σπέρματα,
517 587 585 615 ἀλλὰ
605 588 652 615 καὶ
667 587 767 623 θεσμόν
779 596 839 614 τινα
860 597 962 623 μυστη-

175 633 240 667 ρίων
255 633 400 666 διδάσκειν,
413 633 491 661 ἅτινα
502 634 641 661 τελοῦνται
652 636 676 661 οί
691 634 832 670 Ἕλληνες.
851 635 895 663 Ὠς
909 635 962 669 γὰρ

174 677 249 713 παρὰ
260 679 316 710 τοῖς
327 678 686 716 θεοδιδάκτοιςΧριστιανοῖς
704 681 762 706 ἐστι
773 679 804 706 τὸ
814 680 890 713 ἆγιον
906 679 962 714 φώ-

173 732 269 759 τισμα,
295 723 366 751 οὕτω
397 725 444 752 καὶ
466 726 532 761 παρ’
561 726 675 758 ἐκείνοις
709 727 726 761 ἡ
750 725 851 752 τοιάδε.
879 725 912 752 Ἦ
935 725 964 752 δὲ

173 769 286 805 τοιαύτη
296 770 350 796 τῶν
366 770 501 807 Ἐλλήνων
512 772 593 807 ἑορτὴ
609 772 716 806 λέγεται
727 773 870 808 Δημήτρια
878 773 926 808 (l).

258 816 308 850 εθ⁴.
323 816 393 851 Περὶ
406 817 459 844 τοῦ
474 818 652 852 θρησκεύειν
670 818 719 846 καί
729 819 879 853 μυεῖσθαι.

1011 221 1081 248 terni
1098 221 1176 249 canis
1193 221 1292 248 latratu
1309 225 1425 248 mortem
1448 220 1536 255 ipsius
1551 219 1718 254 intelligens,
1734 218 1798 254 qui-

1010 266 1157 299 ritabatur.
1168 271 1195 294 et
1211 267 1237 293 in
1256 273 1364 294 summo
1381 272 1499 294 marore
1521 264 1694 292 versabatur.
1710 264 1799 300 Atque

1011 317 1040 339 ut
1053 312 1190 348 opinionis
1201 319 1294 340 errore
1306 311 1358 339 sibi
1370 311 1476 347 ﬁngunt
1488 310 1613 345 gentiles,
1624 309 1711 346 ipsius
1721 309 1798 336 luctu

1011 358 1049 386 dii
1064 359 1178 394 permoti
1195 358 1222 386 in
1240 358 1338 386 calum
1361 365 1420 385 eam
1440 356 1638 384 transtulerunt
1653 365 1660 383 :
1673 363 1706 383 ac
1724 361 1799 383 nunc

1012 405 1083 432 inter
1096 411 1168 432 astra
1180 408 1223 432 est
1240 403 1365 439 Erigone.
1381 402 1459 436 Quod
1474 407 1563 429 autem
1584 401 1622 428 ait
1639 400 1797 436 Gregorius,

1012 451 1103 486 Turpe
1123 451 1200 478 vobis
1217 451 1377 486 mysterium
1394 449 1468 480 fecit,
1484 448 1542 475 haec
1563 454 1616 474 non
1632 446 1665 474 ad
1681 445 1798 473 Icarium

1012 500 1147 532 spectant,
1172 496 1220 524 sed
1246 496 1279 523 ad
1307 494 1415 523 Cereris
1443 494 1574 521 fabulam.
1600 491 1698 519 Fertur
1725 491 1799 518 enim

1012 544 1106 575 Ceres,
1124 550 1178 570 non
1200 542 1288 570 solum
1304 542 1372 577 ipsis
1392 541 1497 568 semina
1518 538 1637 569 dedisse,
1650 537 1698 566 sed
1715 537 1798 564 etiam

1013 590 1098 625 legem
1111 588 1258 623 quamdam
1272 587 1475 622 mysteriorum,
1491 585 1592 620 quibus
1609 582 1724 619 gentiles
1744 582 1799 609 lni-

1013 636 1126 662 tiantur.
1139 633 1173 661 Ut
1185 633 1257 661 enim
1272 632 1344 668 apud
1357 632 1490 660 divinitus
1502 630 1614 658 eductos
1626 627 1799 656 Christianos

1013 685 1054 708 est
1070 683 1184 706 sanctus
1199 678 1352 714 baptismus
1365 685 1372 703 τ
1386 677 1426 704 sic
1440 676 1523 703 etiam
1540 673 1612 709 apud
1627 672 1690 700 illos
1703 671 1802 706 hujus-

1014 726 1087 753 modi
1106 725 1205 753 festum
1220 724 1324 752 dicitur
1335 727 1362 751 et
1381 722 1552 758 mysterium.
1567 720 1708 748 Vocantur
1725 717 1802 746 enim

1014 773 1073 800 haec
1089 779 1168 800 sacra
1184 772 1337 807 Δημήτρια,
1349 769 1375 797 id
1392 775 1435 796 est
1453 767 1588 796 Cerealia.

1127 817 1172 845 69.
1192 816 1231 844 De
1249 816 1385 851 religionis
1400 815 1473 841 cultu
1488 818 1513 840 et
1527 812 1687 840 initiatione.

209 863 336 897 Λέγεται,
349 863 390 890 ὃτι
405 864 420 889 ὁ
437 851 553 899 Ὀρίρεὺς
569 864 643 899 Θρᾲξ
658 864 694 891 ὢν
704 851 736 891 to
747 865 834 899 γένος,
846 865 894 892 καὶ
905 865 963 892 θεο-

1049 863 1173 899 Orpheus
1195 862 1318 898 quidam,
1345 865 1375 889 ut
1397 860 1501 891 ferunt,
1523 866 1624 894 genere
1649 857 1752 888 Thrax,
1767 855 1804 883 de

175 909 293 944 λογήσας
326 909 360 935 τὰ
380 908 514 944 Ἐλλήνων
541 911 687 946 μυστήρια,
713 911 815 944 ἐδίδαξε
843 911 902 943 πῶς
927 911 967 938 δεῖ

175 955 258 990 τιμᾷν
289 954 377 986 θεούς.
401 955 487 982 Τοῦτο
516 953 562 982 οὖν
602 957 633 983 τὸ
667 958 750 993 τιμᾷν
771 957 848 989 θεοὺς
870 957 965 984 ὲκάλε-

177 1001 280 1036 31v(2)
301 1000 473 1036 θρησκεύειν,
500 1001 537 1033 ὡς
564 1002 685 1038 Θρᾳκίας
710 1003 794 1038 οὔσης
824 1003 874 1038 τῆς
891 1004 966 1039 εὑρέ-

178 1053 246 1078 σεως
259 1046 309 1080 (3).
326 1046 418 1072 Ἄλλοι
431 1046 460 1073 δὲ
485 1047 755 1082 ήτυμολόγησαν,ὅτι
764 1047 794 1074 τὸ
805 1047 966 1084 θρησκεύειν

178 1091 317 1127 παρῆκται
333 1091 388 1118 άπὸ
397 1091 444 1118 τοῦ
458 1092 538 1118 οἱονεὶ
552 1091 746 1128 θεοδερκεύειν,
763 1093 885 1119 τουτέστι
901 1092 966 1119 Θεὸν

178 1136 253 1171 όρᾷν.
273 1135 311 1161 Τὸ
324 1135 352 1162 δὲ
368 1136 495 1171 μυεῖσθαι
520 1137 639 1172 εἴρηται,
658 1136 674 1172 ἢ
691 1137 767 1172 παρὰ
785 1137 815 1164 τὸ
829 1138 966 1173 μυστήρια

178 1182 224 1209 καὶ
235 1181 378 1217 ἀπόρρητα
393 1182 538 1213 τελεῖσθαι,
555 1183 571 1218 ἢ
585 1183 630 1209 διὰ
641 1183 672 1210 τὸ
684 1183 801 1218 μύοντας
810 1183 860 1214 τὰς
873 1183 967 1219 αἰσθή-

180 1234 235 1259 σεις
261 1228 310 1253 καὶ
342 1227 472 1254 ἐπέκεινα
502 1227 662 1262 γινομένους
688 1227 779 1262 πάσης
808 1226 966 1262 σωματικῆς

179 1275 337 1309 φαντασίας,
353 1274 439 1306 οὕτως
460 1274 627 1310 εἰσδέχεσθαι
645 1275 694 1306 τὰς
715 1274 791 1306 θείας
806 1274 964 1309 ὲλλάμψεις.

282 1369 312 1391 o'.
327 1365 396 1398 Περὶ
412 1364 466 1391 τοῦ
479 1365 562 1392 θύειν
583 1363 634 1391 καὶ
653 1363 860 1399 ἀστρονομεῖν.

213 1410 328 1444 Λέγεται
350 1409 379 1436 δὲ
401 1411 441 1436 ὅτι
463 1409 494 1436 τὸ
518 1408 592 1436 θύειν
615 1409 686 1441 θεοῖς
706 1410 831 1436 Χαλδαῖοι
846 1409 967 1445 ἐξεῦρον,

181 1456 268 1483 εῖτουν
278 1456 399 1491 Κύπριοι
410 1465 417 1471 ·
431 1455 600 1491 διαφορεῖται
613 1455 694 1491 γὰρή
712 1456 826 1491 ἱστορία·
843 1457 968 1483 Χαλδαῖοι

1015 910 1172 938 Gracorum
1196 908 1335 945 mysteriis
1352 906 1539 943 pertractavit,
1556 905 1716 938 cultumque
1735 902 1802 930 deo.

1016 964 1076 984 rum
1099 954 1222 982 tradidit.
1248 954 1326 982 Ilunc
1348 957 1440 980 autem
1466 952 1578 979 deorum
1604 950 1708 977 cultum
1733 948 1802 983 θρη-

1016 1002 1134 1033 σκεύειν,
1154 997 1270 1033 vocavit,
1295 1000 1376 1035 quasi
1402 998 1544 1034 θρησκεία.
1566 996 1594 1024 id
1632 999 1685 1026 est,
1705 993 1803 1029 religio

1016 1048 1098 1082 hujus
1119 1046 1255 1074 inventrix
1277 1049 1362 1074 esset.
1377 1044 1430 1071 Alii
1451 1043 1597 1071 deductam
1621 1041 1693 1069 banc
1705 1047 1801 1067 vocem

1017 1098 1123 1129 putant,
1137 1093 1216 1128 quasi
1242 1099 1257 1119 a
1279 1092 1363 1120 verbo
1385 1087 1581 1125 θεοδερκεύειν,
1598 1088 1624 1116 id
1646 1093 1698 1118 est,
1721 1086 1804 1113 Deum

1017 1139 1118 1172 videre;
1136 1138 1263 1175 μυεῖσθαι
1280 1142 1370 1166 autem
1389 1137 1491 1164 dictum
1507 1139 1560 1167 est,
1574 1133 1647 1169 quod
1664 1131 1804 1168 mysteriis

1017 1191 1099 1220 atque
1120 1185 1229 1213 arcanis
1251 1184 1338 1212 sacris
1359 1183 1558 1213 imbuerentur,
1577 1180 1618 1207 vel
1640 1180 1722 1207 etiam
1739 1177 1805 1212 quia

1018 1230 1141 1266 μύοντες,
1159 1230 1186 1256 id
1204 1233 1256 1260 est,
1272 1228 1431 1256 claudentes
1449 1234 1560 1257 sensus,
1577 1233 1610 1253 ac
1634 1231 1718 1259 supra
1745 1230 1802 1250 om-

1018 1285 1078 1303 nem
1093 1283 1252 1311 corpoream
1270 1275 1388 1309 speciem
1403 1273 1500 1305 evecti,
1519 1272 1556 1299 ita
1571 1270 1681 1298 demum
1697 1269 1805 1297 divinas

1019 1320 1234 1348 illuminaliones
1249 1319 1436 1346 admitterent.

1078 1366 1122 1393 ⁵10.
1142 1365 1181 1393 De
1196 1365 1349 1400 sacriﬁciis,
1365 1362 1528 1391 astronomia
1547 1367 1572 1389 et
1590 1360 1744 1397 geometria.

1055 1411 1111 1439 Diis
1136 1411 1295 1439 sacriﬁcare
1318 1410 1428 1445 quidam
1453 1406 1727 1438 Chaldaeorumralil
1751 1403 1806 1441 Cy-

1019 1459 1142 1493 priorum
1162 1458 1301 1485 inveutum
1322 1463 1384 1484 esse
1403 1456 1500 1482 aiunt:
1516 1461 1566 1481 nec
1584 1453 1658 1481 enim
1681 1451 1736 1479 utri
1753 1451 1806 1478 hoc

181 1502 208 1529 δὲ
220 1502 295 1534 ἔθνος
308 1502 452 1549 Περσικόν.
464 1502 518 1537 Τὴν
528 1502 557 1528 δὲ
569 1502 749 1538 ἀστρονομίαν
761 1503 883 1537 λέγονται
895 1504 969 1540 πρῶ-

1022 1504 1174 1531 invenerint
1197 1503 1265 1530 satis
1288 1506 1408 1530 constat.
1433 1500 1554 1529 Chaldaii
1577 1503 1668 1526 autem
1696 1497 1806 1526 Persica

181 1556 220 1575 τοι
237 1548 384 1584 εὑρηκέναι
401 1547 567 1575 Βαϐυλώνιοι
591 1548 637 1574 διὰ
652 1548 832 1585 Ζοροάστρου·
849 1549 969 1587 δεύτεροι

1020 1555 1062 1578 εει
1086 1550 1173 1577 natio.
1196 1549 1230 1576 At
1253 1556 1318 1576 vero
1341 1547 1537 1576 astronomiam
1557 1545 1637 1581 primi
1663 1544 1807 1580 Babylonii

180 1594 208 1620 δὲ
238 1593 393 1627 διεδέξαντο
413 1593 569 1628 Δίγύπτιοι.
596 1593 651 1629 Τὴν
678 1593 707 1620 δὲ
731 1595 903 1630 γεωμετρίαν
932 1596 970 1632 (Δ)

182 1637 260 1676 εὖρον
275 1639 418 1674 Αἰγύπτιοι
431 1640 475 1666 διὰ
487 1639 518 1666 τὸ
532 1640 578 1666 τὸν
595 1639 690 1666 Νεῖλον
703 1639 752 1675 τὴν
768 1640 858 1667 αὐτῶν
871 1642 972 1678 κατάρ-

181 1686 259 1713 δοντα
277 1686 379 1722 χώραν,
397 1686 523 1721 συγχέειν
541 1686 575 1712 τὰ
601 1686 651 1721 τῆς
674 1686 832 1718 δεσποτείας
857 1687 970 1714 ἑκάστου

183 1732 375 1769 γνωρίσματα·
410 1732 579 1768 διαιροῦντες
602 1731 649 1760 οὖν
669 1733 798 1765 πολλάκις
831 1733 880 1769 τὴν
908 1733 970 1769 γῆν,

184 1779 231 1805 καὶ
245 1778 377 1810 ποικίλοις
399 1780 599 1814 σχηματισμοῖς
620 1778 766 1814 χρώμενοι,
786 1779 901 1814 ἀρχηγοὶ
922 1779 973 1814 τῆς

183 1825 338 1860 ἐπιστήμης
357 1825 494 1858 γεγόνασι.
510 1824 565 1860 Τὴν
581 1824 610 1850 δὲ
633 1825 759 1859 μαγείαν,
780 1825 872 1858 φασιν,
895 1823 972 1860 εὗρον

183 1869 282 1904 Μῆδοι,
295 1866 355 1895 εἶτα
384 1868 497 1904 Πέρσαι.
514 1868 643 1903 Διαᾳέρει
667 1868 694 1895 δὲ
719 1868 820 1903 μαγεία
835 1868 972 1903 γοητείας,

183 1915 230 1942 καὶ
242 1913 354 1950 γοητεία
365 1914 539 1950 φαρμακείας
562 1914 681 1945 τούτοις·
699 1913 740 1939 ὅτι
757 1914 774 1949 ἡ
791 1914 841 1948 μὲν
862 1914 972 1949 μαγεία,

184 1961 328 1995 ἐπίκλησίς
345 1961 404 1987 ἐστι
429 1960 565 1995 δαιμόνων
592 1959 776 1993 ἀγαθοποιῶν,
789 1960 856 1995 πρὸς
871 1959 973 1994 ἀγαθοῦ

184 2016 257 2038 τινος
273 2006 402 2033 σύστασιν
415 2015 422 2022 ο
438 2006 533 2041 ὥσπερ
547 2006 581 2033 τὰ
591 2006 638 2032 τοῦ
656 2005 836 2033 Ἀπολλωνίου
849 2006 975 2037 Τυανέως

186 2053 361 2088 θεσπίσματα
373 2052 408 2079 δι’
434 2052 536 2085 ἀγαθὸν
556 2052 697 2086 γεγόνασι.
721 2052 741 2078 Γ
742 2052 835 2087 οητεία
849 2051 879 2078 δέ
901 2053 974 2078 ἐστιν

187 2100 331 2136 ἐπίκλησις
349 2098 484 2134 δαιμόνων
497 2098 670 2131 κακοποιῶν,
700 2098 766 2134 περὶ
787 2098 850 2130 τοὺς
873 2098 975 2132 τάφους

187 2145 362 2180 εἰλουμένων,
389 2145 435 2171 ἰπὶ
455 2144 541 2172 κακοῦ
564 2153 636 2176 τινος
666 2144 809 2171 σύστασιν·
825 2145 935 2180 γοητεία
948 2144 976 2171 δὲ

1020 1605 1068 1632 per
1088 1596 1266 1624 Zoroastrum
1288 1595 1428 1623 invenisse
1451 1594 1590 1621 dicuntur.
1605 1590 1726 1619 Proximi
1745 1598 1807 1618 eam

1020 1646 1185 1679 exceperunt
1194 1641 1327 1678 Egyptii,
1340 1649 1372 1669 ex
1386 1640 1570 1668 immensitate
1591 1642 1672 1666 terrae
1688 1642 1714 1665 et
1733 1637 1808 1663 Ioco-

1022 1698 1081 1717 rum
1103 1687 1289 1716 divisionibus
1313 1687 1389 1722 prius
1410 1687 1510 1718 edocti,
1525 1689 1608 1720 atque
1621 1684 1659 1711 ita
1679 1683 1713 1710 ad
1735 1682 1807 1710 scri-

1022 1727 1148 1764 bendum'
1167 1734 1290 1762 adducti.
1314 1733 1374 1761 Jam
1399 1733 1516 1768 magiam
1537 1731 1608 1758 Medi
1634 1731 1807 1758 invenerunt.

1024 1781 1118 1809 Diﬂ‘ert
1129 1784 1220 1808 autem
1233 1779 1321 1815 magia
1333 1787 1348 1806 a
1359 1779 1458 1814 goetia,
1467 1782 1494 1806 et
1506 1778 1594 1813 goetia
1608 1784 1624 1804 a
1636 1775 1804 1812 pharmacia.

1023 1828 1109 1863 Magia
1127 1827 1199 1854 enim
1221 1831 1263 1853 est
1284 1825 1420 1852 bonorum
1441 1823 1594 1851 daemonum
1618 1822 1651 1849 ad
1673 1821 1736 1849 boni
1760 1828 1810 1848 cu-

1021 1874 1140 1910 juspiam
1149 1872 1369 1900 conciliationem
1379 1875 1406 1898 et
1414 1870 1651 1898 conservationem
1662 1867 1809 1895 invocatio:

1024 1919 1252 1955 quemadmodum
1276 1917 1413 1953 Apollonii
1436 1916 1539 1952 Tyanei
1558 1914 1687 1942 vaticinia
1705 1913 1741 1940 ob
1760 1913 1811 1940 bo-

1025 1974 1089 1993 num
1113 1966 1287 1992 exstiterunt.
1311 1962 1405 1990 Goetia
1428 1966 1519 1990 autem
1541 1965 1584 1989 est
1604 1960 1738 1987 malorum
1754 1959 1810 1986 da-

1025 2018 1135 2039 monum
1154 2010 1229 2037 circa
1251 2008 1376 2043 sepulcra
1398 2015 1461 2035 sese
1481 2005 1662 2034 volutantium
1685 2004 1719 2031 ad
1747 2003 1810 2030 mali

1026 2057 1142 2092 alicujus
1169 2054 1390 2091 procurationem
1419 2053 1568 2080 invocatio.
1592 2050 1690 2078 Goetia
1719 2052 1810 2077 autem

1026 2103 1098 2130 dicta
1113 2106 1155 2129 est
1171 2100 1225 2128 ἀπδ
1245 2099 1301 2126 τῶν
1319 2098 1390 2133 γόων
1411 2098 1459 2124 καὶ
1477 2096 1531 2124 τῶν
1553 2096 1670 2132 θρήνων,
1686 2094 1713 2122 id
1727 2097 1779 2124 est,
1795 2101 1811 2120 ι

1027 2147 1195 2175 clamoribus
1205 2150 1233 2174 et
1244 2145 1376 2177 luctibus,
1388 2144 1435 2180 qui
1451 2143 1525 2171 circa
1538 2142 1663 2177 sepulcra
1680 2140 1811 2168 eduntur.

187 2191 304 2227 ἠκουσεν
329 2191 383 2218 ἀπὸ
413 2190 466 2218 τῶν
492 2190 564 2224 γόων
584 2191 632 2217 καὶ
649 2190 703 2217 τῶν
723 2190 830 2226 θρήνων
841 2190 896 2218 τῶν
913 2191 976 2226 περὶ

1027 2192 1187 2220 Pliarmacia
1216 2194 1306 2218 autem
1335 2193 1387 2222 est,
1414 2196 1476 2216 cum
1504 2187 1650 2215 exitiosum
1676 2184 1812 2221 quoddam

187 2238 251 2269 τοὺς
262 2238 365 2271 τάφους
377 2237 536 2272 γινομένων.
542 2235 704 2272 Φαρμακεία
719 2236 758 2269 δὲ,
774 2237 837 2263 ὅταν
847 2236 892 2263 διά
904 2245 975 2268 τινος

189 2282 336 2314 σκευασίας
355 2282 554 2318 θανατηφόρου,
570 2282 587 2317 ἢ
607 2282 674 2318 πρὸς
691 2282 801 2318 φίλτρον
815 2281 884 2315 δοίη,
901 2282 978 2318 ῆκαὶ

189 2329 277 2361 ἄλλως
289 2337 346 2360 πως
358 2329 500 2364 προσαχθῇ
519 2337 574 2356 τινι
583 2328 628 2355 διὰ
642 2328 786 2364 στόματος.

346 2377 396 2401 οα’.
415 2375 483 2408 Περὶ
501 2373 556 2409 τῆς
572 2375 818 2410 όνειρομαντείας.

225 2422 387 2458 τελμισσδς,
409 2422 486 2454 πόλις
505 2422 564 2449 ἐστὶ
586 2421 748 2457 Παμφυλίας
761 2431 767 2438 ·
791 2422 860 2457 αὕτη
875 2421 904 2448 δὲ
923 2430 977 2448 πα-

191 2470 320 2504 λαιοτάτη
336 2469 423 2501 πόλις·
437 2467 470 2505 ἦν
484 2469 512 2497 δὲ
529 2469 578 2496 καὶ
591 2470 639 2497 ἐπὶ
650 2469 705 2496 τῶν
718 2469 821 2506 χρόνων
835 2468 882 2496 τοῦ
896 2469 979 2505 Κροί-

194 2523 250 2542 σου.
263 2512 342 2542 Οὗτοι
357 2514 481 2549 λέγονται
493 2514 596 2550 πρῶτοι
610 2515 672 2546 τοὺς
684 2514 805 2550 ὀνείρους
816 2514 916 2549 εὑρεῖν,
932 2514 980 2540 καὶ

194 2560 342 2596 διακρίνειν
362 2560 396 2588 τὰ
419 2560 530 2596 τέρατα.
555 2559 669 2594 Ἔλεγον
688 2559 759 2596 γὰρ,
780 2561 805 2587 ει
831 2559 927 2594 γέγονέ
951 2568 980 2586 τι

195 2605 354 2640 παράδοξον,
376 2605 417 2632 ὅτι
437 2605 495 2632 τόδε
519 2606 664 2641 σημαίνει,
687 2607 734 2633 καὶ
759 2606 868 2638 πάντως
890 2606 927 2638 ὼς
947 2605 980 2633 ἂν

196 2648 270 2677 εἶπον
284 2651 439 2679 συνέϐαινεν
455 2651 613 2688 ὲξέρχεσθαι
631 2651 679 2688 (5).

232 2786 269 2820 (l)
286 2787 325 2814 Id.
338 2786 390 2813 add
418 2787 465 2814 καὶ
481 2786 621 2815 Ἐλευσῖνα
639 2782 671 2819 (Ῑ.
687 2786 858 2821 Ἐλευσίνια).

233 2821 271 2850 (‘2)
284 2820 321 2848 Id.
337 2822 461 2849 ἐκάλεσε.

233 2856 270 2889 (5)
287 2856 335 2883 Ms.
351 2864 408 2891 reg.
421 2857 474 2885 956
490 2857 630 2892 αἱρέσεως.

1024 2238 1254 2267 medicamentum
1268 2234 1309 2262 vel
1322 2234 1486 2261 amatorium
1501 2232 1628 2269 poculum
1645 2231 1725 2258 alicui
1744 2230 1814 2257 hau-

1025 2284 1151 2313 riendum
1170 2282 1332 2318 porrigitur.

1079 2377 1124 2404 ‘ll.
1147 2375 1185 2403 De
1201 2379 1259 2402 arte
1272 2373 1431 2409 conjectum
1447 2379 1480 2399 ea:
1497 2370 1606 2398 somnii:
1619 2367 1758 2404 faciendis.

1062 2422 1220 2450 Telmessus
1250 2418 1444 2454 antiquissima
1473 2415 1637 2451 Pamphylia).
1664 2412 1730 2440 urbs
1759 2415 1813 2442 est,

1028 2477 1090 2506 qua
1107 2468 1197 2496 Crassi
1214 2470 1376 2501 tempestate
1388 2463 1511 2491 llorebat.
1527 2461 1559 2488 Hi
1582 2459 1663 2496 primi
1679 2458 1814 2486 rationem

1027 2503 1166 2542 invenisse
1193 2511 1334 2542 dicuntur,
1357 2515 1412 2544 qua
1451 2506 1587 2534 insomnia
1615 2503 1753 2539 explorari
1783 2509 1815 2529 ac

1030 2558 1174 2592 diiudicari
1191 2558 1318 2592 possent;
1334 2554 1357 2582 si
1373 2552 1440 2587 quid
1455 2551 1529 2579 enim
1553 2554 1652 2585 praeter
1667 2555 1770 2575 morem
1786 2547 1814 2573 in

1034 2605 1139 2634 somnis
1156 2603 1312 2633 accidisset,
1322 2600 1388 2635 quid
1401 2599 1466 2626 illud
1480 2594 1814 2633 portenderet,diccbant:

1033 2659 1066 2679 ac
1091 2649 1223 2686 quidquid
1249 2648 1395 2677 dixissent.
1416 2649 1516 2674 eventu
1547 2644 1606 2680 ipso
1635 2641 1707 2671 haud
1735 2640 1818 2669 dubie

1031 2695 1271 2731 comprobabatur.

1070 2786 1107 2819 (ι)
1119 2785 1187 2812 Cod.
1204 2792 1260 2817 reg.
1276 2783 1338 2819 add,
1357 2783 1535 2817 γεωμετρεῖν.

1069 2818 1107 2854 (5i
1124 2821 1200 2848 Colb.
1215 2820 1231 2846 5
1248 2818 1382 2853 γενέσθαι.
