2046 3131
178 229 248 258 1025

583 225 629 253 AD
649 225 677 253 S.
692 223 858 253 GREGORH
878 220 982 251 ORAT.
1005 220 1014 247 i
1029 221 1170 250 CONTRA
1185 221 1360 250 JULIANU“

1731 227 1740 254 i
1747 227 1798 253 0‘26

178 286 287 315 Σικελία
304 285 396 322 πηγὴν
409 285 504 317 ὓδατος
523 284 685 321 Ἀρέθουσαν
695 284 765 311 οὕτω
781 282 961 317 καλουμένην·

1017 287 1107 311 amore
1119 286 1230 316 captum
1245 281 1331 311 fuisse
1354 281 1486 317 Alpheum
1507 290 1614 311 amnem
1632 282 1799 312 fabulantur.

176 331 210 370 ἧς
226 332 375 369 ἐρασθῆναι
387 331 433 358 τὸν
456 331 577 366 Ἀλφειὸν
593 331 713 365 ποταμὸν
728 329 882 365 μυθεύουσι·
894 328 923 354 τὸ
934 327 963 354 δὲ

178 380 248 416 ὕδωρ
261 380 312 414 τῆς
329 377 501 414 Ἀρεθούσης,
517 377 666 413 ἀκραιφνές
678 385 707 402 τε
721 376 768 402 καὶ
781 375 901 411 καθαρὸν
917 375 964 401 καὶ

177 425 275 460 γλυκύ.
293 425 374 459 Λέγει
388 422 435 451 οὖν
448 424 463 449 6
477 423 548 455 θεῖος
563 422 722 458 Γρηγόριος.
734 423 774 449 ὅτι
790 421 884 456 ὥσπερ
894 420 964 448 ἔνιαι

178 471 264 508 χῶραι
289 471 336 497 καὶ
353 469 444 500 πόλεις
469 468 546 503 ἔσχον
566 477 592 494 τι
609 468 668 494 κατ’
695 467 833 502 ἐξαίρετον
855 467 962 501 ιδιωμα,

177 516 247 543 οὕτω
261 515 291 542 τὺ
303 515 391 550 δόγμα
403 514 456 540 τῶν
468 512 639 549 Χριστιανῶν
660 511 748 539 πάντα
766 511 864 542 ταῦτα,
878 511 964 547 ὀρφα-

177 564 334 598 νοτροφετα,
352 561 479 594 ξενῶνας,
495 561 666 595 νοσοκομεῖα,
686 559 900 594 πτωχοτροφεῖα,
916 558 964 584 καὶ

131 629 134 631 -
178 609 265 636 πάντα
277 609 312 635 τὰ
324 607 435 634 τοιαῦτα
448 606 547 641 ἀγαθά.

245 658 291 681 οε¹.
311 653 382 688 Περὶ
401 653 455 686 τῆς
468 653 521 680 τοῦ
537 651 697 684 Πλάτωνος
709 650 876 683 Πολιτείας.

211 701 325 729 Πλάτων
347 700 361 726 ὁ
388 699 532 733 φιλόσοφος
559 697 747 734 συνεγράψατο
768 696 927 731 σύνταγμα,
949 695 964 721 ὃ

177 746 335 774 Πολιτείαν
360 745 524 780 ἐπέγραψεν.
556 745 600 770 Ἐν
621 744 709 779 τούτῳ
729 743 769 779 τῷ
796 743 964 778 συντάγματι

178 793 263 828 λέγει,
280 792 374 819 ὁποίαν
391 792 432 817 δεῖ
448 790 573 826 γενέσθαι
596 790 684 822 πόλιν,
700 791 747 816 καὶ
766 790 798 816 ὲκ
815 789 899 815 ποίων
917 789 964 815 ἀν-

177 837 248 874 δρῶν
262 837 455 872 συγκειμένην,
471 837 519 863 καὶ
539 837 625 868 ποίοις
646 835 718 862 ἔθεσι
742 831 896 869 καινόμοις
917 843 965 860 ποε-

177 883 362 920 λιτευομένην.
379 882 452 917 Αὕτη
467 882 494 909 δὲ
509 882 609 917 αὺτῷἡ
624 882 710 914 πόλις,
725 881 797 916 λόγῳ
813 880 886 916 μόνῳ
901 888 964 906 συν-

178 930 257 965 έστηυ
270 929 344 965 ἔργῳ
356 929 394 960 δὲ,
408 928 469 955 οὔτε
484 929 608 963 συνέστη,
623 927 685 954 οὔτε
700 926 902 953 ἐπολιτεύσατο.
921 926 964 952 Ἐν

1016 325 1102 354 Porro
1129 326 1212 354 fontis
1233 327 1307 355 illius
1331 335 1402 362 aqua
1424 335 1491 363 pura
1508 332 1550 355 est
1567 333 1593 355 et
1612 329 1733 364 limpida,
1750 331 1802 356 mi-

1016 379 1108 407 rmquc
1126 372 1279 400 suavitatis.
1296 372 1341 400 Ait
1357 381 1421 408 ergo
1436 372 1603 409 Gregorius:
1619 374 1805 407 Quemadmo-

1016 417 1080 447 dum
1103 418 1243 445 nonnullm
1263 419 1399 453 regiones.
1415 419 1498 446 urbes
1516 424 1543 446 et
1563 420 1638 447 cives
1661 421 1800 455 proprium

1017 468 1098 498 atque
1113 464 1243 491 eximium
1259 465 1368 499 aliquod
1383 464 1467 492 decus
1485 465 1585 492 habent
1601 475 1608 492 :
1624 466 1664 493 sic
1677 465 1802 493 doctrina

1016 510 1173 538 Christiana
1196 511 1252 538 haec
1275 511 1378 544 omnia,
1396 511 1581 546 orphanorum
1611 517 1692 546 atque
1711 517 1802 540 extra-

1017 563 1130 582 neorum
1147 555 1296 588 domicilia,
1310 556 1517 588 valetudinaria,
1533 564 1565 583 nc
1584 557 1642 583 loca
1659 557 1686 584 in
1703 558 1802 591 quibus

1017 609 1152 636 pauperes
1167 603 1287 632 alantur.
1304 608 1387 637 atque
1401 603 1494 630 omnia
1510 603 1667 637 hujusmodi
1684 604 1766 631 bona.

1205 648 1248 676 75.
1271 648 1308 675 Ds
1323 648 1444 676 Platonis
1460 648 1613 682 Republica.

1052 693 1237 729 Philosophus
1263 694 1342 721 Plato
1372 702 1441 730 opus
1463 696 1638 729 composuit,
1668 695 1741 730 quod
1766 694 1803 722 De

1014 738 1159 773 Republica
1175 740 1325 774 inscripsit.
1343 741 1371 767 In
1387 748 1419 767 eo
1435 740 1515 767 docet
1535 741 1643 775 qualem
1659 748 1721 768 esse
1738 741 1792 768 civi

1018 789 1112 816 tatem.
1126 781 1238 820 'quoque
1254 794 1287 812 ex
1303 786 1442 813 hominum
1462 794 1576 812 numero
1593 791 1730 818 constare,
1746 792 1803 814 tum

1018 832 1118 867 quibus
1149 833 1273 860 moribus
1304 833 1464 867 legibusque
1490 833 1634 867 gubernari
1666 837 1802 868 oporteat.

1018 877 1081 905 Hatc
1095 886 1177 913 porro
1188 878 1286 906 civitas
1301 886 1426 906 sermone
1441 879 1500 906 solo
1516 879 1550 906 ab
1567 886 1599 905 eo
1614 883 1803 914 coagmentata

1017 928 1060 951 est
1073 933 1080 950 :
1098 932 1127 951 re
1141 925 1199 959 ipsa
1216 928 1306 952 autem
1323 932 1374 950 nec
1386 928 1555 955 constructa,
1574 932 1625 951 nec
1640 925 1802 959 gubernata.

178 962 273 1009 ἐκείνῳ
286 962 338 1001 ὀὖν
359 973 399 1008 τῷ
425 962 596 1008 συντάγματι
617 972 695 998 τοῦτο
716 971 746 998 τὺ
772 971 902 1007 ρησίδιον,
923 971 965 997 ὅτι

1019 969 1046 996 in
1062 970 1112 997 hoc
1132 970 1270 998 volumine
1284 970 1327 997 his
1344 970 1436 998 verbis
1463 971 1550 997 utitur
1567 980 1573 997 :
1589 969 1739 1004 Fingamus
1763 970 1802 1005 (4)

183 1017 405 1044 Ὕποκείσθωσαν
428 1018 493 1053 ἡμῖν
510 1017 534 1043 oi
557 1017 663 1043 πολῖται
685 1016 750 1043 τάδε
766 1016 964 1051 φθεγγόμενοι,

178 1064 211 1091 ἶν’
226 1063 326 1099 ἴδωμεν
343 1063 432 1090 αὐτῶν
447 1062 612 1098 κινουμένην
626 1062 676 1098 τὴν
692 1062 823 1089 ἐπίνοιαν,

265 1154 320 1184 οε¹.
333 1150 402 1185 Περὶ
417 1149 472 1184 τῆς
484 1150 537 1177 τοῦ
557 1149 692 1177 Ἠσιόδου
706 1149 874 1184 Θεογονίας.

217 1197 339 1229 Ἠσίοδος
353 1195 393 1229 εἷς
406 1198 464 1224 ἐστι
474 1196 529 1223 τῶν
541 1195 670 1231 ποιητῶν·
687 1191 716 1222 οὗ
729 1195 894 1231 πράττονται
903 1194 966 1230 τρία

178 1246 334 1280 ποιήματαν
354 1245 371 1279 ἡ
394 1243 547 1278 καλουμένη
574 1242 732 1277 Θεογονία,
751 1241 786 1268 τὰ
812 1241 966 1276 καλούμενα

180 1291 268 1325 Ἔργα
275 1289 325 1317 καὶ
339 1289 454 1325 ἡμέραι,
466 1289 514 1316 καὶ
526 1291 543 1324 ἡ
560 1288 714 1323 καλουμένη
736 1288 852 1320 Ἀσπίς.
874 1287 918 1313 'Ev
932 1288 965 1322 τῇ

179 1334 223 1363 οὖν
235 1335 389 1371 καλουμένῃ
411 1335 553 1370 Θεογονίᾳ
567 1336 580 1361 6
600 1334 768 1368 Ἡσίοδοςῌ)
784 1333 896 1368 ἄρχεται
926 1333 965 1367 (2)

179 1381 405 1418 καταριθμεῖσθαι
421 1381 471 1413 τὰς
494 1382 616 1416 γενέσεις
632 1380 687 1406 τῶν
707 1379 787 1406 θεῶν’
810 1379 850 1405 ὅτι
871 1379 903 1405 ὲκ
919 1378 966 1406 τοῦ

179 1429 260 1464 χάους
289 1429 337 1456 καὶ
362 1429 394 1455 ἐκ
418 1427 465 1454 τοῦ
492 1427 600 1463 αἰθέρος
626 1427 760 1461 ἐγεννήθη
785 1427 800 1453 6
823 1426 908 1453 δεῖνα·
934 1427 966 1453 ἐκ

176 1475 205 1501 δὲ
227 1474 275 1502 τοῦ
294 1474 409 1512 οὐρανοῦ
428 1474 475 1501 καὶ
499 1475 548 1509 τῆς
562 1474 624 1509 γῆς,
647 1474 661 1500 6
680 1473 797 1509 Κρόνος·
815 1474 848 1499 ὲκ
868 1473 897 1499 δὲ
918 1471 965 1498 τοῦ

179 1521 294 1558 Κρόνου,
316 1523 330 1549 6
356 1521 433 1554 Ζεὺς,
456 1522 471 1547 ὁ
484 1519 630 1552 Ποσειδὼν,
645 1521 658 1546 6
675 1520 811 1546 Πλούτων.
833 1517 900 1546 Εἶτα
919 1527 967 1546 κα-

176 1567 291 1602 ταφέρει
325 1566 417 1603 σειρὰς
438 1566 524 1600 γενῶν
553 1566 599 1592 καὶ
630 1565 698 1592 θεῶν
720 1565 884 1601 καινοτέρων
910 1565 967 1591 6V6-

180 1619 270 1647 ματα’
284 1612 331 1638 καὶ
346 1612 387 1638 ὅτι
400 1611 453 1638 οἵδε
474 1612 498 1638 οἱ
513 1611 580 1644 θεοὶ,
598 1611 667 1646 μετὰ
680 1611 762 1638 τῶνδε
780 1611 964 1647 ἐπολέμησαν·

178 1658 223 1684 καὶ
237 1658 291 1684 οἵδε
306 1657 446 1693 ἐνίκησαν,
464 1657 518 1684 οἵδε
532 1657 697 1693 ἡττήθησαν,
719 1658 766 1684 καὶ
783 1657 836 1684 οἵδε
854 1657 967 1684 διεσπά-

178 1703 263 1738 ραξαν
283 1704 358 1730 τόνδε
373 1703 390 1739 ἢ
407 1703 491 1730 τόνδε.
511 1704 542 1731 οι
566 1703 620 1740 γὰρ
639 1704 753 1736 Τιτᾶνες
769 1703 892 1738 λέγονται
910 1704 966 1731 δια-

178 1750 317 1785 σπαράξαι
326 1750 371 1776 τὸν
382 1750 518 1777 Διόνυσον.
534 1750 575 1776 Τὰ
582 1750 609 1776 δὲ
621 1750 742 1785 ὀνόματα
753 1751 848 1781 ταῦτα,
862 1749 880 1777 ἃ.
893 1751 966 1785 λέγει

178 1795 293 1823 ἐνταῦθα
311 1796 326 1822 6
346 1796 512 1832 Γρηγόριος,
537 1793 591 1823 οἷον
612 1796 708 1823 Κῶτον
733 1797 781 1823 καὶ
803 1796 937 1832 Βριάρεω,
953 1798 967 1823 6

183 1842 305 1873 Ἠσίοδος
319 1842 393 1876 λέγει
408 1841 533 1876 γενέσθαι
547 1842 621 1873 τινὰς
634 1842 793 1878 ἀνθρώπους
806 1843 860 1869 ἀπὸ
870 1842 966 1869 ἑκατὸν

177 1888 278 1924 χειρῶν
292 1889 420 1924 ἔχοντας,
437 1888 535 1920 οἵτινες
554 1888 623 1923 μετὰ
638 1888 692 1915 τῶν
711 1888 780 1915 θεῶν
794 1889 966 1925 ἐπολέμησαν

177 1934 240 1966 τοὺς
253 1935 380 1966 Τιτᾶνας.
401 1935 432 1961 Oi
447 1935 500 1970 γὰρ
517 1935 630 1966 Τιτᾶνες
649 1934 810 1969 μυθεύονται
827 1935 897 1962 κατὰ
912 1935 966 1961 τῶν

177 1980 248 2006 θεῶν
271 1980 466 2016 ἑπαναστῆναι,
488 1980 541 2012 ἕως
564 1977 594 2006 οὗ
617 1980 804 2016 ἐκεραύνωσεν
831 1981 930 2012 αὐτοὺς
953 1982 967 2007 6

178 2025 254 2056 Ζεύς.
276 2025 393 2061 Ὁμοίως
405 2025 432 2052 δὲ
446 2026 492 2052 καὶ
503 2025 631 2061 περὶτῶν
644 2026 864 2062 δρακοντοπόδων
879 2026 967 2053 Ἡσίο-

177 2070 222 2102 δος
243 2071 335 2105 λέγει,
355 2071 396 2098 ὅτι
422 2071 606 2107 ἐγεννήθησαν
629 2072 767 2108 ἄνθρωποι
785 2073 965 2107 δρακοντὸπο-

177 2117 231 2149 δες.
257 2118 484 2154 Κεραυνοφόρους
510 2118 539 2145 δὲ
558 2119 630 2153 Λέγει
660 2119 708 2146 νῦν
729 2119 817 2152 θεοὺς,
849 2120 966 2155 suum

178 2163 223 2190 τὸν
244 2164 311 2197 Δία,
335 2164 374 2195 ὡς
395 2165 528 2200 κεραυνὸν
553 2165 694 2199 ὲπαφέντα
725 2167 780 2197 τοῖς
798 2166 921 2200 Γίγασιν,
948 2167 964 2202 ἢ

178 2208 319 2244 Στεροπὴν
345 2209 383 2245 (5)
405 2209 422 2246 ἢ
451 2210 569 2246 Βρόντην
597 2211 661 2242 τοὺς
689 2210 893 2246 χαλκεύσαντας
926 2212 965 2247 τῷ

179 2255 221 2282 Διὶ
239 2255 353 2291 βροντὴν
367 2257 413 2283 καὶ
427 2256 476 2292 τὴν
490 2257 643 2292 ἀστραπὴν,
659 2258 705 2284 καὶ
717 2259 780 2290 τοὺς
797 2259 946 2294 κεραυνούς
956 2266 962 2272 '

180 2301 278 2336 νήσους
298 2301 326 2327 δὲ
351 2302 398 2327 καὶ
417 2302 480 2337 βέλη
503 2302 550 2329 καὶ
576 2302 678 2337 τάφους
699 2303 774 2337 λέγει
800 2304 964 2337 ὲπαφεῖσθαι

181 2349 236 2378 τοῖς
258 2347 355 2381 Γίγασι
386 2347 461 2383 παρὰ
481 2348 534 2374 τῶν
564 2348 642 2375 θεῶν.
678 2348 770 2375 Ταῦτα
801 2348 847 2376 οὖν
881 2350 964 2385 μυθο-

181 2393 263 2428 λογεϊ.
276 2393 317 2420 Τὰ
328 2394 355 2420 δὲ
371 2394 457 2430 πικρὰ
475 2395 576 2421 τούτων
600 2396 757 2430 γεννήματα
780 2395 868 2431 λέγει,
885 2397 925 2423 ὅτι
937 2397 970 2423 ἐκ

181 2439 228 2466 τοῦ
241 2440 356 2476 αἵματος
368 2440 421 2468 τῶν
430 2441 568 2474 Γιγάντων
583 2441 668 2468 ταῦτα
681 2442 715 2469 τὰ
726 2441 901 2478 θανατηφόρα
913 2442 970 2475 ζῶα

182 2485 335 2519 γεγόνασιν,
343 2485 360 2511 ἃ
371 2486 452 2517 αὐτὸς
467 2486 686 2521 καταριθμεῖται,
697 2485 752 2514 οἷον
761 2488 809 2523 τὴν
820 2488 969 2523 Χίμαιραν,

181 2529 225 2556 τὸν
236 2529 386 2565 Κέρϐερον,
397 2531 460 2566 περὶ
468 2527 505 2556 ὦν
518 2531 668 2564 φθάσαντες
680 2531 803 2566 εἴπομεν.
818 2531 854 2558 Τὸ
867 2531 896 2557 δὲ
904 2532 970 2567 περὶ

182 2574 229 2606 τὰς
239 2574 383 2611 Γοργόνας,
396 2575 514 2601 τοιοῦτόν
525 2585 550 2602 τι
568 2574 610 2610 ἦν’
628 2576 668 2602 ὅτι
677 2577 750 2612 τρεῖς
758 2574 829 2612 ἦσαν
841 2578 968 2612 γυναῖκες

183 2620 284 2655 φοϐερὰ
295 2621 420 2647 τοσοῦτον
435 2620 543 2655 ἔχουσαι
555 2621 590 2647 τὰ
601 2621 742 2656 πρόσωπα,
750 2622 819 2649 ὥστε
830 2623 892 2654 τοὺς
903 2623 969 2650 θεω·

184 2666 280 2701 μένους
289 2666 374 2697 αὑτὰς
386 2666 542 2702 παραυτίκα
552 2667 732 2702 ἀποθνήσκειν
740 2667 865 2702 ,Λέγεται
876 2669 914 2700 δὲ,
928 2670 968 2695 i'm

182 2713 196 2738 6
208 2713 327 2748 Περσεὺς
341 2713 389 2748 τὴν
406 2713 471 2748 μίαν
484 2712 586 2739 τούτων
597 2713 685 2740 ἀνεῖλε
698 2712 737 2747 τῷ
749 2713 967 2751 λογχοδρεπάνῳ.

1017 1016 1090 1044 cives
1106 1016 1262 1050 hujusmodi
1280 1018 1432 1043 orationem
1450 1016 1561 1048 habere,
1580 1020 1608 1043 ut
1624 1023 1719 1043 eorum
1735 1024 1804 1043 con-

1017 1063 1110 1090 silium
1140 1063 1280 1098 animique
1305 1062 1444 1090 solertiam
1469 1070 1523 1089 non
1545 1063 1659 1089 inertem
1685 1070 1716 1089 ac
1735 1070 1802 1090 mor-

1016 1113 1101 1142 tuam,
1119 1108 1167 1136 sed
1180 1108 1268 1135 vivam
1293 1113 1424 1142 motuque
1441 1108 1581 1135 incitatam
1600 1107 1750 1135 videamus.

1199 1153 1243 1180 7B.
1268 1153 1306 1180 De
1324 1153 1436 1180 Hesiodi
1455 1154 1615 1187 T/Ieogonia.

1051 1199 1163 1227 Hesiodi
1178 1204 1303 1235 poemata
1323 1200 1375 1226 tria
1397 1204 1517 1230 exstant,
1535 1200 1696 1235 Tlteogonia,
1717 1201 1803 1236 Opera

1015 1250 1040 1272 et
1056 1245 1122 1276 dies,
1137 1250 1164 1272 et
1182 1245 1293 1272 Sculum
1315 1245 1447 1271 Herculis.
1471 1244 1500 1272 in
1517 1245 1668 1280 Tlteogonia
1690 1247 1802 1274 deorum

1017 1296 1095 1318 ortus
1110 1299 1271 1318 enumerare
1287 1291 1395 1326 incipit,
1412 1291 1540 1318 nimirum
1555 1291 1627 1326 quod
1643 1300 1674 1319 ex
1690 1293 1760 1319 chao
1776 1297 1804 1320 et

1016 1337 1117 1364 tethere
1133 1341 1214 1364 natus
1229 1337 1266 1364 sit
1281 1337 1336 1368 ille,
1350 1345 1382 1364 ex
1398 1337 1469 1364 cmlo
1481 1341 1508 1364 et
1519 1341 1593 1364 terra
1607 1338 1756 1372 Saturnus,
1771 1347 1804 1367 ex

1017 1382 1138 1409 Saturno
1149 1382 1267 1417 Jupiter.
1287 1381 1431 1417 Neptunus
1455 1386 1482 1409 et
1509 1382 1600 1410 Pluto.
1617 1383 1716 1411 Postea
1731 1389 1805 1412 cata

1017 1435 1079 1454 nam
1106 1427 1253 1462 quamdam
1284 1435 1415 1462 generum
1441 1427 1610 1463 deorumque
1639 1430 1807 1457 recentioris

1017 1474 1138 1501 nominis
1152 1474 1263 1500 deducit
1279 1483 1286 1501 :
1300 1477 1449 1508 narretque
1466 1474 1695 1508 quemadmodum
1711 1475 1739 1502 hi
1765 1476 1805 1502 dii

1017 1527 1079 1547 cum
1099 1519 1153 1546 illis
1173 1519 1343 1551 dimicarint,
1361 1523 1443 1553 atque
1464 1519 1490 1546 hi
1512 1519 1589 1546 illum
1608 1525 1654 1547 aut
1669 1521 1730 1548 illos
1747 1521 1806 1548 dis-

1017 1567 1179 1601 cerpserint.
1207 1565 1319 1593 Titanes
1343 1566 1416 1593 enim
1433 1565 1570 1593 Bacchum
1592 1567 1742 1595 dilaniasse
1763 1568 1805 1595 i'e-

1018 1616 1127 1639 runtur.
1149 1611 1211 1639 Haec
1227 1619 1310 1646 porro
1333 1612 1445 1639 nomina
1466 1621 1526 1648 quae
1547 1613 1600 1640 hoc
1624 1613 1684 1640 loco
1703 1613 1806 1648 profert

1017 1657 1175 1692 Gregorius,
1200 1658 1275 1684 velut
1300 1657 1409 1685 Cottum
1434 1662 1462 1686 et
1487 1658 1641 1692 Briareum,
1670 1658 1807 1687 Hesiodus

1016 1705 1142 1732 homines
1154 1704 1286 1739 quosdam
1298 1705 1470 1733 ceutimanos
1482 1705 1569 1733 fuisse
1577 1706 1654 1739 dicit,
1665 1708 1711 1741 qui
1724 1707 1806 1734 simul

1016 1758 1079 1778 cum
1095 1751 1148 1778 diis
1162 1750 1294 1777 adversus
1312 1751 1436 1785 gigantes
1458 1751 1560 1778 bellum
1577 1757 1731 1787 gesserunt.
1749 1752 1807 1780 llos

1017 1797 1090 1824 enim
1113 1795 1249 1823 adversus
1270 1796 1337 1823 deos
1362 1797 1546 1824 insurrexisse
1567 1798 1682 1832 lingunt.
1699 1799 1806 1832 quoad-

1018 1850 1105 1877 usque
1122 1842 1230 1869 tandem
1246 1841 1322 1869 Jovis
1339 1841 1453 1870 fulmine
1475 1843 1600 1877 oppressi
1619 1847 1692 1870 sunt.
1709 1844 1807 1871 Consi—

1018 1890 1075 1916 mili
1089 1897 1199 1924 quoque
1216 1888 1298 1916 modo
1312 1889 1435 1916 homines
1451 1889 1583 1924 quosdam
1599 1891 1739 1917 exstitisse
1756 1891 1805 1922 ait,

1017 1935 1065 1971 qui
1077 1935 1228 1963 draconum
1248 1935 1331 1970 pedes
1349 1935 1491 1962 haberent.
1506 1934 1697 1963 Fulminifcros
1714 1939 1805 1962 autem

1017 1983 1084 2010 deos
1106 1985 1197 2013 vocat.
1215 1981 1258 2008 vel
1281 1980 1374 2008 Jovem
1395 1981 1497 2016 ipsum.
1524 1985 1554 2008 ut
1577 1982 1622 2017 qui
1648 1982 1805 2017 gigantibus

1018 2027 1121 2055 fulmen
1144 2027 1300 2058 immiserit.
1317 2027 1358 2054 vel
1373 2028 1454 2054 etiam
1474 2027 1606 2062 Steropen
1624 2032 1650 2055 et
1670 2027 1802 2058 Bronten.

1017 2075 1064 2110 qui
1083 2074 1188 2102 tonitru
1212 2078 1240 2101 et
1263 2073 1354 2108 fulgur
1370 2073 1430 2100 Jovi
1455 2073 1580 2101 fabricati
1603 2077 1676 2101 sunt.
1694 2073 1803 2100 insulas

1018 2128 1099 2156 porro
1112 2124 1170 2147 tum
1183 2127 1231 2154 pro
1244 2119 1353 2154 sagittis
1364 2123 1421 2146 tum
1437 2127 1488 2154 pro
1501 2119 1636 2154 sepulcris
1648 2119 1804 2154 gigantibus

1017 2167 1156 2194 immissas
1173 2173 1188 2193 a
1205 2165 1259 2192 diis
1275 2165 1361 2192 fuisse
1382 2165 1523 2200 conﬁngit.
1551 2165 1650 2192 Acerbi
1667 2169 1758 2192 autem
1779 2168 1807 2192 et

1017 2212 1178 2240 amarulenti
1189 2211 1319 2244 fctus.qui
1333 2219 1363 2238 ex
1378 2211 1517 2246 gigantum
1528 2218 1625 2238 cruore
1634 2210 1806 2245 prodierunt.

1018 2258 1157 2286 mortifera
1185 2258 1242 2285 haec
1268 2257 1419 2284 animantia
1437 2256 1621 2288 exstiterunt,
1648 2257 1723 2284 velut
1746 2263 1807 2291 qua:

1018 2307 1077 2341 ipse
1090 2309 1244 2339 enumerat,
1264 2303 1379 2339 hydram
1403 2310 1501 2337 nempe
1516 2303 1589 2337 (quae
1606 2303 1745 2337 centiceps
1761 2303 1808 2330 ille

1019 2359 1132 2384 serpens
1152 2354 1221 2383 erat,
1243 2357 1324 2385 quem
1349 2349 1482 2376 iiercuies
1507 2348 1667 2379 interfecit),
1693 2349 1808 2376 chimre-

1019 2405 1088 2428 ram,
1102 2405 1194 2432 quam,
1211 2404 1274 2423 cum
1295 2396 1328 2422 de
1344 2403 1375 2423 ea
1394 2395 1471 2430 prius
1487 2395 1569 2422 verba
1591 2395 1754 2426 faceremus,
1771 2395 1806 2421 ab

1018 2444 1158 2471 anteriore
1173 2447 1251 2478 parte
1264 2443 1382 2472 leonem.
1398 2449 1412 2468 a
1433 2441 1585 2476 posteriore
1599 2441 1757 2473 draconem,
1775 2448 1808 2467 ac

1019 2490 1109 2518 medio
1128 2497 1242 2523 corpore
1260 2488 1418 2515 chimaeram
1432 2487 1520 2522 ignem
1539 2486 1666 2514 faucibus
1680 2494 1808 2513 evomen-

1018 2540 1072 2563 tem
1093 2526 1154 2563 esse
1176 2534 1313 2565 diximus,
1330 2541 1344 2560 a
1366 2533 1577 2568 Bellerophonte
1597 2539 1756 2567 oppressam
1778 2537 1807 2559 et

1018 2581 1190 2609 exstinctam.
1208 2580 1448 2613 Consimiliterque
1466 2580 1499 2605 de
1514 2578 1633 2606 Cerbero
1649 2586 1803 2606 sermonem

1018 2627 1177 2657 habuimus,
1200 2625 1330 2652 nimirum
1351 2632 1447 2651 canem
1473 2623 1620 2658 tricipitem
1644 2622 1740 2654 fuisse,
1757 2622 1804 2656 qui

1020 2675 1170 2701 inferorum
1189 2677 1282 2709 portas
1297 2671 1391 2698 seditio
1410 2669 1571 2704 custodiret,
1590 2677 1621 2696 ac
1633 2667 1804 2696 descenden-

1019 2724 1060 2746 tes
1087 2717 1196 2752 quidem
1224 2716 1258 2743 ad
1279 2715 1382 2742 inferos
1407 2715 1549 2746 mulceret,
1575 2722 1623 2741 eos
1648 2718 1739 2740 autem
1758 2713 1806 2748 qui

183 2759 331 2788 ascendere
352 2759 532 2797 conabantur.
554 2758 682 2786 dentibus
700 2762 803 2793 peteret
832 2768 863 2788 ac
887 2763 1054 2793 devoraret:
1080 2771 1161 2799 quem
1181 2762 1312 2789 Hercules
1338 2760 1523 2787 obtruncavit.
1549 2758 1627 2792 Quod
1652 2763 1742 2785 autem
1773 2756 1807 2784 ad

183 2803 324 2840 Gorgones
346 2805 452 2836 attinet,
472 2808 529 2832 tres
550 2810 629 2832 erant
645 2805 773 2833 mulieres
792 2808 860 2834 adeo
877 2813 1032 2839 truculento
1054 2815 1136 2845 atque
1162 2809 1287 2836 horribili
1305 2812 1430 2842 aspectu,
1448 2811 1477 2832 ut
1500 2805 1627 2841 quisquis
1645 2813 1691 2832 eus
1717 2805 1808 2832 inluc-

184 2850 274 2883 batur,
304 2851 396 2879 statim
417 2856 568 2879 moreretur
584 2860 590 2877 :
608 2858 726 2886 quarum
754 2859 835 2880 unam
864 2854 958 2882 lancea
976 2864 1025 2884 sua
1040 2855 1157 2883 Perseus
1175 2854 1328 2881 trucidasse
1342 2852 1452 2879 dicitur.

219 2943 257 2977 (i)
273 2943 312 2980 id.
322 2944 459 2980 τερατώδη
472 2945 518 2971 καὶ
536 2944 625 2979 μάχας
639 2944 693 2971 τῶν
708 2944 777 2971 θεῶν
789 2944 933 2980 διηγεῖται.

218 2980 258 3021 ¹(οι)
276 2979 315 3006 Id.
334 2979 395 3006 add.

1057 2947 1096 2982 (δ)
1116 2945 1154 2982 ω.
1178 2945 1353 2982 agnuam.
1406 2980 1416 2982 ,,
1458 2980 1463 2982 _
1494 2922 1511 2942 '

1058 2980 1097 3017 (-i)
1119 2981 1180 3009 liene
1196 2980 1309 3008 Nonnus
1327 2981 1384 3016 ipse
1403 2980 1488 3015 lingit.
