  <div class='ocr_page' id='page_1' title='image "/cluster/home/n/w/nwhite01/storage/ocr_20150623/36/njp.32101013202633/525.png"; bbox 0 0 2046 3131; ppageno 0'>
   <div class='ocr_carea' id='block_1_1' title="bbox 266 220 334 250">
    <p class='ocr_par' dir='ltr' id='par_1_1' title="bbox 266 220 334 250">
     <span class='ocr_line' id='line_1_1' title="bbox 266 220 334 250; baseline -0.059 0"><span class='ocrx_word' id='word_1_1' title='bbox 266 220 334 250; x_wconf 66' lang='grc' dir='ltr'><strong>ιθξἹ</strong></span> 
     </span>
    </p>
   </div>
   <div class='ocr_carea' id='block_1_2' title="bbox 563 314 749 341">
    <p class='ocr_par' dir='ltr' id='par_1_2' title="bbox 563 314 749 341">
     <span class='ocr_line' id='line_1_2' title="bbox 563 314 749 341; baseline 0.005 -1"><span class='ocrx_word' id='word_1_2' title='bbox 563 322 614 341; x_wconf 73' lang='lat' dir='ltr'><strong>sua</strong></span> <span class='ocrx_word' id='word_1_3' title='bbox 635 314 749 341; x_wconf 82' lang='lat' dir='ltr'><strong>cit/mra.</strong></span> 
     </span>
    </p>
   </div>
   <div class='ocr_carea' id='block_1_3' title="bbox 298 356 1053 394">
    <p class='ocr_par' dir='ltr' id='par_1_3' title="bbox 298 356 1053 394">
     <span class='ocr_line' id='line_1_3' title="bbox 298 356 1053 394; baseline 0.004 -9"><span class='ocrx_word' id='word_1_4' title='bbox 298 356 426 393; x_wconf 82' lang='lat' dir='ltr'><strong>Orpheus</strong></span> <span class='ocrx_word' id='word_1_5' title='bbox 439 359 562 387; x_wconf 88' lang='lat' dir='ltr'><strong>musicus</strong></span> <span class='ocrx_word' id='word_1_6' title='bbox 576 363 682 387; x_wconf 86' lang='lat' dir='ltr'><strong>tantum</strong></span> <span class='ocrx_word' id='word_1_7' title='bbox 695 361 830 389; x_wconf 91' lang='lat' dir='ltr'><strong>suavitate</strong></span> <span class='ocrx_word' id='word_1_8' title='bbox 844 366 943 390; x_wconf 87' lang='lat' dir='ltr'><strong>cantus</strong></span> <span class='ocrx_word' id='word_1_9' title='bbox 958 361 1053 394; x_wconf 82' lang='lat' dir='ltr'><strong>valuit,</strong></span> 
     </span>
    </p>
   </div>
   <div class='ocr_carea' id='block_1_4' title="bbox 263 404 1054 442">
    <p class='ocr_par' dir='ltr' id='par_1_4' title="bbox 263 404 1054 442">
     <span class='ocr_line' id='line_1_4' title="bbox 263 404 1054 442; baseline 0.006 -12"><span class='ocrx_word' id='word_1_10' title='bbox 263 408 347 435; x_wconf 71' lang='lat' dir='ltr'><strong>niteo.</strong></span> <span class='ocrx_word' id='word_1_11' title='bbox 369 404 412 432; x_wconf 82' lang='lat' dir='ltr'><strong>vel</strong></span> <span class='ocrx_word' id='word_1_12' title='bbox 428 405 517 440; x_wconf 88' lang='lat' dir='ltr'><strong>magia</strong></span> <span class='ocrx_word' id='word_1_13' title='bbox 533 405 625 440; x_wconf 90' lang='lat' dir='ltr'><strong>potius</strong></span> <span class='ocrx_word' id='word_1_14' title='bbox 644 413 693 433; x_wconf 87' lang='lat' dir='ltr'><strong>sua</strong></span> <span class='ocrx_word' id='word_1_15' title='bbox 707 414 826 441; x_wconf 83' lang='lat' dir='ltr'><strong>quercus</strong></span> <span class='ocrx_word' id='word_1_16' title='bbox 846 408 1054 442; x_wconf 85' lang='lat' dir='ltr'><strong>animantesque</strong></span> 
     </span>
    </p>
   </div>
   <div class='ocr_carea' id='block_1_5' title="bbox 264 450 1054 485">
    <p class='ocr_par' dir='ltr' id='par_1_5' title="bbox 264 450 1054 485">
     <span class='ocr_line' id='line_1_5' title="bbox 264 450 1054 485; baseline 0.006 -10"><span class='ocrx_word' id='word_1_17' title='bbox 264 450 381 476; x_wconf 77' lang='lat' dir='ltr'><strong>rationis</strong></span> <span class='ocrx_word' id='word_1_18' title='bbox 397 454 525 485; x_wconf 73' lang='lat' dir='ltr'><strong>expertes</strong></span> <span class='ocrx_word' id='word_1_19' title='bbox 538 455 621 485; x_wconf 88' lang='lat' dir='ltr'><strong>atque</strong></span> <span class='ocrx_word' id='word_1_20' title='bbox 644 451 713 478; x_wconf 88' lang='lat' dir='ltr'><strong>adeo</strong></span> <span class='ocrx_word' id='word_1_21' title='bbox 728 459 795 478; x_wconf 75' lang='lat' dir='ltr'><strong>saxa</strong></span> <span class='ocrx_word' id='word_1_22' title='bbox 814 456 841 479; x_wconf 85' lang='lat' dir='ltr'><strong>et</strong></span> <span class='ocrx_word' id='word_1_23' title='bbox 859 452 956 480; x_wconf 86' lang='lat' dir='ltr'><strong>ﬂuvios</strong></span> <span class='ocrx_word' id='word_1_24' title='bbox 972 453 1006 480; x_wconf 82' lang='lat' dir='ltr'><strong>ad</strong></span> <span class='ocrx_word' id='word_1_25' title='bbox 1024 461 1054 480; x_wconf 85' lang='lat' dir='ltr'><strong>se</strong></span> 
     </span>
    </p>
   </div>
   <div class='ocr_carea' id='block_1_6' title="bbox 264 494 1054 534">
    <p class='ocr_par' dir='ltr' id='par_1_6' title="bbox 264 494 1054 534">
     <span class='ocr_line' id='line_1_6' title="bbox 264 494 1054 534; baseline 0.005 -13"><span class='ocrx_word' id='word_1_26' title='bbox 264 494 445 527; x_wconf 67' lang='lat' dir='ltr'><strong>pertraheret.</strong></span> <span class='ocrx_word' id='word_1_27' title='bbox 470 495 557 530; x_wconf 87' lang='lat' dir='ltr'><strong>Hujus</strong></span> <span class='ocrx_word' id='word_1_28' title='bbox 578 500 702 531; x_wconf 89' lang='lat' dir='ltr'><strong>poemata</strong></span> <span class='ocrx_word' id='word_1_29' title='bbox 726 497 970 531; x_wconf 84' lang='lat' dir='ltr'><strong>circumferuntur,</strong></span> <span class='ocrx_word' id='word_1_30' title='bbox 993 506 1054 534; x_wconf 70' lang='lat' dir='ltr'><strong>quae</strong></span> 
     </span>
    </p>
   </div>
   <div class='ocr_carea' id='block_1_7' title="bbox 262 541 1054 577">
    <p class='ocr_par' dir='ltr' id='par_1_7' title="bbox 262 541 1054 577">
     <span class='ocr_line' id='line_1_7' title="bbox 262 541 1054 577; baseline 0.005 -10"><span class='ocrx_word' id='word_1_31' title='bbox 262 548 315 576; x_wconf 77' lang='lat' dir='ltr'><strong>pro</strong></span> <span class='ocrx_word' id='word_1_32' title='bbox 328 541 465 576; x_wconf 70' lang='lat' dir='ltr'><strong>theologia</strong></span> <span class='ocrx_word' id='word_1_33' title='bbox 487 543 604 577; x_wconf 80' lang='lat' dir='ltr'><strong>gentiles</strong></span> <span class='ocrx_word' id='word_1_34' title='bbox 633 542 744 569; x_wconf 80' lang='lat' dir='ltr'><strong>habent.</strong></span> <span class='ocrx_word' id='word_1_35' title='bbox 763 541 792 570; x_wconf 88' lang='lat' dir='ltr'><strong>In</strong></span> <span class='ocrx_word' id='word_1_36' title='bbox 812 543 856 570; x_wconf 87' lang='lat' dir='ltr'><strong>his</strong></span> <span class='ocrx_word' id='word_1_37' title='bbox 874 543 988 571; x_wconf 91' lang='lat' dir='ltr'><strong>deorum</strong></span> <span class='ocrx_word' id='word_1_38' title='bbox 1012 552 1054 570; x_wconf 93' lang='lat' dir='ltr'><strong>or-</strong></span> 
     </span>
    </p>
   </div>
   <div class='ocr_carea' id='block_1_8' title="bbox 264 586 1052 625">
    <p class='ocr_par' dir='ltr' id='par_1_8' title="bbox 264 586 1052 625">
     <span class='ocr_line' id='line_1_8' title="bbox 264 586 1052 625; baseline 0.005 -12"><span class='ocrx_word' id='word_1_39' title='bbox 264 586 344 614; x_wconf 91' lang='lat' dir='ltr'><strong>dines</strong></span> <span class='ocrx_word' id='word_1_40' title='bbox 359 587 514 622; x_wconf 80' lang='lat' dir='ltr'><strong>seriemque</strong></span> <span class='ocrx_word' id='word_1_41' title='bbox 529 596 561 615; x_wconf 92' lang='lat' dir='ltr'><strong>ac</strong></span> <span class='ocrx_word' id='word_1_42' title='bbox 573 589 767 616; x_wconf 88' lang='lat' dir='ltr'><strong>nonnullorum</strong></span> <span class='ocrx_word' id='word_1_43' title='bbox 782 589 903 617; x_wconf 79' lang='lat' dir='ltr'><strong>facinora</strong></span> <span class='ocrx_word' id='word_1_44' title='bbox 915 590 1052 625; x_wconf 62' lang='lat' dir='ltr'><strong>quadam.</strong></span> 
     </span>
    </p>
   </div>
   <div class='ocr_carea' id='block_1_9' title="bbox 263 634 1053 670">
    <p class='ocr_par' dir='ltr' id='par_1_9' title="bbox 263 634 1053 670">
     <span class='ocr_line' id='line_1_9' title="bbox 263 634 1053 670; baseline 0.004 -11"><span class='ocrx_word' id='word_1_45' title='bbox 263 640 379 668; x_wconf 61' lang='lat' dir='ltr'><strong>(itaque</strong></span> <span class='ocrx_word' id='word_1_46' title='bbox 408 634 588 667; x_wconf 87' lang='lat' dir='ltr'><strong>quorumdam</strong></span> <span class='ocrx_word' id='word_1_47' title='bbox 615 635 786 662; x_wconf 67' lang='lat' dir='ltr'><strong>czeremoniae</strong></span> <span class='ocrx_word' id='word_1_48' title='bbox 815 639 897 670; x_wconf 89' lang='lat' dir='ltr'><strong>atque</strong></span> <span class='ocrx_word' id='word_1_49' title='bbox 926 635 1053 663; x_wconf 91' lang='lat' dir='ltr'><strong>initiandi</strong></span> 
     </span>
    </p>
   </div>
   <div class='ocr_carea' id='block_1_10' title="bbox 262 678 1054 716">
    <p class='ocr_par' dir='ltr' id='par_1_10' title="bbox 262 678 1054 716">
     <span class='ocr_line' id='line_1_10' title="bbox 262 678 1054 716; baseline 0.006 -12"><span class='ocrx_word' id='word_1_50' title='bbox 262 678 347 709; x_wconf 85' lang='lat' dir='ltr'><strong>ritus,</strong></span> <span class='ocrx_word' id='word_1_51' title='bbox 361 683 389 705; x_wconf 88' lang='lat' dir='ltr'><strong>et</strong></span> <span class='ocrx_word' id='word_1_52' title='bbox 403 679 451 714; x_wconf 87' lang='lat' dir='ltr'><strong>qui</strong></span> <span class='ocrx_word' id='word_1_53' title='bbox 470 687 562 706; x_wconf 88' lang='lat' dir='ltr'><strong>rerum</strong></span> <span class='ocrx_word' id='word_1_54' title='bbox 580 680 735 714; x_wconf 87' lang='lat' dir='ltr'><strong>aliquarum</strong></span> <span class='ocrx_word' id='word_1_55' title='bbox 754 685 882 716; x_wconf 79' lang='lat' dir='ltr'><strong>parentes</strong></span> <span class='ocrx_word' id='word_1_56' title='bbox 895 680 1054 709; x_wconf 71' lang='lat' dir='ltr'><strong>effectores-</strong></span> 
     </span>
    </p>
   </div>
   <div class='ocr_carea' id='block_1_11' title="bbox 263 724 1052 760">
    <p class='ocr_par' dir='ltr' id='par_1_11' title="bbox 263 724 1052 760">
     <span class='ocr_line' id='line_1_11' title="bbox 263 724 1052 760; baseline 0.004 -10"><span class='ocrx_word' id='word_1_57' title='bbox 263 731 317 759; x_wconf 86' lang='lat' dir='ltr'><strong>que</strong></span> <span class='ocrx_word' id='word_1_58' title='bbox 336 724 391 751; x_wconf 82' lang='lat' dir='ltr'><strong>sint</strong></span> <span class='ocrx_word' id='word_1_59' title='bbox 409 730 542 752; x_wconf 87' lang='lat' dir='ltr'><strong>recenset.</strong></span> <span class='ocrx_word' id='word_1_60' title='bbox 571 724 658 758; x_wconf 83' lang='lat' dir='ltr'><strong>Hujus</strong></span> <span class='ocrx_word' id='word_1_61' title='bbox 683 725 767 760; x_wconf 82' lang='lat' dir='ltr'><strong>igitur</strong></span> <span class='ocrx_word' id='word_1_62' title='bbox 791 725 893 760; x_wconf 83' lang='lat' dir='ltr'><strong>Orphei</strong></span> <span class='ocrx_word' id='word_1_63' title='bbox 920 727 1052 754; x_wconf 85' lang='lat' dir='ltr'><strong>nonnulla</strong></span> 
     </span>
    </p>
   </div>
   <div class='ocr_carea' id='block_1_12' title="bbox 262 770 1051 806">
    <p class='ocr_par' dir='ltr' id='par_1_12' title="bbox 262 770 1051 806">
     <span class='ocr_line' id='line_1_12' title="bbox 262 770 1051 806; baseline 0.003 -10"><span class='ocrx_word' id='word_1_64' title='bbox 262 770 390 805; x_wconf 87' lang='lat' dir='ltr'><strong>producit</strong></span> <span class='ocrx_word' id='word_1_65' title='bbox 416 770 567 805; x_wconf 74' lang='lat' dir='ltr'><strong>Gregmius</strong></span> <span class='ocrx_word' id='word_1_66' title='bbox 587 779 649 806; x_wconf 72' lang='lat' dir='ltr'><strong>quae</strong></span> <span class='ocrx_word' id='word_1_67' title='bbox 672 771 706 798; x_wconf 89' lang='lat' dir='ltr'><strong>de</strong></span> <span class='ocrx_word' id='word_1_68' title='bbox 721 770 788 799; x_wconf 91' lang='lat' dir='ltr'><strong>Jove</strong></span> <span class='ocrx_word' id='word_1_69' title='bbox 809 776 837 798; x_wconf 84' lang='lat' dir='ltr'><strong>et</strong></span> <span class='ocrx_word' id='word_1_70' title='bbox 853 772 955 800; x_wconf 87' lang='lat' dir='ltr'><strong>Cerere</strong></span> <span class='ocrx_word' id='word_1_71' title='bbox 975 772 1051 799; x_wconf 86' lang='lat' dir='ltr'><strong>dicta</strong></span> 
     </span>
    </p>
   </div>
   <div class='ocr_carea' id='block_1_13' title="bbox 263 814 1052 853">
    <p class='ocr_par' dir='ltr' id='par_1_13' title="bbox 263 814 1052 853">
     <span class='ocr_line' id='line_1_13' title="bbox 263 814 1052 853; baseline 0.005 -11"><span class='ocrx_word' id='word_1_72' title='bbox 263 819 337 842; x_wconf 88' lang='lat' dir='ltr'><strong>sunt.</strong></span> <span class='ocrx_word' id='word_1_73' title='bbox 351 814 446 842; x_wconf 83' lang='lat' dir='ltr'><strong>Priora</strong></span> <span class='ocrx_word' id='word_1_74' title='bbox 461 817 534 844; x_wconf 90' lang='lat' dir='ltr'><strong>enim</strong></span> <span class='ocrx_word' id='word_1_75' title='bbox 554 816 587 844; x_wconf 85' lang='lat' dir='ltr'><strong>de</strong></span> <span class='ocrx_word' id='word_1_76' title='bbox 604 816 671 844; x_wconf 85' lang='lat' dir='ltr'><strong>Jove</strong></span> <span class='ocrx_word' id='word_1_77' title='bbox 687 817 764 849; x_wconf 81' lang='lat' dir='ltr'><strong>dicit,</strong></span> <span class='ocrx_word' id='word_1_78' title='bbox 781 820 934 853; x_wconf 80' lang='lat' dir='ltr'><strong>posteriora</strong></span> <span class='ocrx_word' id='word_1_79' title='bbox 953 819 987 846; x_wconf 72' lang='lat' dir='ltr'><strong>tle</strong></span> <span class='ocrx_word' id='word_1_80' title='bbox 1001 818 1052 846; x_wconf 86' lang='lat' dir='ltr'><strong>Ce-</strong></span> 
     </span>
    </p>
   </div>
   <div class='ocr_carea' id='block_1_14' title="bbox 263 859 1051 899">
    <p class='ocr_par' dir='ltr' id='par_1_14' title="bbox 263 859 1051 899">
     <span class='ocr_line' id='line_1_14' title="bbox 263 859 1051 899; baseline 0.008 -13"><span class='ocrx_word' id='word_1_81' title='bbox 263 866 333 886; x_wconf 81' lang='lat' dir='ltr'><strong>rere.</strong></span> <span class='ocrx_word' id='word_1_82' title='bbox 359 859 398 887; x_wconf 83' lang='lat' dir='ltr'><strong>Ac</strong></span> <span class='ocrx_word' id='word_1_83' title='bbox 423 868 521 889; x_wconf 86' lang='lat' dir='ltr'><strong>sensus</strong></span> <span class='ocrx_word' id='word_1_84' title='bbox 543 862 652 896; x_wconf 88' lang='lat' dir='ltr'><strong>quidem</strong></span> <span class='ocrx_word' id='word_1_85' title='bbox 678 862 774 890; x_wconf 90' lang='lat' dir='ltr'><strong>horum</strong></span> <span class='ocrx_word' id='word_1_86' title='bbox 800 871 929 891; x_wconf 84' lang='lat' dir='ltr'><strong>versuum</strong></span> <span class='ocrx_word' id='word_1_87' title='bbox 948 865 994 899; x_wconf 88' lang='lat' dir='ltr'><strong>qui</strong></span> <span class='ocrx_word' id='word_1_88' title='bbox 1018 864 1051 892; x_wconf 85' lang='lat' dir='ltr'><strong>ad</strong></span> 
     </span>
    </p>
   </div>
   <div class='ocr_carea' id='block_1_15' title="bbox 263 903 1051 944">
    <p class='ocr_par' dir='ltr' id='par_1_15' title="bbox 263 903 1051 944">
     <span class='ocr_line' id='line_1_15' title="bbox 263 903 1051 944; baseline 0.008 -13"><span class='ocrx_word' id='word_1_89' title='bbox 263 903 358 932; x_wconf 82' lang='lat' dir='ltr'><strong>Jovem</strong></span> <span class='ocrx_word' id='word_1_90' title='bbox 375 911 511 940; x_wconf 80' lang='lat' dir='ltr'><strong>spectant,</strong></span> <span class='ocrx_word' id='word_1_91' title='bbox 522 912 564 935; x_wconf 88' lang='lat' dir='ltr'><strong>est</strong></span> <span class='ocrx_word' id='word_1_92' title='bbox 579 908 641 935; x_wconf 79' lang='lat' dir='ltr'><strong>talis</strong></span> <span class='ocrx_word' id='word_1_93' title='bbox 656 917 663 935; x_wconf 70' lang='grc' dir='ltr'><strong>ι</strong></span> <span class='ocrx_word' id='word_1_94' title='bbox 681 907 703 935; x_wconf 93' lang='grc' dir='ltr'>Ο</span> <span class='ocrx_word' id='word_1_95' title='bbox 716 907 823 943; x_wconf 84' lang='lat' dir='ltr'><strong>Jupiter</strong></span> <span class='ocrx_word' id='word_1_96' title='bbox 837 909 967 944; x_wconf 86' lang='lat' dir='ltr'><strong>gloriose,</strong></span> <span class='ocrx_word' id='word_1_97' title='bbox 984 910 1051 937; x_wconf 79' lang='lat' dir='ltr'><strong>duo-</strong></span> 
     </span>
    </p>
   </div>
   <div class='ocr_carea' id='block_1_16' title="bbox 940 221 1208 251">
    <p class='ocr_par' dir='ltr' id='par_1_16' title="bbox 940 221 1208 251">
     <span class='ocr_line' id='line_1_16' title="bbox 940 221 1208 251; baseline 0 -1"><span class='ocrx_word' id='word_1_98' title='bbox 940 222 1081 251; x_wconf 72' lang='lat' dir='ltr'><strong>NONNUS</strong></span> <span class='ocrx_word' id='word_1_99' title='bbox 1096 221 1208 250; x_wconf 68' lang='lat' dir='ltr'><strong>ABIIAS</strong></span> 
     </span>
    </p>
   </div>
   <div class='ocr_carea' id='block_1_17' title="bbox 265 276 1089 314">
    <p class='ocr_par' dir='ltr' id='par_1_17' title="bbox 265 276 1089 314">
     <span class='ocr_line' id='line_1_17' title="bbox 265 276 1089 314; baseline 0.007 -11"><span class='ocrx_word' id='word_1_100' title='bbox 265 276 309 304; x_wconf 73' lang='grc'><strong>77.</strong></span> <span class='ocrx_word' id='word_1_101' title='bbox 330 277 369 304; x_wconf 66' lang='lat' dir='ltr'><strong>De</strong></span> <span class='ocrx_word' id='word_1_102' title='bbox 383 285 413 305; x_wconf 78' lang='lat' dir='ltr'><strong>eo</strong></span> <span class='ocrx_word' id='word_1_103' title='bbox 426 278 495 313; x_wconf 71' lang='lat' dir='ltr'><strong>quod</strong></span> <span class='ocrx_word' id='word_1_104' title='bbox 508 279 547 306; x_wconf 66' lang='lat' dir='ltr'><strong>ait</strong></span> <span class='ocrx_word' id='word_1_105' title='bbox 558 277 712 314; x_wconf 70' lang='lat' dir='ltr'><strong>Gregorius.</strong></span> <span class='ocrx_word' id='word_1_106' title='bbox 728 279 847 314; x_wconf 69' lang='lat' dir='ltr'><strong>Orpheu</strong></span> <span class='ocrx_word' id='word_1_107' title='bbox 861 285 979 307; x_wconf 70' lang='lat' dir='ltr'><strong>transeat</strong></span> <span class='ocrx_word' id='word_1_108' title='bbox 990 288 1050 307; x_wconf 81' lang='lat' dir='ltr'><strong>cum</strong></span> <span class='ocrx_word' id='word_1_109' title='bbox 1066 282 1089 309; x_wconf 83' lang='grc' dir='ltr'><strong>Λ</strong></span> 
     </span>
    </p>
   </div>
   <div class='ocr_carea' id='block_1_18' title="bbox 1825 220 1891 248">
    <p class='ocr_par' dir='ltr' id='par_1_18' title="bbox 1825 220 1891 248">
     <span class='ocr_line' id='line_1_18' title="bbox 1825 220 1891 248; baseline 0.015 -1"><span class='ocrx_word' id='word_1_110' title='bbox 1825 220 1891 248; x_wconf 70' lang='grc'><strong>1028</strong></span> 
     </span>
    </p>
   </div>
   <div class='ocr_carea' id='block_1_19' title="bbox 1251 276 1752 313">
    <p class='ocr_par' dir='ltr' id='par_1_19' title="bbox 1251 276 1752 313">
     <span class='ocr_line' id='line_1_19' title="bbox 1251 276 1752 313; baseline -0.006 -8"><span class='ocrx_word' id='word_1_111' title='bbox 1251 279 1299 310; x_wconf 52' lang='grc' dir='ltr'><strong>οἵ.</strong></span> <span class='ocrx_word' id='word_1_112' title='bbox 1325 279 1393 313; x_wconf 77' lang='grc' dir='ltr'>Περὶ</span> <span class='ocrx_word' id='word_1_113' title='bbox 1417 277 1540 311; x_wconf 57' lang='grc' dir='ltr'>Ὀρφέως</span> <span class='ocrx_word' id='word_1_114' title='bbox 1555 277 1603 303; x_wconf 75' lang='grc' dir='ltr'>καὶ</span> <span class='ocrx_word' id='word_1_115' title='bbox 1620 276 1752 311; x_wconf 75' lang='grc' dir='ltr'>κιθάρας.</span> 
     </span>
    </p>
   </div>
   <div class='ocr_carea' id='block_1_20' title="bbox 1147 352 1894 392">
    <p class='ocr_par' dir='ltr' id='par_1_20' title="bbox 1147 352 1894 392">
     <span class='ocr_line' id='line_1_20' title="bbox 1147 352 1894 392; baseline -0.004 -9"><span class='ocrx_word' id='word_1_116' title='bbox 1147 357 1261 392; x_wconf 65' lang='grc' dir='ltr'>Ὀρφεὺς</span> <span class='ocrx_word' id='word_1_117' title='bbox 1275 356 1369 389; x_wconf 85' lang='grc' dir='ltr'>γέγονε</span> <span class='ocrx_word' id='word_1_118' title='bbox 1389 354 1528 389; x_wconf 78' lang='grc' dir='ltr'>μουσικὸς,</span> <span class='ocrx_word' id='word_1_119' title='bbox 1542 352 1616 389; x_wconf 76' lang='grc' dir='ltr'>Θρᾲξ</span> <span class='ocrx_word' id='word_1_120' title='bbox 1628 353 1660 379; x_wconf 72' lang='grc' dir='ltr'><strong>τὸ</strong></span> <span class='ocrx_word' id='word_1_121' title='bbox 1671 352 1758 386; x_wconf 81' lang='grc' dir='ltr'>γένος·</span> <span class='ocrx_word' id='word_1_122' title='bbox 1775 352 1804 384; x_wconf 81' lang='grc' dir='ltr'>ὃς</span> <span class='ocrx_word' id='word_1_123' title='bbox 1819 353 1894 388; x_wconf 64' lang='grc' dir='ltr'>λέγε-</span> 
     </span>
    </p>
   </div>
   <div class='ocr_carea' id='block_1_21' title="bbox 1103 397 1894 437">
    <p class='ocr_par' dir='ltr' id='par_1_21' title="bbox 1103 397 1894 437">
     <span class='ocr_line' id='line_1_21' title="bbox 1103 397 1894 437; baseline -0.006 -6"><span class='ocrx_word' id='word_1_124' title='bbox 1103 413 1147 431; x_wconf 84' lang='grc' dir='ltr'><strong>ται</strong></span> <span class='ocrx_word' id='word_1_125' title='bbox 1156 403 1227 430; x_wconf 79' lang='grc' dir='ltr'>οὕτω</span> <span class='ocrx_word' id='word_1_126' title='bbox 1245 401 1388 437; x_wconf 81' lang='grc' dir='ltr'><strong>προσηνῶς</strong></span> <span class='ocrx_word' id='word_1_127' title='bbox 1399 401 1446 427; x_wconf 79' lang='grc' dir='ltr'>καὶ</span> <span class='ocrx_word' id='word_1_128' title='bbox 1455 399 1579 435; x_wconf 71' lang='grc' dir='ltr'>ἐκμελῶς</span> <span class='ocrx_word' id='word_1_129' title='bbox 1596 399 1634 433; x_wconf 86' lang='lat' dir='ltr'><strong>(i)</strong></span> <span class='ocrx_word' id='word_1_130' title='bbox 1651 397 1727 434; x_wconf 74' lang='grc' dir='ltr'>ᾆσαι,</span> <span class='ocrx_word' id='word_1_131' title='bbox 1745 399 1783 430; x_wconf 84' lang='grc' dir='ltr'>ὡς</span> <span class='ocrx_word' id='word_1_132' title='bbox 1794 399 1894 426; x_wconf 75' lang='grc' dir='ltr'>ὲπακτν-</span> 
     </span>
    </p>
   </div>
   <div class='ocr_carea' id='block_1_22' title="bbox 1103 445 1894 484">
    <p class='ocr_par' dir='ltr' id='par_1_22' title="bbox 1103 445 1894 484">
     <span class='ocr_line' id='line_1_22' title="bbox 1103 445 1894 484; baseline -0.006 -8"><span class='ocrx_word' id='word_1_133' title='bbox 1103 450 1207 476; x_wconf 75' lang='grc' dir='ltr'>λουθεῑν</span> <span class='ocrx_word' id='word_1_134' title='bbox 1216 451 1248 484; x_wconf 82' lang='grc' dir='ltr'>τῇ</span> <span class='ocrx_word' id='word_1_135' title='bbox 1259 448 1314 484; x_wconf 81' lang='grc' dir='ltr'><strong>ᾠδῇ</strong></span> <span class='ocrx_word' id='word_1_136' title='bbox 1329 447 1422 479; x_wconf 71' lang='grc' dir='ltr'>αὑτοῦ,</span> <span class='ocrx_word' id='word_1_137' title='bbox 1437 446 1537 482; x_wconf 77' lang='grc' dir='ltr'>μᾶλλον</span> <span class='ocrx_word' id='word_1_138' title='bbox 1546 446 1575 472; x_wconf 81' lang='grc' dir='ltr'>δὲ</span> <span class='ocrx_word' id='word_1_139' title='bbox 1585 447 1617 480; x_wconf 82' lang='grc' dir='ltr'><strong>τῇ</strong></span> <span class='ocrx_word' id='word_1_140' title='bbox 1631 445 1741 480; x_wconf 79' lang='grc' dir='ltr'>μαγείᾳ,</span> <span class='ocrx_word' id='word_1_141' title='bbox 1757 445 1806 476; x_wconf 87' lang='grc' dir='ltr'><strong>τὰς</strong></span> <span class='ocrx_word' id='word_1_142' title='bbox 1818 445 1894 480; x_wconf 78' lang='grc' dir='ltr'>δρῦς.</span> 
     </span>
    </p>
   </div>
   <div class='ocr_carea' id='block_1_23' title="bbox 1104 491 1895 526">
    <p class='ocr_par' dir='ltr' id='par_1_23' title="bbox 1104 491 1895 526">
     <span class='ocr_line' id='line_1_23' title="bbox 1104 491 1895 526; baseline -0.006 -4"><span class='ocrx_word' id='word_1_143' title='bbox 1104 495 1218 522; x_wconf 78' lang='grc' dir='ltr'>καὶτῶν</span> <span class='ocrx_word' id='word_1_144' title='bbox 1239 495 1316 526; x_wconf 79' lang='grc' dir='ltr'>ζώων</span> <span class='ocrx_word' id='word_1_145' title='bbox 1338 494 1372 521; x_wconf 77' lang='grc' dir='ltr'><strong>τὰ.</strong></span> <span class='ocrx_word' id='word_1_146' title='bbox 1385 492 1482 526; x_wconf 80' lang='grc' dir='ltr'>ἄλογα,</span> <span class='ocrx_word' id='word_1_147' title='bbox 1499 492 1547 518; x_wconf 74' lang='grc' dir='ltr'>καὶ</span> <span class='ocrx_word' id='word_1_148' title='bbox 1566 492 1629 522; x_wconf 69' lang='grc' dir='ltr'>τοὺς</span> <span class='ocrx_word' id='word_1_149' title='bbox 1649 491 1750 523; x_wconf 77' lang='grc' dir='ltr'><strong>λίθους,</strong></span> <span class='ocrx_word' id='word_1_150' title='bbox 1769 491 1895 522; x_wconf 75' lang='grc' dir='ltr'>καὶτοὺς</span> 
     </span>
    </p>
   </div>
   <div class='ocr_carea' id='block_1_24' title="bbox 1103 537 1895 577">
    <p class='ocr_par' dir='ltr' id='par_1_24' title="bbox 1103 537 1895 577">
     <span class='ocr_line' id='line_1_24' title="bbox 1103 537 1895 577; baseline -0.008 -8"><span class='ocrx_word' id='word_1_151' title='bbox 1103 542 1252 577; x_wconf 77' lang='grc' dir='ltr'>ποταμούς.</span> <span class='ocrx_word' id='word_1_152' title='bbox 1272 540 1373 567; x_wconf 76' lang='grc' dir='ltr'>Τούτου</span> <span class='ocrx_word' id='word_1_153' title='bbox 1388 539 1417 566; x_wconf 72' lang='grc' dir='ltr'>δὲ</span> <span class='ocrx_word' id='word_1_154' title='bbox 1436 539 1563 574; x_wconf 78' lang='grc' dir='ltr'>φέρονται</span> <span class='ocrx_word' id='word_1_155' title='bbox 1586 538 1736 572; x_wconf 75' lang='grc' dir='ltr'>ποιήματα,</span> <span class='ocrx_word' id='word_1_156' title='bbox 1759 537 1839 564; x_wconf 76' lang='grc' dir='ltr'>ἅτινα</span> <span class='ocrx_word' id='word_1_157' title='bbox 1858 537 1895 568; x_wconf 86' lang='grc' dir='ltr'>ὡς</span> 
     </span>
    </p>
   </div>
   <div class='ocr_carea' id='block_1_25' title="bbox 1104 583 1896 622">
    <p class='ocr_par' dir='ltr' id='par_1_25' title="bbox 1104 583 1896 622">
     <span class='ocr_line' id='line_1_25' title="bbox 1104 583 1896 622; baseline -0.009 -7"><span class='ocrx_word' id='word_1_158' title='bbox 1104 587 1241 622; x_wconf 71' lang='grc' dir='ltr'><strong>θεολογίας</strong></span> <span class='ocrx_word' id='word_1_159' title='bbox 1253 587 1359 622; x_wconf 77' lang='grc' dir='ltr'>ἔχουσιν</span> <span class='ocrx_word' id='word_1_160' title='bbox 1371 585 1510 620; x_wconf 72' lang='grc' dir='ltr'>’⁷1ζλληνες.</span> <span class='ocrx_word' id='word_1_161' title='bbox 1530 583 1574 610; x_wconf 84' lang='grc' dir='ltr'>Ἐν</span> <span class='ocrx_word' id='word_1_162' title='bbox 1586 583 1613 610; x_wconf 77' lang='grc' dir='ltr'>δὲ</span> <span class='ocrx_word' id='word_1_163' title='bbox 1630 583 1734 615; x_wconf 79' lang='grc' dir='ltr'><strong>τούτοις</strong></span> <span class='ocrx_word' id='word_1_164' title='bbox 1748 584 1804 615; x_wconf 82' lang='grc' dir='ltr'>τοῖς</span> <span class='ocrx_word' id='word_1_165' title='bbox 1820 583 1896 617; x_wconf 84' lang='grc' dir='ltr'>ποιή-</span> 
     </span>
    </p>
   </div>
   <div class='ocr_carea' id='block_1_26' title="bbox 1106 629 1894 669">
    <p class='ocr_par' dir='ltr' id='par_1_26' title="bbox 1106 629 1894 669">
     <span class='ocr_line' id='line_1_26' title="bbox 1106 629 1894 669; baseline -0.006 -9"><span class='ocrx_word' id='word_1_166' title='bbox 1106 642 1182 669; x_wconf 83' lang='grc' dir='ltr'>μασι,</span> <span class='ocrx_word' id='word_1_167' title='bbox 1196 633 1240 660; x_wconf 72' lang='grc' dir='ltr'><strong>διὰ</strong></span> <span class='ocrx_word' id='word_1_168' title='bbox 1257 632 1379 668; x_wconf 77' lang='grc' dir='ltr'>μυθικῶν</span> <span class='ocrx_word' id='word_1_169' title='bbox 1392 631 1534 666; x_wconf 71' lang='grc' dir='ltr'>συμϐόλων</span> <span class='ocrx_word' id='word_1_170' title='bbox 1552 629 1591 665; x_wconf 75' lang='lat'><strong>(2)</strong></span> <span class='ocrx_word' id='word_1_171' title='bbox 1609 629 1682 663; x_wconf 75' lang='grc' dir='ltr'>λέγει</span> <span class='ocrx_word' id='word_1_172' title='bbox 1701 629 1750 661; x_wconf 81' lang='grc' dir='ltr'><strong>τὰς</strong></span> <span class='ocrx_word' id='word_1_173' title='bbox 1762 630 1816 656; x_wconf 84' lang='grc' dir='ltr'>τῶν</span> <span class='ocrx_word' id='word_1_174' title='bbox 1827 629 1894 656; x_wconf 85' lang='grc' dir='ltr'>θεῶν</span> 
     </span>
    </p>
   </div>
   <div class='ocr_carea' id='block_1_27' title="bbox 1103 676 1894 713">
    <p class='ocr_par' dir='ltr' id='par_1_27' title="bbox 1103 676 1894 713">
     <span class='ocr_line' id='line_1_27' title="bbox 1103 676 1894 713; baseline -0.006 -6"><span class='ocrx_word' id='word_1_175' title='bbox 1103 680 1193 712; x_wconf 68' lang='grc' dir='ltr'>τάξεις</span> <span class='ocrx_word' id='word_1_176' title='bbox 1217 680 1264 706; x_wconf 81' lang='grc' dir='ltr'>καὶ</span> <span class='ocrx_word' id='word_1_177' title='bbox 1283 678 1392 713; x_wconf 75' lang='grc' dir='ltr'>σειρὰς,</span> <span class='ocrx_word' id='word_1_178' title='bbox 1416 678 1464 704; x_wconf 75' lang='grc' dir='ltr'><strong>καὶ</strong></span> <span class='ocrx_word' id='word_1_179' title='bbox 1482 677 1562 703; x_wconf 83' lang='grc' dir='ltr'>τίνων</span> <span class='ocrx_word' id='word_1_180' title='bbox 1578 677 1640 703; x_wconf 85' lang='grc' dir='ltr'>τίνα</span> <span class='ocrx_word' id='word_1_181' title='bbox 1655 676 1742 712; x_wconf 73' lang='grc' dir='ltr'>ἔργα,</span> <span class='ocrx_word' id='word_1_182' title='bbox 1766 676 1813 702; x_wconf 74' lang='grc' dir='ltr'>καὶ</span> <span class='ocrx_word' id='word_1_183' title='bbox 1831 676 1894 702; x_wconf 81' lang='grc' dir='ltr'>ποῖα</span> 
     </span>
    </p>
   </div>
   <div class='ocr_carea' id='block_1_28' title="bbox 1103 721 1893 759">
    <p class='ocr_par' dir='ltr' id='par_1_28' title="bbox 1103 721 1893 759">
     <span class='ocr_line' id='line_1_28' title="bbox 1103 721 1893 759; baseline -0.008 -6"><span class='ocrx_word' id='word_1_184' title='bbox 1103 727 1183 753; x_wconf 86' lang='grc' dir='ltr'>τίνων</span> <span class='ocrx_word' id='word_1_185' title='bbox 1197 725 1365 759; x_wconf 80' lang='grc' dir='ltr'>τελέσματα,</span> <span class='ocrx_word' id='word_1_186' title='bbox 1383 723 1430 750; x_wconf 78' lang='grc' dir='ltr'>καὶ</span> <span class='ocrx_word' id='word_1_187' title='bbox 1447 723 1520 754; x_wconf 80' lang='grc' dir='ltr'>τινες</span> <span class='ocrx_word' id='word_1_188' title='bbox 1538 723 1618 749; x_wconf 88' lang='grc' dir='ltr'>τίνων</span> <span class='ocrx_word' id='word_1_189' title='bbox 1637 722 1810 757; x_wconf 82' lang='grc' dir='ltr'>δημιουργοί.</span> <span class='ocrx_word' id='word_1_190' title='bbox 1825 721 1893 748; x_wconf 76' lang='grc' dir='ltr'><strong>Τού-</strong></span> 
     </span>
    </p>
   </div>
   <div class='ocr_carea' id='block_1_29' title="bbox 1102 767 1894 806">
    <p class='ocr_par' dir='ltr' id='par_1_29' title="bbox 1102 767 1894 806">
     <span class='ocr_line' id='line_1_29' title="bbox 1102 767 1894 806; baseline -0.008 -7"><span class='ocrx_word' id='word_1_191' title='bbox 1102 781 1149 799; x_wconf 84' lang='grc' dir='ltr'><strong>του</strong></span> <span class='ocrx_word' id='word_1_192' title='bbox 1171 772 1261 798; x_wconf 78' lang='grc' dir='ltr'>τοίνυν</span> <span class='ocrx_word' id='word_1_193' title='bbox 1284 769 1330 797; x_wconf 78' lang='grc' dir='ltr'>τοῦ</span> <span class='ocrx_word' id='word_1_194' title='bbox 1359 769 1482 806; x_wconf 78' lang='grc' dir='ltr'><strong>Ὀρφέως</strong></span> <span class='ocrx_word' id='word_1_195' title='bbox 1507 768 1566 796; x_wconf 74' lang='grc' dir='ltr'>ἔνια</span> <span class='ocrx_word' id='word_1_196' title='bbox 1590 768 1644 804; x_wconf 69' lang='grc' dir='ltr'><strong>ἔπη</strong></span> <span class='ocrx_word' id='word_1_197' title='bbox 1675 767 1858 804; x_wconf 74' lang='grc' dir='ltr'><strong>παρατίθησιν</strong></span> <span class='ocrx_word' id='word_1_198' title='bbox 1879 768 1894 794; x_wconf 82' lang='grc' dir='ltr'><strong>ό</strong></span> 
     </span>
    </p>
   </div>
   <div class='ocr_carea' id='block_1_30' title="bbox 1104 814 1894 853">
    <p class='ocr_par' dir='ltr' id='par_1_30' title="bbox 1104 814 1894 853">
     <span class='ocr_line' id='line_1_30' title="bbox 1104 814 1894 853; baseline -0.006 -8"><span class='ocrx_word' id='word_1_199' title='bbox 1104 818 1174 850; x_wconf 83' lang='grc' dir='ltr'>θεῖος</span> <span class='ocrx_word' id='word_1_200' title='bbox 1192 817 1351 853; x_wconf 79' lang='grc' dir='ltr'>Γρηγόριος,</span> <span class='ocrx_word' id='word_1_201' title='bbox 1371 816 1388 843; x_wconf 74' lang='grc' dir='ltr'>ἃ</span> <span class='ocrx_word' id='word_1_202' title='bbox 1403 817 1456 842; x_wconf 81' lang='grc' dir='ltr'>εἱσι</span> <span class='ocrx_word' id='word_1_203' title='bbox 1476 814 1600 851; x_wconf 71' lang='grc' dir='ltr'>περὶτοῦ</span> <span class='ocrx_word' id='word_1_204' title='bbox 1611 815 1672 846; x_wconf 75' lang='grc' dir='ltr'>Διὸς</span> <span class='ocrx_word' id='word_1_205' title='bbox 1687 814 1830 849; x_wconf 76' lang='grc' dir='ltr'><strong>εἰρημένα,</strong></span> <span class='ocrx_word' id='word_1_206' title='bbox 1848 815 1894 842; x_wconf 78' lang='grc' dir='ltr'>καὶ</span> 
     </span>
    </p>
   </div>
   <div class='ocr_carea' id='block_1_31' title="bbox 1102 859 1893 899">
    <p class='ocr_par' dir='ltr' id='par_1_31' title="bbox 1102 859 1893 899">
     <span class='ocr_line' id='line_1_31' title="bbox 1102 859 1893 899; baseline -0.005 -9"><span class='ocrx_word' id='word_1_207' title='bbox 1102 864 1152 899; x_wconf 81' lang='grc' dir='ltr'>τῆς</span> <span class='ocrx_word' id='word_1_208' title='bbox 1171 864 1324 899; x_wconf 86' lang='grc' dir='ltr'>Δήμητρος.</span> <span class='ocrx_word' id='word_1_209' title='bbox 1344 862 1384 888; x_wconf 78' lang='grc' dir='ltr'><strong>Τὰ</strong></span> <span class='ocrx_word' id='word_1_210' title='bbox 1407 861 1456 897; x_wconf 71' lang='grc' dir='ltr'>μὲν</span> <span class='ocrx_word' id='word_1_211' title='bbox 1476 861 1531 896; x_wconf 78' lang='grc' dir='ltr'>γὰρ</span> <span class='ocrx_word' id='word_1_212' title='bbox 1557 859 1655 896; x_wconf 82' lang='grc' dir='ltr'>πρῶτα</span> <span class='ocrx_word' id='word_1_213' title='bbox 1677 861 1740 895; x_wconf 81' lang='grc' dir='ltr'>περὶ</span> <span class='ocrx_word' id='word_1_214' title='bbox 1764 860 1812 886; x_wconf 80' lang='grc' dir='ltr'>τοῦ</span> <span class='ocrx_word' id='word_1_215' title='bbox 1833 860 1893 891; x_wconf 81' lang='grc' dir='ltr'>Διὸς</span> 
     </span>
    </p>
   </div>
   <div class='ocr_carea' id='block_1_32' title="bbox 1102 907 1893 945">
    <p class='ocr_par' dir='ltr' id='par_1_32' title="bbox 1102 907 1893 945">
     <span class='ocr_line' id='line_1_32' title="bbox 1102 907 1893 945; baseline -0.005 -8"><span class='ocrx_word' id='word_1_216' title='bbox 1102 911 1187 945; x_wconf 80' lang='grc' dir='ltr'>λέγει,</span> <span class='ocrx_word' id='word_1_217' title='bbox 1200 911 1235 937; x_wconf 79' lang='grc' dir='ltr'><strong>τὰ.</strong></span> <span class='ocrx_word' id='word_1_218' title='bbox 1255 910 1283 936; x_wconf 74' lang='grc' dir='ltr'><strong>δι</strong></span> <span class='ocrx_word' id='word_1_219' title='bbox 1298 909 1400 944; x_wconf 79' lang='grc' dir='ltr'>ὕστερα</span> <span class='ocrx_word' id='word_1_220' title='bbox 1415 908 1480 944; x_wconf 72' lang='grc' dir='ltr'>περὶ</span> <span class='ocrx_word' id='word_1_221' title='bbox 1499 908 1548 943; x_wconf 81' lang='grc' dir='ltr'>τῆς</span> <span class='ocrx_word' id='word_1_222' title='bbox 1564 909 1718 943; x_wconf 83' lang='grc' dir='ltr'>Δήμητρος.</span> <span class='ocrx_word' id='word_1_223' title='bbox 1733 907 1788 934; x_wconf 79' lang='grc' dir='ltr'><strong>Καὶ</strong></span> <span class='ocrx_word' id='word_1_224' title='bbox 1804 909 1818 934; x_wconf 93' lang='grc' dir='ltr'><strong>ό</strong></span> <span class='ocrx_word' id='word_1_225' title='bbox 1832 907 1893 938; x_wconf 81' lang='grc' dir='ltr'>νοῦς</span> 
     </span>
    </p>
   </div>
   <div class='ocr_carea' id='block_1_33' title="bbox 263 949 1050 991">
    <p class='ocr_par' dir='ltr' id='par_1_33' title="bbox 263 952 1049 989">
     <span class='ocr_line' id='line_1_33' title="bbox 263 952 1049 989; baseline 0.008 -12"><span class='ocrx_word' id='word_1_226' title='bbox 263 958 323 977; x_wconf 86' lang='lat' dir='ltr'><strong>rum</strong></span> <span class='ocrx_word' id='word_1_227' title='bbox 347 952 469 979; x_wconf 87' lang='lat' dir='ltr'><strong>otnnium</strong></span> <span class='ocrx_word' id='word_1_228' title='bbox 496 953 631 985; x_wconf 82' lang='lat' dir='ltr'><strong>maxime.</strong></span> <span class='ocrx_word' id='word_1_229' title='bbox 649 954 695 989; x_wconf 88' lang='lat' dir='ltr'><strong>qui</strong></span> <span class='ocrx_word' id='word_1_230' title='bbox 718 954 782 981; x_wconf 83' lang='lat' dir='ltr'><strong>fimo</strong></span> <span class='ocrx_word' id='word_1_231' title='bbox 803 955 877 982; x_wconf 90' lang='lat' dir='ltr'><strong>omni</strong></span> <span class='ocrx_word' id='word_1_232' title='bbox 898 956 1049 983; x_wconf 84' lang='lat' dir='ltr'><strong>contineris</strong></span> 
     </span>
    </p>
   </div>
   <div class='ocr_carea' id='block_1_34' title="bbox 1102 949 1892 991">
    <p class='ocr_par' dir='ltr' id='par_1_34' title="bbox 1102 949 1892 991">
     <span class='ocr_line' id='line_1_34' title="bbox 1102 949 1892 991; baseline -0.008 -8"><span class='ocrx_word' id='word_1_233' title='bbox 1102 957 1152 991; x_wconf 74' lang='grc' dir='ltr'>μὲν</span> <span class='ocrx_word' id='word_1_234' title='bbox 1165 956 1219 982; x_wconf 84' lang='grc' dir='ltr'>τῶν</span> <span class='ocrx_word' id='word_1_235' title='bbox 1232 956 1297 990; x_wconf 75' lang='grc' dir='ltr'>περὶ</span> <span class='ocrx_word' id='word_1_236' title='bbox 1309 954 1358 981; x_wconf 76' lang='grc' dir='ltr'><strong>τοῦ</strong></span> <span class='ocrx_word' id='word_1_237' title='bbox 1370 954 1430 985; x_wconf 83' lang='grc' dir='ltr'>Διὸς</span> <span class='ocrx_word' id='word_1_238' title='bbox 1444 953 1527 983; x_wconf 74' lang='grc' dir='ltr'>ἐπῶν,</span> <span class='ocrx_word' id='word_1_239' title='bbox 1541 949 1619 984; x_wconf 70' lang='grc' dir='ltr'>οὗτός</span> <span class='ocrx_word' id='word_1_240' title='bbox 1636 953 1720 978; x_wconf 79' lang='grc' dir='ltr'>ἐστιν·</span> <span class='ocrx_word' id='word_1_241' title='bbox 1738 952 1779 978; x_wconf 83' lang='grc' dir='ltr'>ὅτι</span> <span class='ocrx_word' id='word_1_242' title='bbox 1793 950 1828 978; x_wconf 80' lang='grc' dir='ltr'><strong>Ὦ</strong></span> <span class='ocrx_word' id='word_1_243' title='bbox 1842 951 1892 979; x_wconf 78' lang='grc' dir='ltr'><strong>Ζεῦ</strong></span> 
     </span>
    </p>
   </div>
   <div class='ocr_carea' id='block_1_35' title="bbox 262 997 1047 1034">
    <p class='ocr_par' dir='ltr' id='par_1_35' title="bbox 262 997 1047 1034">
     <span class='ocr_line' id='line_1_35' title="bbox 262 997 1047 1034; baseline 0.006 -12"><span class='ocrx_word' id='word_1_244' title='bbox 262 1000 317 1023; x_wconf 84' lang='lat' dir='ltr'><strong>tam</strong></span> <span class='ocrx_word' id='word_1_245' title='bbox 341 997 446 1029; x_wconf 86' lang='lat' dir='ltr'><strong>ovium,</strong></span> <span class='ocrx_word' id='word_1_246' title='bbox 470 1005 551 1032; x_wconf 91' lang='lat' dir='ltr'><strong>quam</strong></span> <span class='ocrx_word' id='word_1_247' title='bbox 578 1006 723 1033; x_wconf 87' lang='lat' dir='ltr'><strong>equorum.</strong></span> <span class='ocrx_word' id='word_1_248' title='bbox 739 1007 875 1034; x_wconf 86' lang='lat' dir='ltr'><strong>quamque</strong></span> <span class='ocrx_word' id='word_1_249' title='bbox 900 999 1047 1027; x_wconf 91' lang='lat' dir='ltr'><strong>mulorum.</strong></span> 
     </span>
    </p>
   </div>
   <div class='ocr_carea' id='block_1_36' title="bbox 261 1042 1048 1080">
    <p class='ocr_par' dir='ltr' id='par_1_36' title="bbox 261 1042 1048 1080">
     <span class='ocr_line' id='line_1_36' title="bbox 261 1042 1048 1080; baseline 0.005 -11"><span class='ocrx_word' id='word_1_250' title='bbox 261 1042 322 1074; x_wconf 81' lang='lat' dir='ltr'><strong>Quo</strong></span> <span class='ocrx_word' id='word_1_251' title='bbox 339 1043 466 1070; x_wconf 84' lang='lat' dir='ltr'><strong>videlicet</strong></span> <span class='ocrx_word' id='word_1_252' title='bbox 478 1044 600 1072; x_wconf 80' lang='lat' dir='ltr'><strong>carmine</strong></span> <span class='ocrx_word' id='word_1_253' title='bbox 614 1044 740 1080; x_wconf 80' lang='lat' dir='ltr'><strong>Orpheus</strong></span> <span class='ocrx_word' id='word_1_254' title='bbox 753 1044 848 1072; x_wconf 88' lang='lat' dir='ltr'><strong>Jovem</strong></span> <span class='ocrx_word' id='word_1_255' title='bbox 863 1053 951 1080; x_wconf 83' lang='lat' dir='ltr'><strong>usque</strong></span> <span class='ocrx_word' id='word_1_256' title='bbox 966 1047 1048 1073; x_wconf 87' lang='lat' dir='ltr'><strong>etiam</strong></span> 
     </span>
    </p>
   </div>
   <div class='ocr_carea' id='block_1_37' title="bbox 261 1089 1049 1125">
    <p class='ocr_par' dir='ltr' id='par_1_37' title="bbox 261 1089 1049 1125">
     <span class='ocr_line' id='line_1_37' title="bbox 261 1089 1049 1125; baseline 0.005 -10"><span class='ocrx_word' id='word_1_257' title='bbox 261 1089 294 1115; x_wconf 88' lang='lat' dir='ltr'><strong>ad</strong></span> <span class='ocrx_word' id='word_1_258' title='bbox 306 1090 440 1124; x_wconf 87' lang='lat' dir='ltr'><strong>pecudum</strong></span> <span class='ocrx_word' id='word_1_259' title='bbox 454 1097 487 1117; x_wconf 87' lang='lat' dir='ltr'><strong>ac</strong></span> <span class='ocrx_word' id='word_1_260' title='bbox 500 1091 686 1125; x_wconf 87' lang='lat' dir='ltr'><strong>jumentorum</strong></span> <span class='ocrx_word' id='word_1_261' title='bbox 703 1095 809 1119; x_wconf 82' lang='lat' dir='ltr'><strong>stercus</strong></span> <span class='ocrx_word' id='word_1_262' title='bbox 824 1091 960 1119; x_wconf 83' lang='lat' dir='ltr'><strong>vivificam</strong></span> <span class='ocrx_word' id='word_1_263' title='bbox 971 1099 1049 1120; x_wconf 83' lang='lat' dir='ltr'><strong>suam</strong></span> 
     </span>
    </p>
   </div>
   <div class='ocr_carea' id='block_1_38' title="bbox 262 1133 1049 1170">
    <p class='ocr_par' dir='ltr' id='par_1_38' title="bbox 262 1133 1049 1170">
     <span class='ocr_line' id='line_1_38' title="bbox 262 1133 1049 1170; baseline 0.006 -10"><span class='ocrx_word' id='word_1_264' title='bbox 262 1133 422 1162; x_wconf 80' lang='lat' dir='ltr'><strong>facultatem</strong></span> <span class='ocrx_word' id='word_1_265' title='bbox 445 1136 573 1163; x_wconf 89' lang='lat' dir='ltr'><strong>emittere</strong></span> <span class='ocrx_word' id='word_1_266' title='bbox 593 1136 777 1170; x_wconf 84' lang='lat' dir='ltr'><strong>signiﬁcabat.</strong></span> <span class='ocrx_word' id='word_1_267' title='bbox 800 1136 938 1165; x_wconf 80' lang='lat' dir='ltr'><strong>Carminis</strong></span> <span class='ocrx_word' id='word_1_268' title='bbox 958 1141 1049 1165; x_wconf 85' lang='lat' dir='ltr'><strong>autem</strong></span> 
     </span>
    </p>
   </div>
   <div class='ocr_carea' id='block_1_39' title="bbox 260 1180 1051 1219">
    <p class='ocr_par' dir='ltr' id='par_1_39' title="bbox 260 1180 1051 1219">
     <span class='ocr_line' id='line_1_39' title="bbox 260 1180 1051 1219; baseline 0.005 -12"><span class='ocrx_word' id='word_1_269' title='bbox 260 1180 295 1208; x_wconf 88' lang='lat' dir='ltr'><strong>de</strong></span> <span class='ocrx_word' id='word_1_270' title='bbox 317 1180 417 1208; x_wconf 78' lang='lat' dir='ltr'><strong>Cerere</strong></span> <span class='ocrx_word' id='word_1_271' title='bbox 441 1181 485 1208; x_wconf 89' lang='lat' dir='ltr'><strong>hic</strong></span> <span class='ocrx_word' id='word_1_272' title='bbox 508 1187 550 1209; x_wconf 80' lang='lat' dir='ltr'><strong>est</strong></span> <span class='ocrx_word' id='word_1_273' title='bbox 577 1181 787 1210; x_wconf 77' lang='lat' dir='ltr'><strong>sensuszbeam</strong></span> <span class='ocrx_word' id='word_1_274' title='bbox 805 1183 914 1210; x_wconf 88' lang='lat' dir='ltr'><strong>sublato</strong></span> <span class='ocrx_word' id='word_1_275' title='bbox 936 1191 1051 1219; x_wconf 85' lang='lat' dir='ltr'><strong>corpore</strong></span> 
     </span>
    </p>
   </div>
   <div class='ocr_carea' id='block_1_40' title="bbox 261 1227 1050 1265">
    <p class='ocr_par' dir='ltr' id='par_1_40' title="bbox 261 1227 1050 1265">
     <span class='ocr_line' id='line_1_40' title="bbox 261 1227 1050 1265; baseline 0.006 -11"><span class='ocrx_word' id='word_1_276' title='bbox 261 1227 365 1255; x_wconf 79' lang='lat' dir='ltr'><strong>femora</strong></span> <span class='ocrx_word' id='word_1_277' title='bbox 384 1236 433 1255; x_wconf 90' lang='lat' dir='ltr'><strong>sua</strong></span> <span class='ocrx_word' id='word_1_278' title='bbox 451 1228 590 1257; x_wconf 80' lang='lat' dir='ltr'><strong>detexisse</strong></span> <span class='ocrx_word' id='word_1_279' title='bbox 611 1234 640 1256; x_wconf 91' lang='lat' dir='ltr'><strong>ut</strong></span> <span class='ocrx_word' id='word_1_280' title='bbox 657 1229 770 1257; x_wconf 88' lang='lat' dir='ltr'><strong>amasiis</strong></span> <span class='ocrx_word' id='word_1_281' title='bbox 789 1231 848 1257; x_wconf 82' lang='lat' dir='ltr'><strong>suis</strong></span> <span class='ocrx_word' id='word_1_282' title='bbox 868 1232 992 1265; x_wconf 84' lang='lat' dir='ltr'><strong>corporis</strong></span> <span class='ocrx_word' id='word_1_283' title='bbox 1007 1231 1050 1259; x_wconf 88' lang='lat' dir='ltr'><strong>sui</strong></span> 
     </span>
    </p>
   </div>
   <div class='ocr_carea' id='block_1_41' title="bbox 259 1273 1049 1310">
    <p class='ocr_par' dir='ltr' id='par_1_41' title="bbox 259 1273 1049 1310">
     <span class='ocr_line' id='line_1_41' title="bbox 259 1273 1049 1310; baseline 0.005 -10"><span class='ocrx_word' id='word_1_284' title='bbox 259 1274 368 1308; x_wconf 85' lang='lat' dir='ltr'><strong>copiam</strong></span> <span class='ocrx_word' id='word_1_285' title='bbox 378 1273 493 1302; x_wconf 82' lang='lat' dir='ltr'><strong>faceret.</strong></span> <span class='ocrx_word' id='word_1_286' title='bbox 510 1274 616 1308; x_wconf 81' lang='lat' dir='ltr'><strong>Quibus</strong></span> <span class='ocrx_word' id='word_1_287' title='bbox 629 1275 721 1302; x_wconf 78' lang='lat' dir='ltr'><strong>verbis</strong></span> <span class='ocrx_word' id='word_1_288' title='bbox 734 1274 861 1310; x_wconf 84' lang='lat' dir='ltr'><strong>Orpheus</strong></span> <span class='ocrx_word' id='word_1_289' title='bbox 872 1275 979 1303; x_wconf 84' lang='lat' dir='ltr'><strong>Cereris</strong></span> <span class='ocrx_word' id='word_1_290' title='bbox 994 1277 1049 1304; x_wconf 85' lang='lat' dir='ltr'><strong>vim</strong></span> 
     </span>
    </p>
   </div>
   <div class='ocr_carea' id='block_1_42' title="bbox 261 1319 1049 1357">
    <p class='ocr_par' dir='ltr' id='par_1_42' title="bbox 261 1319 1049 1357">
     <span class='ocr_line' id='line_1_42' title="bbox 261 1319 1049 1357; baseline 0.006 -12"><span class='ocrx_word' id='word_1_291' title='bbox 261 1326 294 1346; x_wconf 86' lang='lat' dir='ltr'><strong>ac</strong></span> <span class='ocrx_word' id='word_1_292' title='bbox 315 1319 473 1347; x_wconf 84' lang='lat' dir='ltr'><strong>facultatem</strong></span> <span class='ocrx_word' id='word_1_293' title='bbox 490 1320 524 1347; x_wconf 88' lang='lat' dir='ltr'><strong>iis</strong></span> <span class='ocrx_word' id='word_1_294' title='bbox 546 1329 562 1347; x_wconf 86' lang='lat' dir='ltr'><strong>a</strong></span> <span class='ocrx_word' id='word_1_295' title='bbox 587 1321 688 1356; x_wconf 83' lang='lat' dir='ltr'><strong>quibus</strong></span> <span class='ocrx_word' id='word_1_296' title='bbox 708 1321 856 1356; x_wconf 76' lang='lat' dir='ltr'><strong>expetitur.</strong></span> <span class='ocrx_word' id='word_1_297' title='bbox 877 1322 905 1348; x_wconf 94' lang='lat' dir='ltr'><strong>in</strong></span> <span class='ocrx_word' id='word_1_298' title='bbox 922 1326 1049 1357; x_wconf 86' lang='lat' dir='ltr'><strong>promptu</strong></span> 
     </span>
    </p>
   </div>
   <div class='ocr_carea' id='block_1_43' title="bbox 260 1365 1049 1402">
    <p class='ocr_par' dir='ltr' id='par_1_43' title="bbox 260 1365 1049 1402">
     <span class='ocr_line' id='line_1_43' title="bbox 260 1365 1049 1402; baseline 0.005 -10"><span class='ocrx_word' id='word_1_299' title='bbox 260 1373 323 1393; x_wconf 84' lang='lat' dir='ltr'><strong>esse</strong></span> <span class='ocrx_word' id='word_1_300' title='bbox 341 1365 443 1396; x_wconf 85' lang='lat' dir='ltr'><strong>innuit.</strong></span> <span class='ocrx_word' id='word_1_301' title='bbox 468 1374 584 1401; x_wconf 84' lang='lat' dir='ltr'><strong>eamque</strong></span> <span class='ocrx_word' id='word_1_302' title='bbox 607 1370 730 1401; x_wconf 79' lang='lat' dir='ltr'><strong>paratam</strong></span> <span class='ocrx_word' id='word_1_303' title='bbox 755 1366 789 1393; x_wconf 84' lang='lat' dir='ltr'><strong>ad</strong></span> <span class='ocrx_word' id='word_1_304' title='bbox 814 1375 875 1394; x_wconf 84' lang='lat' dir='ltr'><strong>sese</strong></span> <span class='ocrx_word' id='word_1_305' title='bbox 899 1368 966 1402; x_wconf 80' lang='lat' dir='ltr'><strong>ipsis</strong></span> <span class='ocrx_word' id='word_1_306' title='bbox 981 1369 1049 1396; x_wconf 85' lang='lat' dir='ltr'><strong>dan-</strong></span> 
     </span>
    </p>
   </div>
   <div class='ocr_carea' id='block_1_44' title="bbox 260 1411 1048 1450">
    <p class='ocr_par' dir='ltr' id='par_1_44' title="bbox 260 1411 1048 1450">
     <span class='ocr_line' id='line_1_44' title="bbox 260 1411 1048 1450; baseline 0.005 -12"><span class='ocrx_word' id='word_1_307' title='bbox 260 1411 337 1444; x_wconf 71' lang='lat' dir='ltr'><strong>alam,</strong></span> <span class='ocrx_word' id='word_1_308' title='bbox 361 1420 463 1447; x_wconf 83' lang='lat' dir='ltr'><strong>eosque</strong></span> <span class='ocrx_word' id='word_1_309' title='bbox 489 1412 650 1447; x_wconf 75' lang='lat' dir='ltr'><strong>explendos.</strong></span> <span class='ocrx_word' id='word_1_310' title='bbox 678 1412 761 1440; x_wconf 85' lang='lat' dir='ltr'><strong>Divus</strong></span> <span class='ocrx_word' id='word_1_311' title='bbox 786 1413 877 1448; x_wconf 87' lang='lat' dir='ltr'><strong>itaque</strong></span> <span class='ocrx_word' id='word_1_312' title='bbox 901 1413 1048 1450; x_wconf 76' lang='lat' dir='ltr'><strong>Gregorius</strong></span> 
     </span>
    </p>
   </div>
   <div class='ocr_carea' id='block_1_45' title="bbox 260 1457 1046 1492">
    <p class='ocr_par' dir='ltr' id='par_1_45' title="bbox 260 1457 1046 1492">
     <span class='ocr_line' id='line_1_45' title="bbox 260 1457 1046 1492; baseline 0.004 -8"><span class='ocrx_word' id='word_1_313' title='bbox 260 1457 312 1484; x_wconf 86' lang='lat' dir='ltr'><strong>hoc</strong></span> <span class='ocrx_word' id='word_1_314' title='bbox 325 1457 398 1484; x_wconf 84' lang='lat' dir='ltr'><strong>velut</strong></span> <span class='ocrx_word' id='word_1_315' title='bbox 409 1457 510 1485; x_wconf 77' lang='lat' dir='ltr'><strong>fmdum</strong></span> <span class='ocrx_word' id='word_1_316' title='bbox 523 1462 605 1492; x_wconf 88' lang='lat' dir='ltr'><strong>atque</strong></span> <span class='ocrx_word' id='word_1_317' title='bbox 615 1459 776 1490; x_wconf 88' lang='lat' dir='ltr'><strong>obscenum.</strong></span> <span class='ocrx_word' id='word_1_318' title='bbox 791 1463 872 1492; x_wconf 87' lang='lat' dir='ltr'><strong>atque</strong></span> <span class='ocrx_word' id='word_1_319' title='bbox 887 1459 951 1486; x_wconf 78' lang='lat' dir='ltr'><strong>illud</strong></span> <span class='ocrx_word' id='word_1_320' title='bbox 965 1461 1046 1487; x_wconf 75' lang='lat' dir='ltr'><strong>etiam</strong></span> 
     </span>
    </p>
   </div>
   <div class='ocr_carea' id='block_1_46' title="bbox 259 1501 990 1539">
    <p class='ocr_par' dir='ltr' id='par_1_46' title="bbox 259 1501 990 1539">
     <span class='ocr_line' id='line_1_46' title="bbox 259 1501 990 1539; baseline 0.003 -9"><span class='ocrx_word' id='word_1_321' title='bbox 259 1501 334 1530; x_wconf 86' lang='lat' dir='ltr'><strong>Jovis</strong></span> <span class='ocrx_word' id='word_1_322' title='bbox 353 1507 383 1529; x_wconf 89' lang='lat' dir='ltr'><strong>ut</strong></span> <span class='ocrx_word' id='word_1_323' title='bbox 399 1503 535 1538; x_wconf 88' lang='lat' dir='ltr'><strong>impurum</strong></span> <span class='ocrx_word' id='word_1_324' title='bbox 552 1503 681 1535; x_wconf 83' lang='lat' dir='ltr'><strong>traducit,</strong></span> <span class='ocrx_word' id='word_1_325' title='bbox 706 1503 858 1538; x_wconf 88' lang='lat' dir='ltr'><strong>meritoque</strong></span> <span class='ocrx_word' id='word_1_326' title='bbox 873 1505 990 1539; x_wconf 83' lang='lat' dir='ltr'><strong>sugillat.</strong></span> 
     </span>
    </p>
   </div>
   <div class='ocr_carea' id='block_1_47' title="bbox 1098 997 1893 1036">
    <p class='ocr_par' dir='ltr' id='par_1_47' title="bbox 1098 997 1893 1036">
     <span class='ocr_line' id='line_1_47' title="bbox 1098 997 1893 1036; baseline -0.008 -7"><span class='ocrx_word' id='word_1_327' title='bbox 1098 1001 1186 1034; x_wconf 76' lang='grc' dir='ltr'>ἐνδοεε</span> <span class='ocrx_word' id='word_1_328' title='bbox 1205 1002 1252 1028; x_wconf 73' lang='grc' dir='ltr'>καὶ</span> <span class='ocrx_word' id='word_1_329' title='bbox 1272 1001 1385 1036; x_wconf 77' lang='grc' dir='ltr'><strong>μέγιστε</strong></span> <span class='ocrx_word' id='word_1_330' title='bbox 1404 999 1458 1026; x_wconf 84' lang='grc' dir='ltr'><strong>τῶν</strong></span> <span class='ocrx_word' id='word_1_331' title='bbox 1479 999 1588 1026; x_wconf 81' lang='grc' dir='ltr'>πάντων</span> <span class='ocrx_word' id='word_1_332' title='bbox 1612 998 1692 1029; x_wconf 78' lang='grc' dir='ltr'>θεῶν,</span> <span class='ocrx_word' id='word_1_333' title='bbox 1715 997 1893 1033; x_wconf 72' lang='grc' dir='ltr'><strong>περιεχόμενα</strong></span> 
     </span>
    </p>
   </div>
   <div class='ocr_carea' id='block_1_48' title="bbox 1097 1043 1892 1084">
    <p class='ocr_par' dir='ltr' id='par_1_48' title="bbox 1097 1043 1892 1084">
     <span class='ocr_line' id='line_1_48' title="bbox 1097 1043 1892 1084; baseline -0.008 -9"><span class='ocrx_word' id='word_1_334' title='bbox 1097 1049 1131 1084; x_wconf 79' lang='grc' dir='ltr'>τῇ</span> <span class='ocrx_word' id='word_1_335' title='bbox 1147 1047 1242 1083; x_wconf 80' lang='grc' dir='ltr'>κόπρῳ</span> <span class='ocrx_word' id='word_1_336' title='bbox 1254 1047 1340 1083; x_wconf 78' lang='grc' dir='ltr'>πάσῃ,</span> <span class='ocrx_word' id='word_1_337' title='bbox 1356 1047 1406 1082; x_wconf 84' lang='grc' dir='ltr'><strong>ὅση</strong></span> <span class='ocrx_word' id='word_1_338' title='bbox 1420 1054 1449 1072; x_wconf 82' lang='grc' dir='ltr'><strong>τε</strong></span> <span class='ocrx_word' id='word_1_339' title='bbox 1463 1044 1618 1081; x_wconf 76' lang='grc' dir='ltr'>προσάτων,</span> <span class='ocrx_word' id='word_1_340' title='bbox 1630 1044 1681 1078; x_wconf 81' lang='grc' dir='ltr'>ὅση</span> <span class='ocrx_word' id='word_1_341' title='bbox 1697 1052 1728 1070; x_wconf 84' lang='grc' dir='ltr'><strong>τε</strong></span> <span class='ocrx_word' id='word_1_342' title='bbox 1742 1044 1834 1070; x_wconf 76' lang='grc' dir='ltr'>ἵππων</span> <span class='ocrx_word' id='word_1_343' title='bbox 1847 1043 1892 1070; x_wconf 74' lang='grc' dir='ltr'>καὶ</span> 
     </span>
    </p>
   </div>
   <div class='ocr_carea' id='block_1_49' title="bbox 1098 1089 1890 1128">
    <p class='ocr_par' dir='ltr' id='par_1_49' title="bbox 1098 1089 1890 1128">
     <span class='ocr_line' id='line_1_49' title="bbox 1098 1089 1890 1128; baseline -0.005 -9"><span class='ocrx_word' id='word_1_344' title='bbox 1098 1093 1229 1128; x_wconf 80' lang='grc' dir='ltr'><strong>ἡμιόνων.</strong></span> <span class='ocrx_word' id='word_1_345' title='bbox 1248 1091 1354 1126; x_wconf 78' lang='grc' dir='ltr'>Μηλείη</span> <span class='ocrx_word' id='word_1_346' title='bbox 1375 1090 1404 1117; x_wconf 78' lang='grc' dir='ltr'>δὲ</span> <span class='ocrx_word' id='word_1_347' title='bbox 1421 1090 1524 1126; x_wconf 85' lang='grc' dir='ltr'>κόπρος</span> <span class='ocrx_word' id='word_1_348' title='bbox 1540 1089 1614 1116; x_wconf 73' lang='grc' dir='ltr'>ἐστὶν</span> <span class='ocrx_word' id='word_1_349' title='bbox 1626 1090 1643 1124; x_wconf 85' lang='grc' dir='ltr'><strong>ή</strong></span> <span class='ocrx_word' id='word_1_350' title='bbox 1662 1089 1718 1115; x_wconf 87' lang='grc' dir='ltr'>τῶν</span> <span class='ocrx_word' id='word_1_351' title='bbox 1731 1089 1890 1124; x_wconf 70' lang='grc' dir='ltr'>προϐάτων·</span> 
     </span>
    </p>
   </div>
   <div class='ocr_carea' id='block_1_50' title="bbox 1101 1135 1892 1174">
    <p class='ocr_par' dir='ltr' id='par_1_50' title="bbox 1101 1135 1892 1174">
     <span class='ocr_line' id='line_1_50' title="bbox 1101 1135 1892 1174; baseline -0.004 -9"><span class='ocrx_word' id='word_1_352' title='bbox 1101 1139 1173 1174; x_wconf 83' lang='grc' dir='ltr'>μῆλα</span> <span class='ocrx_word' id='word_1_353' title='bbox 1187 1138 1242 1174; x_wconf 81' lang='grc' dir='ltr'>γὰρ</span> <span class='ocrx_word' id='word_1_354' title='bbox 1260 1137 1295 1164; x_wconf 73' lang='grc' dir='ltr'>τὰ</span> <span class='ocrx_word' id='word_1_355' title='bbox 1308 1136 1442 1172; x_wconf 77' lang='grc' dir='ltr'>πρόϐατα.</span> <span class='ocrx_word' id='word_1_356' title='bbox 1459 1137 1508 1163; x_wconf 69' lang='grc' dir='ltr'><strong>Διὰ</strong></span> <span class='ocrx_word' id='word_1_357' title='bbox 1529 1135 1607 1162; x_wconf 75' lang='grc' dir='ltr'>τοῦδε</span> <span class='ocrx_word' id='word_1_358' title='bbox 1623 1135 1671 1162; x_wconf 83' lang='grc' dir='ltr'>τοῦ</span> <span class='ocrx_word' id='word_1_359' title='bbox 1687 1135 1770 1167; x_wconf 73' lang='grc' dir='ltr'>ιπους</span> <span class='ocrx_word' id='word_1_360' title='bbox 1784 1135 1864 1171; x_wconf 82' lang='grc' dir='ltr'>δῆθεν</span> <span class='ocrx_word' id='word_1_361' title='bbox 1877 1137 1892 1162; x_wconf 86' lang='lat'><strong>6</strong></span> 
     </span>
    </p>
   </div>
   <div class='ocr_carea' id='block_1_51' title="bbox 1107 1181 1892 1221">
    <p class='ocr_par' dir='ltr' id='par_1_51' title="bbox 1107 1181 1892 1221">
     <span class='ocr_line' id='line_1_51' title="bbox 1107 1181 1892 1221; baseline -0.005 -10"><span class='ocrx_word' id='word_1_362' title='bbox 1107 1185 1221 1221; x_wconf 77' lang='grc' dir='ltr'>Ὀρφεὺς</span> <span class='ocrx_word' id='word_1_363' title='bbox 1236 1184 1384 1218; x_wconf 70' lang='grc' dir='ltr'>ἐσήμανεν,</span> <span class='ocrx_word' id='word_1_364' title='bbox 1399 1183 1440 1209; x_wconf 82' lang='grc' dir='ltr'>ὅτι</span> <span class='ocrx_word' id='word_1_365' title='bbox 1456 1182 1471 1208; x_wconf 98' lang='lat'><strong>6</strong></span> <span class='ocrx_word' id='word_1_366' title='bbox 1485 1182 1552 1212; x_wconf 82' lang='grc' dir='ltr'>Ζεὺς</span> <span class='ocrx_word' id='word_1_367' title='bbox 1569 1182 1634 1216; x_wconf 79' lang='grc' dir='ltr'>ἄχρι</span> <span class='ocrx_word' id='word_1_368' title='bbox 1650 1181 1699 1207; x_wconf 64' lang='grc' dir='ltr'><strong>καὶ¹</strong></span> <span class='ocrx_word' id='word_1_369' title='bbox 1719 1181 1770 1216; x_wconf 85' lang='grc' dir='ltr'>τῆς</span> <span class='ocrx_word' id='word_1_370' title='bbox 1790 1181 1892 1217; x_wconf 82' lang='grc' dir='ltr'>κτηνῶ-</span> 
     </span>
    </p>
   </div>
   <div class='ocr_carea' id='block_1_52' title="bbox 1100 1226 1890 1265">
    <p class='ocr_par' dir='ltr' id='par_1_52' title="bbox 1100 1226 1890 1265">
     <span class='ocr_line' id='line_1_52' title="bbox 1100 1226 1890 1265; baseline -0.006 -8"><span class='ocrx_word' id='word_1_371' title='bbox 1100 1231 1161 1262; x_wconf 85' lang='grc' dir='ltr'>δους</span> <span class='ocrx_word' id='word_1_372' title='bbox 1176 1230 1241 1265; x_wconf 78' lang='grc' dir='ltr'>ὕλης</span> <span class='ocrx_word' id='word_1_373' title='bbox 1257 1229 1396 1264; x_wconf 74' lang='grc' dir='ltr'><strong>ἐκπέμπει</strong></span> <span class='ocrx_word' id='word_1_374' title='bbox 1413 1228 1462 1260; x_wconf 80' lang='grc' dir='ltr'><strong>τὰς</strong></span> <span class='ocrx_word' id='word_1_375' title='bbox 1480 1226 1578 1254; x_wconf 81' lang='grc' dir='ltr'>ἑαυτοῦ</span> <span class='ocrx_word' id='word_1_376' title='bbox 1595 1227 1744 1260; x_wconf 78' lang='grc' dir='ltr'>ζωογόνους</span> <span class='ocrx_word' id='word_1_377' title='bbox 1754 1227 1890 1261; x_wconf 65' lang='grc' dir='ltr'>δυνάμεις.</span> 
     </span>
    </p>
   </div>
   <div class='ocr_carea' id='block_1_53' title="bbox 1101 1270 1889 1310">
    <p class='ocr_par' dir='ltr' id='par_1_53' title="bbox 1101 1270 1889 1310">
     <span class='ocr_line' id='line_1_53' title="bbox 1101 1270 1889 1310; baseline -0.006 -7"><span class='ocrx_word' id='word_1_378' title='bbox 1101 1276 1155 1303; x_wconf 83' lang='grc' dir='ltr'><strong>Τοῦ</strong></span> <span class='ocrx_word' id='word_1_379' title='bbox 1169 1276 1197 1302; x_wconf 67' lang='grc' dir='ltr'>δὲ</span> <span class='ocrx_word' id='word_1_380' title='bbox 1217 1275 1344 1310; x_wconf 78' lang='grc' dir='ltr'>περὶτῆς</span> <span class='ocrx_word' id='word_1_381' title='bbox 1361 1275 1505 1310; x_wconf 78' lang='grc' dir='ltr'>Δήμητρος</span> <span class='ocrx_word' id='word_1_382' title='bbox 1518 1273 1601 1305; x_wconf 81' lang='grc' dir='ltr'>επους</span> <span class='ocrx_word' id='word_1_383' title='bbox 1615 1274 1629 1299; x_wconf 85' lang='grc' dir='ltr'><strong>ὀ</strong></span> <span class='ocrx_word' id='word_1_384' title='bbox 1640 1272 1701 1304; x_wconf 82' lang='grc' dir='ltr'>νοῦς</span> <span class='ocrx_word' id='word_1_385' title='bbox 1716 1273 1791 1299; x_wconf 73' lang='grc' dir='ltr'>ἐστιν</span> <span class='ocrx_word' id='word_1_386' title='bbox 1805 1270 1889 1304; x_wconf 69' lang='grc' dir='ltr'>οὗτος·</span> 
     </span>
    </p>
   </div>
   <div class='ocr_carea' id='block_1_54' title="bbox 1098 1317 1893 1356">
    <p class='ocr_par' dir='ltr' id='par_1_54' title="bbox 1098 1317 1893 1356">
     <span class='ocr_line' id='line_1_54' title="bbox 1098 1317 1893 1356; baseline -0.005 -8"><span class='ocrx_word' id='word_1_387' title='bbox 1098 1323 1139 1349; x_wconf 85' lang='grc' dir='ltr'>ὃτι</span> <span class='ocrx_word' id='word_1_388' title='bbox 1160 1320 1345 1356; x_wconf 80' lang='grc' dir='ltr'>Ἐπαιρομένη</span> <span class='ocrx_word' id='word_1_389' title='bbox 1361 1321 1378 1355; x_wconf 80' lang='grc' dir='ltr'>ἡ</span> <span class='ocrx_word' id='word_1_390' title='bbox 1398 1320 1457 1352; x_wconf 72' lang='grc' dir='ltr'>θεὰ,</span> <span class='ocrx_word' id='word_1_391' title='bbox 1477 1319 1540 1350; x_wconf 78' lang='grc' dir='ltr'>τοὺς</span> <span class='ocrx_word' id='word_1_392' title='bbox 1564 1318 1664 1353; x_wconf 76' lang='grc' dir='ltr'>ἑαυτῆς</span> <span class='ocrx_word' id='word_1_393' title='bbox 1679 1319 1784 1354; x_wconf 71' lang='grc' dir='ltr'>μηροὺς</span> <span class='ocrx_word' id='word_1_394' title='bbox 1798 1317 1893 1345; x_wconf 67' lang='grc' dir='ltr'>ἀνεσύ-</span> 
     </span>
    </p>
   </div>
   <div class='ocr_carea' id='block_1_55' title="bbox 1104 1364 1894 1403">
    <p class='ocr_par' dir='ltr' id='par_1_55' title="bbox 1104 1364 1894 1403">
     <span class='ocr_line' id='line_1_55' title="bbox 1104 1364 1894 1403; baseline -0.006 -9"><span class='ocrx_word' id='word_1_395' title='bbox 1104 1376 1169 1403; x_wconf 81' lang='grc' dir='ltr'>ρατο</span> <span class='ocrx_word' id='word_1_396' title='bbox 1182 1367 1273 1402; x_wconf 85' lang='grc' dir='ltr'>(λέγει</span> <span class='ocrx_word' id='word_1_397' title='bbox 1292 1366 1321 1393; x_wconf 84' lang='grc' dir='ltr'>δὲ</span> <span class='ocrx_word' id='word_1_398' title='bbox 1337 1366 1402 1401; x_wconf 77' lang='grc' dir='ltr'>περὶ</span> <span class='ocrx_word' id='word_1_399' title='bbox 1422 1365 1475 1391; x_wconf 83' lang='grc' dir='ltr'>τῶν</span> <span class='ocrx_word' id='word_1_400' title='bbox 1497 1365 1639 1400; x_wconf 71' lang='grc' dir='ltr'>ἱματίων),</span> <span class='ocrx_word' id='word_1_401' title='bbox 1662 1364 1715 1392; x_wconf 84' lang='grc' dir='ltr'>ἵνα.</span> <span class='ocrx_word' id='word_1_402' title='bbox 1740 1365 1817 1398; x_wconf 75' lang='grc' dir='ltr'>φησὶ,</span> <span class='ocrx_word' id='word_1_403' title='bbox 1833 1364 1894 1394; x_wconf 59' lang='grc' dir='ltr'>τοὺς</span> 
     </span>
    </p>
   </div>
   <div class='ocr_carea' id='block_1_56' title="bbox 1102 1410 1894 1450">
    <p class='ocr_par' dir='ltr' id='par_1_56' title="bbox 1102 1410 1894 1450">
     <span class='ocr_line' id='line_1_56' title="bbox 1102 1410 1894 1450; baseline -0.008 -9"><span class='ocrx_word' id='word_1_404' title='bbox 1102 1414 1225 1450; x_wconf 76' lang='grc' dir='ltr'>ἐρῶντας</span> <span class='ocrx_word' id='word_1_405' title='bbox 1239 1413 1324 1448; x_wconf 86' lang='grc' dir='ltr'>αὐτῆς</span> <span class='ocrx_word' id='word_1_406' title='bbox 1342 1411 1446 1448; x_wconf 79' lang='grc' dir='ltr'>ἀξιώσῃ</span> <span class='ocrx_word' id='word_1_407' title='bbox 1458 1411 1505 1445; x_wconf 83' lang='grc' dir='ltr'>τῆς</span> <span class='ocrx_word' id='word_1_408' title='bbox 1525 1410 1677 1441; x_wconf 72' lang='grc' dir='ltr'>συνουσίας.</span> <span class='ocrx_word' id='word_1_409' title='bbox 1692 1410 1742 1436; x_wconf 82' lang='grc' dir='ltr'><strong>Διὰ</strong></span> <span class='ocrx_word' id='word_1_410' title='bbox 1752 1410 1781 1436; x_wconf 76' lang='grc' dir='ltr'>δὲ</span> <span class='ocrx_word' id='word_1_411' title='bbox 1792 1410 1894 1437; x_wconf 76' lang='grc' dir='ltr'>τούτων</span> 
     </span>
    </p>
   </div>
   <div class='ocr_carea' id='block_1_57' title="bbox 1101 1456 1895 1496">
    <p class='ocr_par' dir='ltr' id='par_1_57' title="bbox 1101 1456 1895 1496">
     <span class='ocr_line' id='line_1_57' title="bbox 1101 1456 1895 1496; baseline -0.008 -9"><span class='ocrx_word' id='word_1_412' title='bbox 1101 1461 1116 1487; x_wconf 91' lang='lat'><strong>6</strong></span> <span class='ocrx_word' id='word_1_413' title='bbox 1139 1461 1255 1496; x_wconf 81' lang='grc' dir='ltr'>Ὀρφεὺς</span> <span class='ocrx_word' id='word_1_414' title='bbox 1271 1459 1435 1489; x_wconf 72' lang='grc' dir='ltr'>αἰνίττεται,</span> <span class='ocrx_word' id='word_1_415' title='bbox 1451 1458 1492 1484; x_wconf 79' lang='grc' dir='ltr'>ὅτι</span> <span class='ocrx_word' id='word_1_416' title='bbox 1512 1458 1530 1492; x_wconf 78' lang='grc' dir='ltr'><strong>ἡ</strong></span> <span class='ocrx_word' id='word_1_417' title='bbox 1552 1456 1611 1483; x_wconf 86' lang='grc' dir='ltr'>θεία</span> <span class='ocrx_word' id='word_1_418' title='bbox 1624 1456 1737 1491; x_wconf 84' lang='grc' dir='ltr'>δύναμις</span> <span class='ocrx_word' id='word_1_419' title='bbox 1757 1457 1814 1488; x_wconf 79' lang='grc' dir='ltr'>τοῖς</span> <span class='ocrx_word' id='word_1_420' title='bbox 1836 1457 1895 1482; x_wconf 77' lang='grc' dir='ltr'>ἑπι-</span> 
     </span>
    </p>
   </div>
   <div class='ocr_carea' id='block_1_58' title="bbox 1102 1501 1895 1542">
    <p class='ocr_par' dir='ltr' id='par_1_58' title="bbox 1102 1501 1895 1542">
     <span class='ocr_line' id='line_1_58' title="bbox 1102 1501 1895 1542; baseline -0.006 -9"><span class='ocrx_word' id='word_1_421' title='bbox 1102 1506 1233 1542; x_wconf 83' lang='grc' dir='ltr'>θυμοῠσιν</span> <span class='ocrx_word' id='word_1_422' title='bbox 1247 1505 1349 1540; x_wconf 77' lang='grc' dir='ltr'>αὐτῆς.</span> <span class='ocrx_word' id='word_1_423' title='bbox 1364 1504 1473 1538; x_wconf 70' lang='grc' dir='ltr'>ἕτοιμος</span> <span class='ocrx_word' id='word_1_424' title='bbox 1492 1502 1596 1537; x_wconf 84' lang='grc' dir='ltr'>γίνεται</span> <span class='ocrx_word' id='word_1_425' title='bbox 1610 1501 1657 1528; x_wconf 83' lang='grc' dir='ltr'><strong>τοῦ</strong></span> <span class='ocrx_word' id='word_1_426' title='bbox 1678 1501 1818 1528; x_wconf 70' lang='grc' dir='ltr'>ἐπιδοῦναι</span> <span class='ocrx_word' id='word_1_427' title='bbox 1834 1502 1895 1529; x_wconf 73' lang='grc' dir='ltr'>ἑαυ-</span> 
     </span>
    </p>
   </div>
   <div class='ocr_carea' id='block_1_59' title="bbox 259 1548 1894 1588">
    <p class='ocr_par' dir='ltr' id='par_1_59' title="bbox 259 1548 1894 1588">
     <span class='ocr_line' id='line_1_59' title="bbox 259 1548 1894 1588; baseline -0.003 -5"><span class='ocrx_word' id='word_1_428' title='bbox 259 1549 308 1585; x_wconf 73' lang='grc' dir='ltr'><strong>τὴν</strong></span> <span class='ocrx_word' id='word_1_429' title='bbox 321 1549 368 1576; x_wconf 71' lang='grc' dir='ltr'><strong>καὶ</strong></span> <span class='ocrx_word' id='word_1_430' title='bbox 385 1550 486 1585; x_wconf 78' lang='grc' dir='ltr'>μυῆσαι</span> <span class='ocrx_word' id='word_1_431' title='bbox 503 1549 610 1582; x_wconf 75' lang='grc' dir='ltr'>αὐτούς·</span> <span class='ocrx_word' id='word_1_432' title='bbox 630 1551 658 1576; x_wconf 84' lang='grc' dir='ltr'><strong>Ὀ</strong></span> <span class='ocrx_word' id='word_1_433' title='bbox 671 1548 718 1577; x_wconf 79' lang='grc' dir='ltr'><strong>οὖν</strong></span> <span class='ocrx_word' id='word_1_434' title='bbox 737 1550 808 1582; x_wconf 78' lang='grc' dir='ltr'>θεῖος</span> <span class='ocrx_word' id='word_1_435' title='bbox 827 1551 986 1588; x_wconf 80' lang='grc' dir='ltr'>Γρηγόριος.</span> <span class='ocrx_word' id='word_1_436' title='bbox 1003 1554 1040 1585; x_wconf 81' lang='grc' dir='ltr'>ὡς</span> <span class='ocrx_word' id='word_1_437' title='bbox 1060 1555 1107 1581; x_wconf 80' lang='grc' dir='ltr'>καὶ</span> <span class='ocrx_word' id='word_1_438' title='bbox 1124 1554 1218 1580; x_wconf 76' lang='grc' dir='ltr'>τούτου</span> <span class='ocrx_word' id='word_1_439' title='bbox 1231 1554 1307 1585; x_wconf 73' lang='grc' dir='ltr'>ὄντος</span> <span class='ocrx_word' id='word_1_440' title='bbox 1320 1551 1445 1588; x_wconf 76' lang='grc' dir='ltr'>αἰσχροῦ,</span> <span class='ocrx_word' id='word_1_441' title='bbox 1458 1551 1505 1578; x_wconf 76' lang='grc' dir='ltr'>καὶ</span> <span class='ocrx_word' id='word_1_442' title='bbox 1514 1551 1561 1578; x_wconf 84' lang='grc' dir='ltr'>τοῦ</span> <span class='ocrx_word' id='word_1_443' title='bbox 1577 1552 1640 1586; x_wconf 81' lang='grc' dir='ltr'>περὶ</span> <span class='ocrx_word' id='word_1_444' title='bbox 1653 1550 1698 1577; x_wconf 74' lang='grc' dir='ltr'>τὸν</span> <span class='ocrx_word' id='word_1_445' title='bbox 1710 1550 1758 1577; x_wconf 92' lang='grc' dir='ltr'>Δία</span> <span class='ocrx_word' id='word_1_446' title='bbox 1771 1551 1894 1586; x_wconf 77' lang='grc' dir='ltr'>ἀκαθάρ-</span> 
     </span>
    </p>
   </div>
   <div class='ocr_carea' id='block_1_60' title="bbox 259 1595 868 1632">
    <p class='ocr_par' dir='ltr' id='par_1_60' title="bbox 259 1595 868 1632">
     <span class='ocr_line' id='line_1_60' title="bbox 259 1595 868 1632; baseline 0 -10"><span class='ocrx_word' id='word_1_447' title='bbox 259 1603 317 1626; x_wconf 82' lang='grc' dir='ltr'>του,</span> <span class='ocrx_word' id='word_1_448' title='bbox 331 1595 454 1631; x_wconf 79' lang='grc' dir='ltr'>διασύρει</span> <span class='ocrx_word' id='word_1_449' title='bbox 474 1596 519 1622; x_wconf 74' lang='grc' dir='ltr'>καὶ</span> <span class='ocrx_word' id='word_1_450' title='bbox 533 1596 647 1632; x_wconf 78' lang='grc' dir='ltr'>διαγελᾷ</span> <span class='ocrx_word' id='word_1_451' title='bbox 661 1597 759 1628; x_wconf 75' lang='grc' dir='ltr'>αὐτοὺς</span> <span class='ocrx_word' id='word_1_452' title='bbox 775 1597 868 1630; x_wconf 78' lang='grc' dir='ltr'>ἀξίως.</span> 
     </span>
    </p>
   </div>
   <div class='ocr_carea' id='block_1_61' title="bbox 429 1641 877 1677">
    <p class='ocr_par' dir='ltr' id='par_1_61' title="bbox 429 1641 877 1677">
     <span class='ocr_line' id='line_1_61' title="bbox 429 1641 877 1677; baseline 0.007 -10"><span class='ocrx_word' id='word_1_453' title='bbox 429 1641 475 1668; x_wconf 88' lang='grc'><strong>78.</strong></span> <span class='ocrx_word' id='word_1_454' title='bbox 496 1641 539 1668; x_wconf 76' lang='grc' dir='ltr'><em>οε</em></span> <span class='ocrx_word' id='word_1_455' title='bbox 551 1641 670 1669; x_wconf 70' lang='lat' dir='ltr'><strong>Phanote</strong></span> <span class='ocrx_word' id='word_1_456' title='bbox 684 1647 709 1669; x_wconf 71' lang='lat' dir='ltr'><strong>et</strong></span> <span class='ocrx_word' id='word_1_457' title='bbox 727 1642 877 1677; x_wconf 73' lang='lat' dir='ltr'><strong>Ericapao.</strong></span> 
     </span>
    </p>
   </div>
   <div class='ocr_carea' id='block_1_62' title="bbox 295 1684 1047 1721">
    <p class='ocr_par' dir='ltr' id='par_1_62' title="bbox 295 1684 1047 1721">
     <span class='ocr_line' id='line_1_62' title="bbox 295 1684 1047 1721; baseline 0.003 -9"><span class='ocrx_word' id='word_1_458' title='bbox 295 1684 323 1712; x_wconf 89' lang='lat' dir='ltr'><strong>In</strong></span> <span class='ocrx_word' id='word_1_459' title='bbox 333 1685 459 1720; x_wconf 81' lang='lat' dir='ltr'><strong>Orphicis</strong></span> <span class='ocrx_word' id='word_1_460' title='bbox 479 1687 611 1721; x_wconf 87' lang='lat' dir='ltr'><strong>poematis</strong></span> <span class='ocrx_word' id='word_1_461' title='bbox 626 1686 683 1714; x_wconf 69' lang='lat' dir='ltr'><strong>haec</strong></span> <span class='ocrx_word' id='word_1_462' title='bbox 694 1687 749 1714; x_wconf 90' lang='lat' dir='ltr'><strong>duo</strong></span> <span class='ocrx_word' id='word_1_463' title='bbox 766 1688 881 1714; x_wconf 89' lang='lat' dir='ltr'><strong>notnina</strong></span> <span class='ocrx_word' id='word_1_464' title='bbox 895 1687 1047 1715; x_wconf 86' lang='lat' dir='ltr'><strong>simulcum</strong></span> 
     </span>
    </p>
   </div>
   <div class='ocr_carea' id='block_1_63' title="bbox 259 1732 1049 1768">
    <p class='ocr_par' dir='ltr' id='par_1_63' title="bbox 259 1732 1049 1768">
     <span class='ocr_line' id='line_1_63' title="bbox 259 1732 1049 1768; baseline 0.001 -9"><span class='ocrx_word' id='word_1_465' title='bbox 259 1732 321 1759; x_wconf 84' lang='lat' dir='ltr'><strong>aliis</strong></span> <span class='ocrx_word' id='word_1_466' title='bbox 333 1733 426 1760; x_wconf 87' lang='lat' dir='ltr'><strong>multis</strong></span> <span class='ocrx_word' id='word_1_467' title='bbox 438 1733 614 1760; x_wconf 87' lang='lat' dir='ltr'><strong>inducuntur.</strong></span> <span class='ocrx_word' id='word_1_468' title='bbox 626 1732 663 1760; x_wconf 77' lang='lat' dir='ltr'><strong>Ex</strong></span> <span class='ocrx_word' id='word_1_469' title='bbox 673 1733 774 1768; x_wconf 85' lang='lat' dir='ltr'><strong>quibus</strong></span> <span class='ocrx_word' id='word_1_470' title='bbox 785 1732 930 1761; x_wconf 84' lang='lat' dir='ltr'><strong>Pltanetem</strong></span> <span class='ocrx_word' id='word_1_471' title='bbox 945 1733 1049 1761; x_wconf 90' lang='lat' dir='ltr'><strong>inducit</strong></span> 
     </span>
    </p>
   </div>
   <div class='ocr_carea' id='block_1_64' title="bbox 260 1779 1048 1814">
    <p class='ocr_par' dir='ltr' id='par_1_64' title="bbox 260 1779 1048 1814">
     <span class='ocr_line' id='line_1_64' title="bbox 260 1779 1048 1814; baseline 0.003 -10"><span class='ocrx_word' id='word_1_472' title='bbox 260 1785 356 1813; x_wconf 87' lang='lat' dir='ltr'><strong>penem</strong></span> <span class='ocrx_word' id='word_1_473' title='bbox 375 1783 449 1806; x_wconf 87' lang='lat' dir='ltr'><strong>retro</strong></span> <span class='ocrx_word' id='word_1_474' title='bbox 462 1779 535 1806; x_wconf 78' lang='lat' dir='ltr'><strong>circa</strong></span> <span class='ocrx_word' id='word_1_475' title='bbox 559 1783 638 1806; x_wconf 86' lang='lat' dir='ltr'><strong>nates</strong></span> <span class='ocrx_word' id='word_1_476' title='bbox 655 1779 802 1806; x_wconf 84' lang='lat' dir='ltr'><strong>habentem</strong></span> <span class='ocrx_word' id='word_1_477' title='bbox 819 1780 968 1814; x_wconf 77' lang='lat' dir='ltr'><strong>:aiuntque</strong></span> <span class='ocrx_word' id='word_1_478' title='bbox 985 1787 1048 1807; x_wconf 92' lang='lat' dir='ltr'><strong>eum</strong></span> 
     </span>
    </p>
   </div>
   <div class='ocr_carea' id='block_1_65' title="bbox 260 1823 1048 1859">
    <p class='ocr_par' dir='ltr' id='par_1_65' title="bbox 260 1823 1048 1859">
     <span class='ocr_line' id='line_1_65' title="bbox 260 1823 1048 1859; baseline 0.004 -10"><span class='ocrx_word' id='word_1_479' title='bbox 260 1823 376 1851; x_wconf 65' lang='lat' dir='ltr'><strong>vivifica</strong></span> <span class='ocrx_word' id='word_1_480' title='bbox 390 1823 531 1852; x_wconf 84' lang='lat' dir='ltr'><strong>facultatis</strong></span> <span class='ocrx_word' id='word_1_481' title='bbox 551 1823 694 1858; x_wconf 66' lang='lat' dir='ltr'><strong>praesidem</strong></span> <span class='ocrx_word' id='word_1_482' title='bbox 711 1828 796 1859; x_wconf 88' lang='lat' dir='ltr'><strong>atque</strong></span> <span class='ocrx_word' id='word_1_483' title='bbox 811 1825 963 1852; x_wconf 84' lang='lat' dir='ltr'><strong>antistitem</strong></span> <span class='ocrx_word' id='word_1_484' title='bbox 976 1833 1048 1852; x_wconf 87' lang='lat' dir='ltr'><strong>esse.</strong></span> 
     </span>
    </p>
   </div>
   <div class='ocr_carea' id='block_1_66' title="bbox 258 1869 1048 1905">
    <p class='ocr_par' dir='ltr' id='par_1_66' title="bbox 258 1869 1048 1905">
     <span class='ocr_line' id='line_1_66' title="bbox 258 1869 1048 1905; baseline 0.003 -9"><span class='ocrx_word' id='word_1_485' title='bbox 258 1869 405 1897; x_wconf 78' lang='lat' dir='ltr'><strong>Consimili</strong></span> <span class='ocrx_word' id='word_1_486' title='bbox 424 1871 507 1898; x_wconf 91' lang='lat' dir='ltr'><strong>modo</strong></span> <span class='ocrx_word' id='word_1_487' title='bbox 528 1869 700 1905; x_wconf 65' lang='lat' dir='ltr'><strong>Ericapaeum</strong></span> <span class='ocrx_word' id='word_1_488' title='bbox 724 1871 770 1897; x_wconf 89' lang='lat' dir='ltr'><strong>alii</strong></span> <span class='ocrx_word' id='word_1_489' title='bbox 789 1871 909 1905; x_wconf 84' lang='lat' dir='ltr'><strong>cuipiam</strong></span> <span class='ocrx_word' id='word_1_490' title='bbox 926 1870 1048 1899; x_wconf 87' lang='lat' dir='ltr'><strong>facultati</strong></span> 
     </span>
    </p>
   </div>
   <div class='ocr_carea' id='block_1_67' title="bbox 260 1916 1049 1951">
    <p class='ocr_par' dir='ltr' id='par_1_67' title="bbox 260 1916 1049 1951">
     <span class='ocr_line' id='line_1_67' title="bbox 260 1916 1049 1951; baseline 0.003 -9"><span class='ocrx_word' id='word_1_491' title='bbox 260 1924 379 1950; x_wconf 74' lang='lat' dir='ltr'><strong>praeesse</strong></span> <span class='ocrx_word' id='word_1_492' title='bbox 394 1921 520 1944; x_wconf 89' lang='lat' dir='ltr'><strong>narrant.</strong></span> <span class='ocrx_word' id='word_1_493' title='bbox 535 1916 614 1949; x_wconf 81' lang='lat' dir='ltr'><strong>Quod</strong></span> <span class='ocrx_word' id='word_1_494' title='bbox 631 1921 722 1943; x_wconf 89' lang='lat' dir='ltr'><strong>autem</strong></span> <span class='ocrx_word' id='word_1_495' title='bbox 743 1917 776 1944; x_wconf 88' lang='lat' dir='ltr'><strong>de</strong></span> <span class='ocrx_word' id='word_1_496' title='bbox 789 1924 832 1949; x_wconf 88' lang='lat' dir='ltr'><strong>eo,</strong></span> <span class='ocrx_word' id='word_1_497' title='bbox 849 1916 895 1951; x_wconf 88' lang='lat' dir='ltr'><strong>qui</strong></span> <span class='ocrx_word' id='word_1_498' title='bbox 909 1916 975 1944; x_wconf 86' lang='lat' dir='ltr'><strong>deos</strong></span> <span class='ocrx_word' id='word_1_499' title='bbox 990 1924 1049 1944; x_wconf 82' lang='lat' dir='ltr'><strong>om-</strong></span> 
     </span>
    </p>
   </div>
   <div class='ocr_carea' id='block_1_68' title="bbox 259 1962 1048 1998">
    <p class='ocr_par' dir='ltr' id='par_1_68' title="bbox 259 1962 1048 1998">
     <span class='ocr_line' id='line_1_68' title="bbox 259 1962 1048 1998; baseline 0.001 -8"><span class='ocrx_word' id='word_1_500' title='bbox 259 1970 309 1990; x_wconf 85' lang='lat' dir='ltr'><strong>nes</strong></span> <span class='ocrx_word' id='word_1_501' title='bbox 329 1963 488 1995; x_wconf 80' lang='lat' dir='ltr'><strong>devorabat.</strong></span> <span class='ocrx_word' id='word_1_502' title='bbox 507 1963 639 1998; x_wconf 83' lang='lat' dir='ltr'><strong>loquitur.</strong></span> <span class='ocrx_word' id='word_1_503' title='bbox 656 1970 709 1990; x_wconf 91' lang='lat' dir='ltr'><strong>non</strong></span> <span class='ocrx_word' id='word_1_504' title='bbox 726 1962 895 1998; x_wconf 66' lang='lat' dir='ltr'><strong>Erirapaenm</strong></span> <span class='ocrx_word' id='word_1_505' title='bbox 911 1962 1048 1998; x_wconf 79' lang='lat' dir='ltr'><strong>intelligit.</strong></span> 
     </span>
    </p>
   </div>
   <div class='ocr_carea' id='block_1_69' title="bbox 260 2008 1050 2044">
    <p class='ocr_par' dir='ltr' id='par_1_69' title="bbox 260 2008 1050 2044">
     <span class='ocr_line' id='line_1_69' title="bbox 260 2008 1050 2044; baseline 0 -8"><span class='ocrx_word' id='word_1_506' title='bbox 260 2009 308 2036; x_wconf 75' lang='lat' dir='ltr'><strong>sed</strong></span> <span class='ocrx_word' id='word_1_507' title='bbox 329 2009 490 2036; x_wconf 84' lang='lat' dir='ltr'><strong>Saturnum.</strong></span> <span class='ocrx_word' id='word_1_508' title='bbox 507 2008 557 2036; x_wconf 85' lang='lat' dir='ltr'><strong>Hic</strong></span> <span class='ocrx_word' id='word_1_509' title='bbox 573 2009 645 2036; x_wconf 84' lang='lat' dir='ltr'><strong>enim</strong></span> <span class='ocrx_word' id='word_1_510' title='bbox 661 2008 732 2036; x_wconf 88' lang='lat' dir='ltr'><strong>filios</strong></span> <span class='ocrx_word' id='word_1_511' title='bbox 751 2008 822 2036; x_wconf 87' lang='lat' dir='ltr'><strong>duos</strong></span> <span class='ocrx_word' id='word_1_512' title='bbox 839 2016 908 2044; x_wconf 88' lang='lat' dir='ltr'><strong>quos</strong></span> <span class='ocrx_word' id='word_1_513' title='bbox 922 2016 1050 2044; x_wconf 87' lang='lat' dir='ltr'><strong>procrea-</strong></span> 
     </span>
    </p>
   </div>
   <div class='ocr_carea' id='block_1_70' title="bbox 258 2053 1047 2086">
    <p class='ocr_par' dir='ltr' id='par_1_70' title="bbox 258 2053 1047 2086">
     <span class='ocr_line' id='line_1_70' title="bbox 258 2053 1047 2086; baseline -0.003 -4"><span class='ocrx_word' id='word_1_514' title='bbox 258 2058 313 2086; x_wconf 85' lang='lat' dir='ltr'><strong>t&#39;at,</strong></span> <span class='ocrx_word' id='word_1_515' title='bbox 341 2054 500 2084; x_wconf 82' lang='lat' dir='ltr'><strong>devorasse.</strong></span> <span class='ocrx_word' id='word_1_516' title='bbox 527 2061 560 2081; x_wconf 89' lang='lat' dir='ltr'><strong>ac</strong></span> <span class='ocrx_word' id='word_1_517' title='bbox 584 2054 731 2081; x_wconf 82' lang='lat' dir='ltr'><strong>devoratos</strong></span> <span class='ocrx_word' id='word_1_518' title='bbox 756 2054 911 2081; x_wconf 87' lang='lat' dir='ltr'><strong>evomuisse</strong></span> <span class='ocrx_word' id='word_1_519' title='bbox 934 2053 1047 2081; x_wconf 83' lang='lat' dir='ltr'><strong>dicitur.</strong></span> 
     </span>
    </p>
   </div>
   <div class='ocr_carea' id='block_1_71' title="bbox 260 2097 1049 2131">
    <p class='ocr_par' dir='ltr' id='par_1_71' title="bbox 260 2097 1049 2131">
     <span class='ocr_line' id='line_1_71' title="bbox 260 2097 1049 2131; baseline 0.003 -6"><span class='ocrx_word' id='word_1_520' title='bbox 260 2097 328 2125; x_wconf 77' lang='lat' dir='ltr'><strong>Nam</strong></span> <span class='ocrx_word' id='word_1_521' title='bbox 342 2107 404 2126; x_wconf 88' lang='lat' dir='ltr'><strong>cum</strong></span> <span class='ocrx_word' id='word_1_522' title='bbox 419 2099 495 2127; x_wconf 86' lang='lat' dir='ltr'><strong>Jovis</strong></span> <span class='ocrx_word' id='word_1_523' title='bbox 509 2098 570 2126; x_wconf 92' lang='lat' dir='ltr'><strong>loco</strong></span> <span class='ocrx_word' id='word_1_524' title='bbox 586 2107 683 2126; x_wconf 78' lang='lat' dir='ltr'><strong>saxum</strong></span> <span class='ocrx_word' id='word_1_525' title='bbox 701 2098 871 2131; x_wconf 85' lang='lat' dir='ltr'><strong>devorasset.</strong></span> <span class='ocrx_word' id='word_1_526' title='bbox 890 2099 1049 2127; x_wconf 79' lang='lat' dir='ltr'><strong>subsidente</strong></span> 
     </span>
    </p>
   </div>
   <div class='ocr_carea' id='block_1_72' title="bbox 260 2145 606 2173">
    <p class='ocr_par' dir='ltr' id='par_1_72' title="bbox 260 2145 606 2173">
     <span class='ocr_line' id='line_1_72' title="bbox 260 2145 606 2173; baseline -0.003 -1"><span class='ocrx_word' id='word_1_527' title='bbox 260 2152 329 2173; x_wconf 72' lang='lat' dir='ltr'><strong>saxo</strong></span> <span class='ocrx_word' id='word_1_528' title='bbox 343 2150 458 2172; x_wconf 85' lang='lat' dir='ltr'><strong>cunctos</strong></span> <span class='ocrx_word' id='word_1_529' title='bbox 473 2145 606 2172; x_wconf 87' lang='lat' dir='ltr'><strong>evomuit.</strong></span> 
     </span>
    </p>
   </div>
   <div class='ocr_carea' id='block_1_73' title="bbox 538 2212 786 2241">
    <p class='ocr_par' dir='ltr' id='par_1_73' title="bbox 538 2212 786 2241">
     <span class='ocr_line' id='line_1_73' title="bbox 538 2212 786 2241; baseline 0 -2"><span class='ocrx_word' id='word_1_530' title='bbox 538 2213 581 2241; x_wconf 75' lang='lat'><strong>79.</strong></span> <span class='ocrx_word' id='word_1_531' title='bbox 603 2212 642 2240; x_wconf 75' lang='lat' dir='ltr'><strong>De</strong></span> <span class='ocrx_word' id='word_1_532' title='bbox 659 2212 786 2240; x_wconf 76' lang='lat' dir='ltr'><strong>Hmner&#39;o.</strong></span> 
     </span>
    </p>
   </div>
   <div class='ocr_carea' id='block_1_74' title="bbox 295 2280 1050 2318">
    <p class='ocr_par' dir='ltr' id='par_1_74' title="bbox 295 2280 1050 2318">
     <span class='ocr_line' id='line_1_74' title="bbox 295 2280 1050 2318; baseline 0 -8"><span class='ocrx_word' id='word_1_533' title='bbox 295 2280 431 2310; x_wconf 77' lang='lat' dir='ltr'><strong>Homerus</strong></span> <span class='ocrx_word' id='word_1_534' title='bbox 456 2282 484 2309; x_wconf 92' lang='lat' dir='ltr'><strong>in</strong></span> <span class='ocrx_word' id='word_1_535' title='bbox 507 2282 565 2310; x_wconf 79' lang='lat' dir='ltr'><strong>suis</strong></span> <span class='ocrx_word' id='word_1_536' title='bbox 580 2282 716 2317; x_wconf 87' lang='lat' dir='ltr'><strong>poematis</strong></span> <span class='ocrx_word' id='word_1_537' title='bbox 733 2289 842 2310; x_wconf 86' lang='lat' dir='ltr'><strong>sursum</strong></span> <span class='ocrx_word' id='word_1_538' title='bbox 865 2282 1050 2318; x_wconf 81' lang='lat' dir='ltr'><strong>deorsumque</strong></span> 
     </span>
    </p>
   </div>
   <div class='ocr_carea' id='block_1_75' title="bbox 1207 1640 1788 1678">
    <p class='ocr_par' dir='ltr' id='par_1_75' title="bbox 1207 1640 1788 1678">
     <span class='ocr_line' id='line_1_75' title="bbox 1207 1640 1788 1678; baseline -0.007 -8"><span class='ocrx_word' id='word_1_539' title='bbox 1207 1646 1256 1678; x_wconf 60' lang='grc' dir='ltr'><strong>οη.</strong></span> <span class='ocrx_word' id='word_1_540' title='bbox 1279 1642 1349 1676; x_wconf 75' lang='grc' dir='ltr'>Περὶ</span> <span class='ocrx_word' id='word_1_541' title='bbox 1366 1641 1501 1675; x_wconf 78' lang='grc' dir='ltr'>Φάνητος</span> <span class='ocrx_word' id='word_1_542' title='bbox 1517 1640 1565 1668; x_wconf 73' lang='grc' dir='ltr'>καὶ</span> <span class='ocrx_word' id='word_1_543' title='bbox 1584 1640 1788 1675; x_wconf 78' lang='grc' dir='ltr'>Ἠρικαπαίου.</span> 
     </span>
    </p>
   </div>
   <div class='ocr_carea' id='block_1_76' title="bbox 1145 1684 1896 1722">
    <p class='ocr_par' dir='ltr' id='par_1_76' title="bbox 1145 1684 1896 1722">
     <span class='ocr_line' id='line_1_76' title="bbox 1145 1684 1896 1722; baseline -0.003 -8"><span class='ocrx_word' id='word_1_544' title='bbox 1145 1689 1189 1715; x_wconf 88' lang='grc' dir='ltr'>Ὲν</span> <span class='ocrx_word' id='word_1_545' title='bbox 1209 1689 1266 1719; x_wconf 89' lang='grc' dir='ltr'>τοῖς</span> <span class='ocrx_word' id='word_1_546' title='bbox 1295 1688 1433 1722; x_wconf 79' lang='grc' dir='ltr'>Ὀρφικοῖς</span> <span class='ocrx_word' id='word_1_547' title='bbox 1457 1687 1608 1721; x_wconf 76' lang='grc' dir='ltr'>ποιήμασιν</span> <span class='ocrx_word' id='word_1_548' title='bbox 1629 1684 1775 1721; x_wconf 78' lang='grc' dir='ltr'>εἰσηνέχθη</span> <span class='ocrx_word' id='word_1_549' title='bbox 1799 1685 1832 1712; x_wconf 73' lang='grc' dir='ltr'><strong>τὰ</strong></span> <span class='ocrx_word' id='word_1_550' title='bbox 1850 1685 1896 1712; x_wconf 72' lang='grc' dir='ltr'>δύο</span> 
     </span>
    </p>
   </div>
   <div class='ocr_carea' id='block_1_77' title="bbox 1101 1729 1893 1769">
    <p class='ocr_par' dir='ltr' id='par_1_77' title="bbox 1101 1729 1893 1769">
     <span class='ocr_line' id='line_1_77' title="bbox 1101 1729 1893 1769; baseline -0.006 -7"><span class='ocrx_word' id='word_1_551' title='bbox 1101 1735 1188 1762; x_wconf 78' lang='grc' dir='ltr'>ταῦτα</span> <span class='ocrx_word' id='word_1_552' title='bbox 1203 1734 1325 1769; x_wconf 85' lang='grc' dir='ltr'>ὀνόματα</span> <span class='ocrx_word' id='word_1_553' title='bbox 1344 1733 1414 1768; x_wconf 79' lang='grc' dir='ltr'>μετὰ</span> <span class='ocrx_word' id='word_1_554' title='bbox 1430 1733 1477 1759; x_wconf 76' lang='grc' dir='ltr'>καὶ</span> <span class='ocrx_word' id='word_1_555' title='bbox 1492 1732 1579 1759; x_wconf 79' lang='grc' dir='ltr'>ἄλλων</span> <span class='ocrx_word' id='word_1_556' title='bbox 1591 1731 1706 1758; x_wconf 82' lang='grc' dir='ltr'>πολλῶν·</span> <span class='ocrx_word' id='word_1_557' title='bbox 1721 1729 1770 1762; x_wconf 81' lang='grc' dir='ltr'><strong>ὦν,</strong></span> <span class='ocrx_word' id='word_1_558' title='bbox 1786 1731 1832 1758; x_wconf 74' lang='grc' dir='ltr'>τὸν</span> <span class='ocrx_word' id='word_1_559' title='bbox 1843 1731 1893 1758; x_wconf 76' lang='grc' dir='ltr'><strong>Φά-</strong></span> 
     </span>
    </p>
   </div>
   <div class='ocr_carea' id='block_1_78' title="bbox 1102 1778 1895 1817">
    <p class='ocr_par' dir='ltr' id='par_1_78' title="bbox 1102 1778 1895 1817">
     <span class='ocr_line' id='line_1_78' title="bbox 1102 1778 1895 1817; baseline -0.001 -10"><span class='ocrx_word' id='word_1_560' title='bbox 1102 1790 1171 1817; x_wconf 77' lang='grc' dir='ltr'>νητα</span> <span class='ocrx_word' id='word_1_561' title='bbox 1184 1780 1306 1816; x_wconf 75' lang='grc' dir='ltr'>εἰσφέρει</span> <span class='ocrx_word' id='word_1_562' title='bbox 1323 1780 1422 1806; x_wconf 82' lang='grc' dir='ltr'>αίδοῖον</span> <span class='ocrx_word' id='word_1_563' title='bbox 1435 1779 1532 1814; x_wconf 76' lang='grc' dir='ltr'>ἔχοντα</span> <span class='ocrx_word' id='word_1_564' title='bbox 1545 1779 1634 1805; x_wconf 77' lang='grc' dir='ltr'>ὀπίσω</span> <span class='ocrx_word' id='word_1_565' title='bbox 1648 1779 1712 1814; x_wconf 81' lang='grc' dir='ltr'>περὶ</span> <span class='ocrx_word' id='word_1_566' title='bbox 1730 1778 1780 1814; x_wconf 80' lang='grc' dir='ltr'>τὴν</span> <span class='ocrx_word' id='word_1_567' title='bbox 1793 1779 1895 1814; x_wconf 80' lang='grc' dir='ltr'>πυγή-ι.</span> 
     </span>
    </p>
   </div>
   <div class='ocr_carea' id='block_1_79' title="bbox 1102 1823 1895 1862">
    <p class='ocr_par' dir='ltr' id='par_1_79' title="bbox 1102 1823 1895 1862">
     <span class='ocr_line' id='line_1_79' title="bbox 1102 1823 1895 1862; baseline -0.004 -7"><span class='ocrx_word' id='word_1_568' title='bbox 1102 1828 1218 1862; x_wconf 81' lang='grc' dir='ltr'>Λέγουσι</span> <span class='ocrx_word' id='word_1_569' title='bbox 1239 1827 1268 1854; x_wconf 79' lang='grc' dir='ltr'>δὲ</span> <span class='ocrx_word' id='word_1_570' title='bbox 1285 1826 1367 1854; x_wconf 82' lang='grc' dir='ltr'>αὑτὸν</span> <span class='ocrx_word' id='word_1_571' title='bbox 1387 1825 1486 1862; x_wconf 78' lang='grc' dir='ltr'>ἔφορον</span> <span class='ocrx_word' id='word_1_572' title='bbox 1503 1823 1575 1853; x_wconf 82' lang='grc' dir='ltr'>εἶναι</span> <span class='ocrx_word' id='word_1_573' title='bbox 1596 1826 1646 1861; x_wconf 88' lang='grc' dir='ltr'>τῆς</span> <span class='ocrx_word' id='word_1_574' title='bbox 1666 1825 1800 1860; x_wconf 76' lang='grc' dir='ltr'>ζωογόνου</span> <span class='ocrx_word' id='word_1_575' title='bbox 1817 1826 1895 1853; x_wconf 82' lang='grc' dir='ltr'>δυνά-</span> 
     </span>
    </p>
   </div>
   <div class='ocr_carea' id='block_1_80' title="bbox 1104 1871 1895 1910">
    <p class='ocr_par' dir='ltr' id='par_1_80' title="bbox 1104 1871 1895 1910">
     <span class='ocr_line' id='line_1_80' title="bbox 1104 1871 1895 1910; baseline -0.003 -9"><span class='ocrx_word' id='word_1_576' title='bbox 1104 1882 1177 1910; x_wconf 86' lang='grc' dir='ltr'>μεως</span> <span class='ocrx_word' id='word_1_577' title='bbox 1187 1883 1193 1889; x_wconf 92' lang='grc'><strong>·</strong></span> <span class='ocrx_word' id='word_1_578' title='bbox 1207 1873 1308 1909; x_wconf 81' lang='grc' dir='ltr'>ὁμοίως</span> <span class='ocrx_word' id='word_1_579' title='bbox 1326 1873 1355 1899; x_wconf 76' lang='grc' dir='ltr'>δὲ</span> <span class='ocrx_word' id='word_1_580' title='bbox 1370 1873 1418 1900; x_wconf 70' lang='grc' dir='ltr'>καὶ</span> <span class='ocrx_word' id='word_1_581' title='bbox 1433 1872 1479 1898; x_wconf 80' lang='grc' dir='ltr'><strong>τὸν</strong></span> <span class='ocrx_word' id='word_1_582' title='bbox 1498 1871 1681 1907; x_wconf 85' lang='grc' dir='ltr'>Ἦρικαπαῖον</span> <span class='ocrx_word' id='word_1_583' title='bbox 1700 1873 1826 1906; x_wconf 85' lang='grc' dir='ltr'>λέγουσιν</span> <span class='ocrx_word' id='word_1_584' title='bbox 1839 1872 1895 1899; x_wconf 75' lang='grc' dir='ltr'><strong>ὲ.τέ-</strong></span> 
     </span>
    </p>
   </div>
   <div class='ocr_carea' id='block_1_81' title="bbox 1105 1916 1896 1958">
    <p class='ocr_par' dir='ltr' id='par_1_81' title="bbox 1105 1916 1896 1958">
     <span class='ocr_line' id='line_1_81' title="bbox 1105 1916 1896 1958; baseline -0.005 -10"><span class='ocrx_word' id='word_1_585' title='bbox 1105 1929 1156 1958; x_wconf 81' lang='grc' dir='ltr'><strong>ρας</strong></span> <span class='ocrx_word' id='word_1_586' title='bbox 1172 1919 1270 1955; x_wconf 69' lang='grc' dir='ltr'>ἔφορον</span> <span class='ocrx_word' id='word_1_587' title='bbox 1286 1916 1355 1946; x_wconf 75' lang='grc' dir='ltr'>εἷναι</span> <span class='ocrx_word' id='word_1_588' title='bbox 1369 1917 1522 1953; x_wconf 80' lang='grc' dir='ltr'>δυνάμεως.</span> <span class='ocrx_word' id='word_1_589' title='bbox 1539 1917 1607 1953; x_wconf 78' lang='grc' dir='ltr'>Περὶ</span> <span class='ocrx_word' id='word_1_590' title='bbox 1623 1917 1652 1944; x_wconf 74' lang='grc' dir='ltr'>δὲ</span> <span class='ocrx_word' id='word_1_591' title='bbox 1668 1917 1727 1949; x_wconf 81' lang='grc' dir='ltr'>τοῦ,</span> <span class='ocrx_word' id='word_1_592' title='bbox 1750 1918 1779 1945; x_wconf 91' lang='lat'><strong>&#39;0</strong></span> <span class='ocrx_word' id='word_1_593' title='bbox 1794 1919 1896 1949; x_wconf 77' lang='grc' dir='ltr'>πάντας</span> 
     </span>
    </p>
   </div>
   <div class='ocr_carea' id='block_1_82' title="bbox 1103 1962 1895 1999">
    <p class='ocr_par' dir='ltr' id='par_1_82' title="bbox 1103 1962 1895 1999">
     <span class='ocr_line' id='line_1_82' title="bbox 1103 1962 1895 1999; baseline -0.001 -7"><span class='ocrx_word' id='word_1_594' title='bbox 1103 1965 1260 1992; x_wconf 72' lang='grc' dir='ltr'>καταπίνων</span> <span class='ocrx_word' id='word_1_595' title='bbox 1273 1964 1369 1996; x_wconf 83' lang='grc' dir='ltr'>θεοὺς,</span> <span class='ocrx_word' id='word_1_596' title='bbox 1390 1964 1421 1990; x_wconf 84' lang='grc' dir='ltr'>οὑ</span> <span class='ocrx_word' id='word_1_597' title='bbox 1446 1963 1522 1997; x_wconf 83' lang='grc' dir='ltr'>λέγει</span> <span class='ocrx_word' id='word_1_598' title='bbox 1540 1963 1605 1999; x_wconf 76' lang='grc' dir='ltr'>περὶ</span> <span class='ocrx_word' id='word_1_599' title='bbox 1621 1962 1669 1989; x_wconf 84' lang='grc' dir='ltr'>τοῦ</span> <span class='ocrx_word' id='word_1_600' title='bbox 1695 1963 1895 1999; x_wconf 72' lang='grc' dir='ltr'>Ἡρικαπαίου,</span> 
     </span>
    </p>
   </div>
   <div class='ocr_carea' id='block_1_83' title="bbox 1103 2006 1895 2047">
    <p class='ocr_par' dir='ltr' id='par_1_83' title="bbox 1103 2006 1895 2047">
     <span class='ocr_line' id='line_1_83' title="bbox 1103 2006 1895 2047; baseline -0.006 -8"><span class='ocrx_word' id='word_1_601' title='bbox 1103 2012 1170 2039; x_wconf 76' lang='grc' dir='ltr'>ἀλλὰ</span> <span class='ocrx_word' id='word_1_602' title='bbox 1183 2012 1247 2047; x_wconf 79' lang='grc' dir='ltr'>περὶ</span> <span class='ocrx_word' id='word_1_603' title='bbox 1258 2010 1304 2038; x_wconf 82' lang='grc' dir='ltr'>τοῦ</span> <span class='ocrx_word' id='word_1_604' title='bbox 1319 2011 1436 2046; x_wconf 83' lang='grc' dir='ltr'>Κρόνου.</span> <span class='ocrx_word' id='word_1_605' title='bbox 1450 2009 1566 2044; x_wconf 79' lang='grc' dir='ltr'>Λέγεται</span> <span class='ocrx_word' id='word_1_606' title='bbox 1579 2009 1634 2045; x_wconf 88' lang='grc' dir='ltr'><strong>γὰρ</strong></span> <span class='ocrx_word' id='word_1_607' title='bbox 1645 2006 1732 2040; x_wconf 78' lang='grc' dir='ltr'>οὗτος,</span> <span class='ocrx_word' id='word_1_608' title='bbox 1744 2009 1791 2042; x_wconf 79' lang='grc' dir='ltr'>οὓς</span> <span class='ocrx_word' id='word_1_609' title='bbox 1804 2009 1895 2037; x_wconf 70' lang='grc' dir='ltr'>ἔτεκεν</span> 
     </span>
    </p>
   </div>
   <div class='ocr_carea' id='block_1_84' title="bbox 1103 2055 1895 2090">
    <p class='ocr_par' dir='ltr' id='par_1_84' title="bbox 1103 2055 1895 2090">
     <span class='ocr_line' id='line_1_84' title="bbox 1103 2055 1895 2090; baseline -0.005 -5"><span class='ocrx_word' id='word_1_610' title='bbox 1103 2059 1189 2090; x_wconf 67' lang='grc' dir='ltr'>υἱοὺς.</span> <span class='ocrx_word' id='word_1_611' title='bbox 1208 2058 1289 2084; x_wconf 82' lang='grc' dir='ltr'>πάλιν</span> <span class='ocrx_word' id='word_1_612' title='bbox 1305 2057 1459 2087; x_wconf 73' lang='grc' dir='ltr'>καταπιεῖν,</span> <span class='ocrx_word' id='word_1_613' title='bbox 1474 2056 1521 2082; x_wconf 63' lang='grc' dir='ltr'><strong>καὶ⁹</strong></span> <span class='ocrx_word' id='word_1_614' title='bbox 1535 2055 1634 2090; x_wconf 68' lang='grc' dir='ltr'>ἐμέσαι</span> <span class='ocrx_word' id='word_1_615' title='bbox 1645 2055 1692 2086; x_wconf 76' lang='grc' dir='ltr'>οὓς</span> <span class='ocrx_word' id='word_1_616' title='bbox 1707 2055 1757 2090; x_wconf 69' lang='grc' dir='ltr'><strong>ἤδη</strong></span> <span class='ocrx_word' id='word_1_617' title='bbox 1771 2055 1895 2082; x_wconf 78' lang='grc' dir='ltr'>κατέπιε.</span> 
     </span>
    </p>
   </div>
   <div class='ocr_carea' id='block_1_85' title="bbox 1103 2101 1895 2139">
    <p class='ocr_par' dir='ltr' id='par_1_85' title="bbox 1103 2101 1895 2139">
     <span class='ocr_line' id='line_1_85' title="bbox 1103 2101 1895 2139; baseline -0.006 -7"><span class='ocrx_word' id='word_1_618' title='bbox 1103 2105 1219 2139; x_wconf 73' lang='grc' dir='ltr'>Λέγεται</span> <span class='ocrx_word' id='word_1_619' title='bbox 1238 2104 1311 2130; x_wconf 91' lang='grc' dir='ltr'>λίθον</span> <span class='ocrx_word' id='word_1_620' title='bbox 1327 2103 1471 2130; x_wconf 82' lang='grc' dir='ltr'>καταπιεῖν</span> <span class='ocrx_word' id='word_1_621' title='bbox 1493 2102 1554 2129; x_wconf 80' lang='grc' dir='ltr'>ἀντὶ</span> <span class='ocrx_word' id='word_1_622' title='bbox 1570 2101 1616 2128; x_wconf 79' lang='grc' dir='ltr'>τοῦ</span> <span class='ocrx_word' id='word_1_623' title='bbox 1635 2102 1707 2133; x_wconf 80' lang='grc' dir='ltr'>Διὸς,</span> <span class='ocrx_word' id='word_1_624' title='bbox 1723 2102 1771 2128; x_wconf 72' lang='grc' dir='ltr'><strong>καὶ</strong></span> <span class='ocrx_word' id='word_1_625' title='bbox 1791 2102 1838 2128; x_wconf 73' lang='grc' dir='ltr'>τοῦ</span> <span class='ocrx_word' id='word_1_626' title='bbox 1858 2101 1895 2128; x_wconf 82' lang='grc' dir='ltr'>λί-</span> 
     </span>
    </p>
   </div>
   <div class='ocr_carea' id='block_1_86' title="bbox 1103 2147 1585 2184">
    <p class='ocr_par' dir='ltr' id='par_1_86' title="bbox 1103 2147 1585 2184">
     <span class='ocr_line' id='line_1_86' title="bbox 1103 2147 1585 2184; baseline -0.006 -7"><span class='ocrx_word' id='word_1_627' title='bbox 1103 2150 1150 2177; x_wconf 80' lang='grc' dir='ltr'><strong>θου</strong></span> <span class='ocrx_word' id='word_1_628' title='bbox 1166 2149 1342 2180; x_wconf 81' lang='grc' dir='ltr'>κατελθόντος</span> <span class='ocrx_word' id='word_1_629' title='bbox 1356 2148 1455 2184; x_wconf 76' lang='grc' dir='ltr'>ἐμέσαι</span> <span class='ocrx_word' id='word_1_630' title='bbox 1470 2147 1585 2179; x_wconf 79' lang='grc' dir='ltr'>πάντας.</span> 
     </span>
    </p>
   </div>
   <div class='ocr_carea' id='block_1_87' title="bbox 1349 2214 1646 2249">
    <p class='ocr_par' dir='ltr' id='par_1_87' title="bbox 1349 2214 1646 2249">
     <span class='ocr_line' id='line_1_87' title="bbox 1349 2214 1646 2249; baseline -0.003 -7"><span class='ocrx_word' id='word_1_631' title='bbox 1349 2214 1398 2242; x_wconf 71' lang='grc' dir='ltr'>οθν.</span> <span class='ocrx_word' id='word_1_632' title='bbox 1415 2214 1485 2248; x_wconf 72' lang='grc' dir='ltr'>Περὶ</span> <span class='ocrx_word' id='word_1_633' title='bbox 1505 2214 1646 2249; x_wconf 77' lang='grc' dir='ltr'>Ὁμήρου.</span> 
     </span>
    </p>
   </div>
   <div class='ocr_carea' id='block_1_88' title="bbox 1139 2271 1895 2310">
    <p class='ocr_par' dir='ltr' id='par_1_88' title="bbox 1139 2271 1895 2310">
     <span class='ocr_line' id='line_1_88' title="bbox 1139 2271 1895 2310; baseline -0.004 -8"><span class='ocrx_word' id='word_1_634' title='bbox 1139 2275 1194 2302; x_wconf 74' lang='grc' dir='ltr'><strong>Καὶ</strong></span> <span class='ocrx_word' id='word_1_635' title='bbox 1217 2275 1233 2310; x_wconf 80' lang='grc' dir='ltr'>ἡ</span> <span class='ocrx_word' id='word_1_636' title='bbox 1257 2273 1320 2309; x_wconf 75' lang='grc' dir='ltr'>περὶ</span> <span class='ocrx_word' id='word_1_637' title='bbox 1339 2272 1432 2300; x_wconf 78' lang='grc' dir='ltr'>τοῦτον</span> <span class='ocrx_word' id='word_1_638' title='bbox 1455 2271 1673 2308; x_wconf 80' lang='grc' dir='ltr'>πολυθρύλλητος</span> <span class='ocrx_word' id='word_1_639' title='bbox 1701 2271 1817 2307; x_wconf 84' lang='grc' dir='ltr'>ἱστορία.</span> <span class='ocrx_word' id='word_1_640' title='bbox 1851 2271 1895 2299; x_wconf 81' lang='grc' dir='ltr'>Ἐν</span> 
     </span>
    </p>
   </div>
   <div class='ocr_carea' id='block_1_89' title="bbox 259 2317 1050 2363">
    <p class='ocr_par' dir='ltr' id='par_1_89' title="bbox 259 2317 1048 2363">
     <span class='ocr_line' id='line_1_89' title="bbox 259 2317 1048 2363; baseline 0.001 -10"><span class='ocrx_word' id='word_1_641' title='bbox 259 2326 411 2354; x_wconf 82' lang='lat' dir='ltr'><strong>Saturnum</strong></span> <span class='ocrx_word' id='word_1_642' title='bbox 423 2331 450 2353; x_wconf 90' lang='lat' dir='ltr'><strong>et</strong></span> <span class='ocrx_word' id='word_1_643' title='bbox 462 2325 556 2354; x_wconf 89' lang='lat' dir='ltr'><strong>Jovem</strong></span> <span class='ocrx_word' id='word_1_644' title='bbox 571 2327 696 2354; x_wconf 86' lang='lat' dir='ltr'><strong>fabulose</strong></span> <span class='ocrx_word' id='word_1_645' title='bbox 704 2327 802 2363; x_wconf 83' lang='lat' dir='ltr'><strong>jactat.</strong></span> <span class='ocrx_word' id='word_1_646' title='bbox 814 2326 950 2354; x_wconf 84' lang='lat' dir='ltr'><strong>Junonem</strong></span> <span class='ocrx_word' id='word_1_647' title='bbox 966 2317 1048 2354; x_wconf 77' lang='lat' dir='ltr'><strong>etiam</strong></span> 
     </span>
    </p>
   </div>
   <div class='ocr_carea' id='block_1_90' title="bbox 1102 2317 1896 2363">
    <p class='ocr_par' dir='ltr' id='par_1_90' title="bbox 1103 2317 1896 2357">
     <span class='ocr_line' id='line_1_90' title="bbox 1103 2317 1896 2357; baseline -0.004 -9"><span class='ocrx_word' id='word_1_648' title='bbox 1103 2321 1158 2357; x_wconf 77' lang='grc' dir='ltr'><strong>γὰρ</strong></span> <span class='ocrx_word' id='word_1_649' title='bbox 1170 2322 1226 2352; x_wconf 85' lang='grc' dir='ltr'>τοῖς</span> <span class='ocrx_word' id='word_1_650' title='bbox 1241 2320 1392 2355; x_wconf 83' lang='grc' dir='ltr'>ποιήμασιν</span> <span class='ocrx_word' id='word_1_651' title='bbox 1406 2317 1489 2346; x_wconf 78' lang='grc' dir='ltr'>αὑτοῦ</span> <span class='ocrx_word' id='word_1_652' title='bbox 1504 2318 1560 2345; x_wconf 78' lang='grc' dir='ltr'>ἄνω</span> <span class='ocrx_word' id='word_1_653' title='bbox 1576 2325 1606 2343; x_wconf 82' lang='grc' dir='ltr'><strong>τε</strong></span> <span class='ocrx_word' id='word_1_654' title='bbox 1620 2317 1667 2344; x_wconf 80' lang='grc' dir='ltr'>καὶ</span> <span class='ocrx_word' id='word_1_655' title='bbox 1686 2318 1771 2350; x_wconf 81' lang='grc' dir='ltr'>κάτω,</span> <span class='ocrx_word' id='word_1_656' title='bbox 1790 2318 1896 2353; x_wconf 77' lang='grc' dir='ltr'>Κρόνον</span> 
     </span>
    </p>
   </div>
   <div class='ocr_carea' id='block_1_91' title="bbox 259 2372 1050 2409">
    <p class='ocr_par' dir='ltr' id='par_1_91' title="bbox 259 2372 1050 2409">
     <span class='ocr_line' id='line_1_91' title="bbox 259 2372 1050 2409; baseline -0.001 -8"><span class='ocrx_word' id='word_1_657' title='bbox 259 2378 287 2401; x_wconf 86' lang='lat' dir='ltr'><strong>et</strong></span> <span class='ocrx_word' id='word_1_658' title='bbox 300 2373 433 2401; x_wconf 79' lang='lat' dir='ltr'><strong>Venerem</strong></span> <span class='ocrx_word' id='word_1_659' title='bbox 448 2378 475 2400; x_wconf 91' lang='lat' dir='ltr'><strong>et</strong></span> <span class='ocrx_word' id='word_1_660' title='bbox 490 2372 628 2400; x_wconf 83' lang='lat' dir='ltr'><strong>Palladem</strong></span> <span class='ocrx_word' id='word_1_661' title='bbox 645 2380 677 2400; x_wconf 89' lang='lat' dir='ltr'><strong>ac</strong></span> <span class='ocrx_word' id='word_1_662' title='bbox 695 2373 797 2400; x_wconf 87' lang='lat' dir='ltr'><strong>multos</strong></span> <span class='ocrx_word' id='word_1_663' title='bbox 809 2373 878 2401; x_wconf 90' lang='lat' dir='ltr'><strong>alios</strong></span> <span class='ocrx_word' id='word_1_664' title='bbox 889 2373 966 2405; x_wconf 88' lang='lat' dir='ltr'><strong>deos,</strong></span> <span class='ocrx_word' id='word_1_665' title='bbox 980 2381 1050 2409; x_wconf 91' lang='lat' dir='ltr'><strong>quos</strong></span> 
     </span>
    </p>
   </div>
   <div class='ocr_carea' id='block_1_92' title="bbox 259 2419 1049 2456">
    <p class='ocr_par' dir='ltr' id='par_1_92' title="bbox 259 2419 1049 2456">
     <span class='ocr_line' id='line_1_92' title="bbox 259 2419 1049 2456; baseline -0.001 -8"><span class='ocrx_word' id='word_1_666' title='bbox 259 2429 293 2448; x_wconf 76' lang='lat' dir='ltr'><strong>ex</strong></span> <span class='ocrx_word' id='word_1_667' title='bbox 316 2421 392 2456; x_wconf 86' lang='lat' dir='ltr'><strong>poesi</strong></span> <span class='ocrx_word' id='word_1_668' title='bbox 414 2420 540 2455; x_wconf 80' lang='lat' dir='ltr'><strong>cognitos</strong></span> <span class='ocrx_word' id='word_1_669' title='bbox 553 2420 698 2447; x_wconf 87' lang='lat' dir='ltr'><strong>habemus.</strong></span> <span class='ocrx_word' id='word_1_670' title='bbox 716 2419 856 2447; x_wconf 89' lang='lat' dir='ltr'><strong>Comicum</strong></span> <span class='ocrx_word' id='word_1_671' title='bbox 879 2425 969 2446; x_wconf 87' lang='lat' dir='ltr'><strong>autem</strong></span> <span class='ocrx_word' id='word_1_672' title='bbox 987 2427 1049 2447; x_wconf 90' lang='lat' dir='ltr'><strong>eum</strong></span> 
     </span>
    </p>
   </div>
   <div class='ocr_carea' id='block_1_93' title="bbox 260 2466 1051 2502">
    <p class='ocr_par' dir='ltr' id='par_1_93' title="bbox 260 2466 1051 2502">
     <span class='ocr_line' id='line_1_93' title="bbox 260 2466 1051 2502; baseline 0.001 -10"><span class='ocrx_word' id='word_1_673' title='bbox 260 2471 342 2495; x_wconf 83' lang='lat' dir='ltr'><strong>vocat</strong></span> <span class='ocrx_word' id='word_1_674' title='bbox 359 2466 520 2501; x_wconf 84' lang='lat' dir='ltr'><strong>Gregorius.</strong></span> <span class='ocrx_word' id='word_1_675' title='bbox 538 2467 611 2502; x_wconf 89' lang='lat' dir='ltr'><strong>quod</strong></span> <span class='ocrx_word' id='word_1_676' title='bbox 635 2466 766 2494; x_wconf 83' lang='lat' dir='ltr'><strong>nonnulla</strong></span> <span class='ocrx_word' id='word_1_677' title='bbox 787 2466 893 2494; x_wconf 88' lang='lat' dir='ltr'><strong>comice</strong></span> <span class='ocrx_word' id='word_1_678' title='bbox 909 2474 941 2493; x_wconf 91' lang='lat' dir='ltr'><strong>ac</strong></span> <span class='ocrx_word' id='word_1_679' title='bbox 955 2466 1051 2501; x_wconf 86' lang='lat' dir='ltr'><strong>jocose</strong></span> 
     </span>
    </p>
   </div>
   <div class='ocr_carea' id='block_1_94' title="bbox 260 2512 1050 2551">
    <p class='ocr_par' dir='ltr' id='par_1_94' title="bbox 260 2512 1050 2551">
     <span class='ocr_line' id='line_1_94' title="bbox 260 2512 1050 2551; baseline -0.003 -9"><span class='ocrx_word' id='word_1_680' title='bbox 260 2515 295 2542; x_wconf 84' lang='lat' dir='ltr'><strong>de</strong></span> <span class='ocrx_word' id='word_1_681' title='bbox 313 2515 368 2542; x_wconf 88' lang='lat' dir='ltr'><strong>diis</strong></span> <span class='ocrx_word' id='word_1_682' title='bbox 391 2514 548 2549; x_wconf 85' lang='lat' dir='ltr'><strong>protulerit.</strong></span> <span class='ocrx_word' id='word_1_683' title='bbox 579 2518 609 2541; x_wconf 94' lang='lat' dir='ltr'><strong>ut</strong></span> <span class='ocrx_word' id='word_1_684' title='bbox 632 2513 705 2549; x_wconf 87' lang='lat' dir='ltr'><strong>quod</strong></span> <span class='ocrx_word' id='word_1_685' title='bbox 730 2513 802 2551; x_wconf 84' lang='lat' dir='ltr'><strong>Juno</strong></span> <span class='ocrx_word' id='word_1_686' title='bbox 829 2512 947 2548; x_wconf 81' lang='lat' dir='ltr'><strong>eleganti</strong></span> <span class='ocrx_word' id='word_1_687' title='bbox 972 2516 1050 2540; x_wconf 85' lang='lat' dir='ltr'><strong>veste</strong></span> 
     </span>
    </p>
   </div>
   <div class='ocr_carea' id='block_1_95' title="bbox 261 2558 1047 2596">
    <p class='ocr_par' dir='ltr' id='par_1_95' title="bbox 261 2558 1047 2596">
     <span class='ocr_line' id='line_1_95' title="bbox 261 2558 1047 2596; baseline -0.004 -8"><span class='ocrx_word' id='word_1_688' title='bbox 261 2561 358 2589; x_wconf 86' lang='lat' dir='ltr'><strong>induta</strong></span> <span class='ocrx_word' id='word_1_689' title='bbox 372 2560 536 2596; x_wconf 74' lang='lat' dir='ltr'><strong>egregieque</strong></span> <span class='ocrx_word' id='word_1_690' title='bbox 548 2565 646 2587; x_wconf 90' lang='lat' dir='ltr'><strong>ornata</strong></span> <span class='ocrx_word' id='word_1_691' title='bbox 671 2559 705 2587; x_wconf 81' lang='lat' dir='ltr'><strong>ad</strong></span> <span class='ocrx_word' id='word_1_692' title='bbox 727 2558 822 2587; x_wconf 79' lang='lat' dir='ltr'><strong>Jovem</strong></span> <span class='ocrx_word' id='word_1_693' title='bbox 836 2567 866 2587; x_wconf 89' lang='lat' dir='ltr'><strong>se</strong></span> <span class='ocrx_word' id='word_1_694' title='bbox 888 2559 1047 2590; x_wconf 86' lang='lat' dir='ltr'><strong>contulerit,</strong></span> 
     </span>
    </p>
   </div>
   <div class='ocr_carea' id='block_1_96' title="bbox 260 2606 1048 2642">
    <p class='ocr_par' dir='ltr' id='par_1_96' title="bbox 260 2606 1048 2642">
     <span class='ocr_line' id='line_1_96' title="bbox 260 2606 1048 2642; baseline -0.003 -8"><span class='ocrx_word' id='word_1_695' title='bbox 260 2614 379 2642; x_wconf 85' lang='lat' dir='ltr'><strong>eumque</strong></span> <span class='ocrx_word' id='word_1_696' title='bbox 402 2610 433 2634; x_wconf 91' lang='lat' dir='ltr'><strong>ut</strong></span> <span class='ocrx_word' id='word_1_697' title='bbox 447 2606 652 2640; x_wconf 77' lang='lat' dir='ltr'><strong>voluptuarium</strong></span> <span class='ocrx_word' id='word_1_698' title='bbox 681 2606 819 2638; x_wconf 83' lang='lat' dir='ltr'><strong>fefellerit.</strong></span> <span class='ocrx_word' id='word_1_699' title='bbox 846 2613 879 2634; x_wconf 92' lang='lat' dir='ltr'><strong>ac</strong></span> <span class='ocrx_word' id='word_1_700' title='bbox 903 2613 966 2634; x_wconf 91' lang='lat' dir='ltr'><strong>cum</strong></span> <span class='ocrx_word' id='word_1_701' title='bbox 989 2606 1048 2640; x_wconf 90' lang='lat' dir='ltr'><strong>ipso</strong></span> 
     </span>
    </p>
   </div>
   <div class='ocr_carea' id='block_1_97' title="bbox 262 2649 1049 2686">
    <p class='ocr_par' dir='ltr' id='par_1_97' title="bbox 262 2649 1049 2686">
     <span class='ocr_line' id='line_1_97' title="bbox 262 2649 1049 2686; baseline -0.005 -7"><span class='ocrx_word' id='word_1_702' title='bbox 262 2652 417 2680; x_wconf 79' lang='lat' dir='ltr'><strong>dormierit.</strong></span> <span class='ocrx_word' id='word_1_703' title='bbox 438 2651 499 2685; x_wconf 82' lang='lat' dir='ltr'><strong>Quo</strong></span> <span class='ocrx_word' id='word_1_704' title='bbox 523 2651 589 2686; x_wconf 93' lang='lat' dir='ltr'><strong>quid</strong></span> <span class='ocrx_word' id='word_1_705' title='bbox 615 2651 702 2686; x_wconf 77' lang='lat' dir='ltr'><strong>magis</strong></span> <span class='ocrx_word' id='word_1_706' title='bbox 721 2650 870 2677; x_wconf 88' lang='lat' dir='ltr'><strong>ridiculum</strong></span> <span class='ocrx_word' id='word_1_707' title='bbox 897 2649 1049 2685; x_wconf 76' lang='lat' dir='ltr'><strong>excogitari</strong></span> 
     </span>
    </p>
   </div>
   <div class='ocr_carea' id='block_1_98' title="bbox 263 2696 1051 2733">
    <p class='ocr_par' dir='ltr' id='par_1_98' title="bbox 263 2696 1051 2733">
     <span class='ocr_line' id='line_1_98' title="bbox 263 2696 1051 2733; baseline -0.006 -7"><span class='ocrx_word' id='word_1_708' title='bbox 263 2698 368 2733; x_wconf 76' lang='lat' dir='ltr'><strong>possit!</strong></span> <span class='ocrx_word' id='word_1_709' title='bbox 380 2698 524 2733; x_wconf 80' lang='lat' dir='ltr'><strong>Tragicum</strong></span> <span class='ocrx_word' id='word_1_710' title='bbox 538 2705 603 2725; x_wconf 82' lang='lat' dir='ltr'><strong>vero</strong></span> <span class='ocrx_word' id='word_1_711' title='bbox 614 2696 738 2725; x_wconf 88' lang='lat' dir='ltr'><strong>eumdem</strong></span> <span class='ocrx_word' id='word_1_712' title='bbox 753 2696 885 2729; x_wconf 84' lang='lat' dir='ltr'><strong>nominat,</strong></span> <span class='ocrx_word' id='word_1_713' title='bbox 897 2696 968 2731; x_wconf 87' lang='lat' dir='ltr'><strong>quod</strong></span> <span class='ocrx_word' id='word_1_714' title='bbox 978 2703 1051 2730; x_wconf 72' lang='lat' dir='ltr'><strong>quae—</strong></span> 
     </span>
    </p>
   </div>
   <div class='ocr_carea' id='block_1_99' title="bbox 264 2741 1049 2772">
    <p class='ocr_par' dir='ltr' id='par_1_99' title="bbox 264 2741 1049 2772">
     <span class='ocr_line' id='line_1_99' title="bbox 264 2741 1049 2772; baseline -0.006 0"><span class='ocrx_word' id='word_1_715' title='bbox 264 2745 326 2772; x_wconf 82' lang='lat' dir='ltr'><strong>dam</strong></span> <span class='ocrx_word' id='word_1_716' title='bbox 345 2745 434 2772; x_wconf 86' lang='lat' dir='ltr'><strong>tristia</strong></span> <span class='ocrx_word' id='word_1_717' title='bbox 457 2748 484 2772; x_wconf 89' lang='lat' dir='ltr'><strong>et</strong></span> <span class='ocrx_word' id='word_1_718' title='bbox 509 2744 634 2771; x_wconf 90' lang='lat' dir='ltr'><strong>luctuosa</strong></span> <span class='ocrx_word' id='word_1_719' title='bbox 655 2742 689 2770; x_wconf 91' lang='lat' dir='ltr'><strong>de</strong></span> <span class='ocrx_word' id='word_1_720' title='bbox 712 2741 766 2769; x_wconf 86' lang='lat' dir='ltr'><strong>diis</strong></span> <span class='ocrx_word' id='word_1_721' title='bbox 791 2745 964 2770; x_wconf 85' lang='lat' dir='ltr'><strong>commentus</strong></span> <span class='ocrx_word' id='word_1_722' title='bbox 989 2741 1049 2768; x_wconf 83' lang='lat' dir='ltr'><strong>sit:</strong></span> 
     </span>
    </p>
   </div>
   <div class='ocr_carea' id='block_1_100' title="bbox 1102 2363 1894 2401">
    <p class='ocr_par' dir='ltr' id='par_1_100' title="bbox 1102 2363 1894 2401">
     <span class='ocr_line' id='line_1_100' title="bbox 1102 2363 1894 2401; baseline -0.006 -7"><span class='ocrx_word' id='word_1_723' title='bbox 1102 2377 1132 2394; x_wconf 79' lang='grc' dir='ltr'><strong>τε</strong></span> <span class='ocrx_word' id='word_1_724' title='bbox 1155 2367 1201 2394; x_wconf 74' lang='grc' dir='ltr'>καὶ</span> <span class='ocrx_word' id='word_1_725' title='bbox 1221 2366 1270 2393; x_wconf 84' lang='grc' dir='ltr'>Δία</span> <span class='ocrx_word' id='word_1_726' title='bbox 1291 2364 1455 2401; x_wconf 86' lang='grc' dir='ltr'>μυθολογεί,</span> <span class='ocrx_word' id='word_1_727' title='bbox 1473 2363 1520 2390; x_wconf 75' lang='grc' dir='ltr'>καὶ</span> <span class='ocrx_word' id='word_1_728' title='bbox 1535 2363 1626 2398; x_wconf 83' lang='grc' dir='ltr'>Ἥραν</span> <span class='ocrx_word' id='word_1_729' title='bbox 1647 2363 1695 2389; x_wconf 78' lang='grc' dir='ltr'>καὶ</span> <span class='ocrx_word' id='word_1_730' title='bbox 1723 2363 1894 2398; x_wconf 71' lang='grc' dir='ltr'>Ἀφροδίτην,</span> 
     </span>
    </p>
   </div>
   <div class='ocr_carea' id='block_1_101' title="bbox 1108 2407 1894 2448">
    <p class='ocr_par' dir='ltr' id='par_1_101' title="bbox 1108 2407 1894 2448">
     <span class='ocr_line' id='line_1_101' title="bbox 1108 2407 1894 2448; baseline -0.008 -8"><span class='ocrx_word' id='word_1_731' title='bbox 1108 2412 1224 2448; x_wconf 77' lang='grc' dir='ltr'>Ἀθηνᾶν</span> <span class='ocrx_word' id='word_1_732' title='bbox 1239 2419 1268 2438; x_wconf 87' lang='grc' dir='ltr'><strong>τε</strong></span> <span class='ocrx_word' id='word_1_733' title='bbox 1282 2411 1329 2437; x_wconf 69' lang='grc' dir='ltr'><strong>ἐπὶ</strong></span> <span class='ocrx_word' id='word_1_734' title='bbox 1342 2410 1409 2436; x_wconf 79' lang='grc' dir='ltr'>πᾶσι</span> <span class='ocrx_word' id='word_1_735' title='bbox 1423 2408 1528 2440; x_wconf 79' lang='grc' dir='ltr'>τούτοις</span> <span class='ocrx_word' id='word_1_736' title='bbox 1539 2416 1546 2424; x_wconf 74' lang='grc' dir='ltr'><strong>ο</strong></span> <span class='ocrx_word' id='word_1_737' title='bbox 1564 2409 1611 2435; x_wconf 74' lang='grc' dir='ltr'>καὶ</span> <span class='ocrx_word' id='word_1_738' title='bbox 1625 2407 1718 2439; x_wconf 79' lang='grc' dir='ltr'>ἁπλῶς</span> <span class='ocrx_word' id='word_1_739' title='bbox 1734 2407 1782 2440; x_wconf 78' lang='grc' dir='ltr'><strong>οὒς</strong></span> <span class='ocrx_word' id='word_1_740' title='bbox 1797 2409 1830 2435; x_wconf 80' lang='grc' dir='ltr'>ὲκ</span> <span class='ocrx_word' id='word_1_741' title='bbox 1843 2407 1894 2443; x_wconf 82' lang='grc' dir='ltr'>τῆς</span> 
     </span>
    </p>
   </div>
   <div class='ocr_carea' id='block_1_102' title="bbox 1102 2453 1898 2493">
    <p class='ocr_par' dir='ltr' id='par_1_102' title="bbox 1102 2453 1898 2493">
     <span class='ocr_line' id='line_1_102' title="bbox 1102 2453 1898 2493; baseline -0.008 -7"><span class='ocrx_word' id='word_1_742' title='bbox 1102 2462 1238 2493; x_wconf 75' lang='grc' dir='ltr'>ποιήσεως</span> <span class='ocrx_word' id='word_1_743' title='bbox 1258 2458 1349 2492; x_wconf 71' lang='grc' dir='ltr'>ἴσμεν.</span> <span class='ocrx_word' id='word_1_744' title='bbox 1366 2455 1568 2491; x_wconf 76' lang='grc' dir='ltr'>Κωμῳδοποιδν</span> <span class='ocrx_word' id='word_1_745' title='bbox 1585 2454 1611 2480; x_wconf 74' lang='grc' dir='ltr'><strong>δὲ</strong></span> <span class='ocrx_word' id='word_1_746' title='bbox 1624 2453 1670 2480; x_wconf 77' lang='grc' dir='ltr'>τὸν</span> <span class='ocrx_word' id='word_1_747' title='bbox 1687 2453 1812 2489; x_wconf 80' lang='grc' dir='ltr'>Ὅμηρον</span> <span class='ocrx_word' id='word_1_748' title='bbox 1832 2454 1898 2480; x_wconf 78' lang='grc' dir='ltr'><strong>ἑκὰ-</strong></span> 
     </span>
    </p>
   </div>
   <div class='ocr_carea' id='block_1_103' title="bbox 1104 2499 1894 2537">
    <p class='ocr_par' dir='ltr' id='par_1_103' title="bbox 1104 2499 1894 2537">
     <span class='ocr_line' id='line_1_103' title="bbox 1104 2499 1894 2537; baseline -0.009 -5"><span class='ocrx_word' id='word_1_749' title='bbox 1104 2505 1182 2532; x_wconf 83' lang='grc' dir='ltr'>λεσεν</span> <span class='ocrx_word' id='word_1_750' title='bbox 1194 2524 1201 2535; x_wconf 85' lang='grc'>,</span> <span class='ocrx_word' id='word_1_751' title='bbox 1216 2504 1254 2536; x_wconf 78' lang='grc' dir='ltr'>ὡς</span> <span class='ocrx_word' id='word_1_752' title='bbox 1266 2503 1324 2530; x_wconf 73' lang='grc' dir='ltr'>ἔνια</span> <span class='ocrx_word' id='word_1_753' title='bbox 1338 2501 1550 2537; x_wconf 82' lang='grc' dir='ltr'>ἁποσκώμματα</span> <span class='ocrx_word' id='word_1_754' title='bbox 1562 2501 1602 2532; x_wconf 82' lang='grc' dir='ltr'>εἰς</span> <span class='ocrx_word' id='word_1_755' title='bbox 1621 2500 1836 2535; x_wconf 78' lang='grc' dir='ltr'>θεοὺςεὶρηκότα</span> <span class='ocrx_word' id='word_1_756' title='bbox 1845 2499 1894 2533; x_wconf 81' lang='grc'><strong>(5).</strong></span> 
     </span>
    </p>
   </div>
   <div class='ocr_carea' id='block_1_104' title="bbox 1102 2544 1897 2586">
    <p class='ocr_par' dir='ltr' id='par_1_104' title="bbox 1102 2544 1897 2586">
     <span class='ocr_line' id='line_1_104' title="bbox 1102 2544 1897 2586; baseline -0.009 -10"><span class='ocrx_word' id='word_1_757' title='bbox 1102 2548 1310 2586; x_wconf 82' lang='grc' dir='ltr'>Τραγῳδοποιδν</span> <span class='ocrx_word' id='word_1_758' title='bbox 1335 2547 1374 2579; x_wconf 77' lang='grc' dir='ltr'><strong>δὲ,</strong></span> <span class='ocrx_word' id='word_1_759' title='bbox 1394 2547 1435 2573; x_wconf 84' lang='grc' dir='ltr'>ὅτι</span> <span class='ocrx_word' id='word_1_760' title='bbox 1460 2546 1518 2573; x_wconf 67' lang='grc' dir='ltr'>ἔνια</span> <span class='ocrx_word' id='word_1_761' title='bbox 1542 2544 1660 2580; x_wconf 78' lang='grc' dir='ltr'>πένθιμα</span> <span class='ocrx_word' id='word_1_762' title='bbox 1677 2545 1742 2580; x_wconf 78' lang='grc' dir='ltr'>περὶ</span> <span class='ocrx_word' id='word_1_763' title='bbox 1757 2544 1812 2570; x_wconf 84' lang='grc' dir='ltr'><strong>τῶν</strong></span> <span class='ocrx_word' id='word_1_764' title='bbox 1827 2544 1897 2570; x_wconf 84' lang='grc' dir='ltr'>θεῶν</span> 
     </span>
    </p>
   </div>
   <div class='ocr_carea' id='block_1_105' title="bbox 1104 2591 1896 2632">
    <p class='ocr_par' dir='ltr' id='par_1_105' title="bbox 1104 2591 1896 2632">
     <span class='ocr_line' id='line_1_105' title="bbox 1104 2591 1896 2632; baseline -0.01 -8"><span class='ocrx_word' id='word_1_765' title='bbox 1104 2596 1256 2632; x_wconf 81' lang='grc' dir='ltr'>μυθολογεῖ·</span> <span class='ocrx_word' id='word_1_766' title='bbox 1271 2593 1338 2626; x_wconf 70' lang='grc' dir='ltr'>οἷον,</span> <span class='ocrx_word' id='word_1_767' title='bbox 1354 2594 1395 2620; x_wconf 82' lang='grc' dir='ltr'>ὅτι</span> <span class='ocrx_word' id='word_1_768' title='bbox 1408 2592 1454 2620; x_wconf 85' lang='grc' dir='ltr'><strong>τὸν</strong></span> <span class='ocrx_word' id='word_1_769' title='bbox 1467 2592 1620 2627; x_wconf 71' lang='grc' dir='ltr'>Ἥφαιστον</span> <span class='ocrx_word' id='word_1_770' title='bbox 1633 2591 1855 2627; x_wconf 77' lang='grc' dir='ltr'>κατεκρήμνισεν</span> <span class='ocrx_word' id='word_1_771' title='bbox 1867 2591 1896 2616; x_wconf 82' lang='grc' dir='ltr'>ὲν</span> 
     </span>
    </p>
   </div>
   <div class='ocr_carea' id='block_1_106' title="bbox 1102 2637 1894 2678">
    <p class='ocr_par' dir='ltr' id='par_1_106' title="bbox 1102 2637 1894 2678">
     <span class='ocr_line' id='line_1_106' title="bbox 1102 2637 1894 2678; baseline -0.01 -8"><span class='ocrx_word' id='word_1_772' title='bbox 1102 2644 1204 2678; x_wconf 75' lang='grc' dir='ltr'>Λήμνῳ</span> <span class='ocrx_word' id='word_1_773' title='bbox 1223 2643 1237 2669; x_wconf 89' lang='lat'><strong>6</strong></span> <span class='ocrx_word' id='word_1_774' title='bbox 1256 2641 1332 2672; x_wconf 78' lang='grc' dir='ltr'>Ζεύς·</span> <span class='ocrx_word' id='word_1_775' title='bbox 1345 2640 1392 2668; x_wconf 72' lang='grc' dir='ltr'>καὶ</span> <span class='ocrx_word' id='word_1_776' title='bbox 1404 2641 1445 2666; x_wconf 80' lang='grc' dir='ltr'>ὅτι</span> <span class='ocrx_word' id='word_1_777' title='bbox 1460 2638 1567 2675; x_wconf 83' lang='grc' dir='ltr'>ἐτρώθη</span> <span class='ocrx_word' id='word_1_778' title='bbox 1584 2639 1601 2673; x_wconf 79' lang='grc' dir='ltr'>ὴ</span> <span class='ocrx_word' id='word_1_779' title='bbox 1615 2638 1759 2674; x_wconf 77' lang='grc' dir='ltr'>Ἀφροδίτη</span> <span class='ocrx_word' id='word_1_780' title='bbox 1776 2637 1830 2664; x_wconf 74' lang='grc' dir='ltr'>ὑπὸ</span> <span class='ocrx_word' id='word_1_781' title='bbox 1847 2637 1894 2663; x_wconf 82' lang='grc' dir='ltr'>τοῦ</span> 
     </span>
    </p>
   </div>
   <div class='ocr_carea' id='block_1_107' title="bbox 1103 2683 1895 2724">
    <p class='ocr_par' dir='ltr' id='par_1_107' title="bbox 1103 2683 1895 2724">
     <span class='ocr_line' id='line_1_107' title="bbox 1103 2683 1895 2724; baseline -0.009 -9"><span class='ocrx_word' id='word_1_782' title='bbox 1103 2689 1263 2724; x_wconf 84' lang='grc' dir='ltr'>Διομήδους.</span> <span class='ocrx_word' id='word_1_783' title='bbox 1274 2686 1402 2715; x_wconf 72' lang='grc' dir='ltr'>Ταῦταδὶ</span> <span class='ocrx_word' id='word_1_784' title='bbox 1410 2686 1491 2721; x_wconf 74' lang='grc' dir='ltr'>δῆθεν</span> <span class='ocrx_word' id='word_1_785' title='bbox 1502 2684 1627 2721; x_wconf 83' lang='grc' dir='ltr'>δακρύων</span> <span class='ocrx_word' id='word_1_786' title='bbox 1638 2684 1710 2717; x_wconf 75' lang='grc' dir='ltr'>ἄξια.</span> <span class='ocrx_word' id='word_1_787' title='bbox 1726 2683 1765 2718; x_wconf 79' lang='grc' dir='ltr'><strong>Τῇ</strong></span> <span class='ocrx_word' id='word_1_788' title='bbox 1779 2683 1829 2718; x_wconf 74' lang='grc' dir='ltr'>μὲν</span> <span class='ocrx_word' id='word_1_789' title='bbox 1841 2683 1895 2718; x_wconf 74' lang='grc' dir='ltr'><strong>γὰρ</strong></span> 
     </span>
    </p>
   </div>
   <div class='ocr_carea' id='block_1_108' title="bbox 1104 2729 1892 2772">
    <p class='ocr_par' dir='ltr' id='par_1_108' title="bbox 1104 2729 1892 2772">
     <span class='ocr_line' id='line_1_108' title="bbox 1104 2729 1892 2772; baseline -0.01 -10"><span class='ocrx_word' id='word_1_790' title='bbox 1104 2735 1242 2772; x_wconf 78' lang='grc' dir='ltr'>τραγῳδίᾳ</span> <span class='ocrx_word' id='word_1_791' title='bbox 1253 2734 1349 2761; x_wconf 83' lang='grc' dir='ltr'>’ἑπεται</span> <span class='ocrx_word' id='word_1_792' title='bbox 1359 2733 1394 2760; x_wconf 79' lang='grc' dir='ltr'>τέι</span> <span class='ocrx_word' id='word_1_793' title='bbox 1404 2733 1518 2768; x_wconf 84' lang='grc' dir='ltr'>δάκρυα·</span> <span class='ocrx_word' id='word_1_794' title='bbox 1531 2731 1603 2767; x_wconf 77' lang='grc' dir='ltr'>τῇδὲ</span> <span class='ocrx_word' id='word_1_795' title='bbox 1615 2730 1756 2766; x_wconf 84' lang='grc' dir='ltr'>κωμῳδίᾳ,</span> <span class='ocrx_word' id='word_1_796' title='bbox 1771 2731 1786 2756; x_wconf 90' lang='lat'><strong>6</strong></span> <span class='ocrx_word' id='word_1_797' title='bbox 1798 2729 1892 2762; x_wconf 82' lang='grc' dir='ltr'>γέλως.</span> 
     </span>
    </p>
   </div>
   <div class='ocr_carea' id='block_1_109' title="bbox 264 2776 1894 2826">
    <p class='ocr_par' dir='ltr' id='par_1_109' title="bbox 264 2776 1894 2826">
     <span class='ocr_line' id='line_1_109' title="bbox 264 2776 1894 2826; baseline -0.011 -7"><span class='ocrx_word' id='word_1_798' title='bbox 264 2792 338 2819; x_wconf 82' lang='lat' dir='ltr'><strong>velut</strong></span> <span class='ocrx_word' id='word_1_799' title='bbox 356 2792 427 2826; x_wconf 78' lang='lat' dir='ltr'><strong>quod</strong></span> <span class='ocrx_word' id='word_1_800' title='bbox 449 2789 556 2825; x_wconf 86' lang='lat' dir='ltr'><strong>Jupiter</strong></span> <span class='ocrx_word' id='word_1_801' title='bbox 581 2788 735 2816; x_wconf 86' lang='lat' dir='ltr'><strong>Vulcanum</strong></span> <span class='ocrx_word' id='word_1_802' title='bbox 754 2788 783 2815; x_wconf 91' lang='lat' dir='ltr'><strong>in</strong></span> <span class='ocrx_word' id='word_1_803' title='bbox 802 2787 934 2816; x_wconf 85' lang='lat' dir='ltr'><strong>Lemnum</strong></span> <span class='ocrx_word' id='word_1_804' title='bbox 957 2785 1122 2823; x_wconf 73' lang='lat' dir='ltr'><strong>praecipitem</strong></span> <span class='ocrx_word' id='word_1_805' title='bbox 1135 2782 1263 2817; x_wconf 74' lang='lat' dir='ltr'><strong>deiecerit</strong></span> <span class='ocrx_word' id='word_1_806' title='bbox 1279 2791 1285 2808; x_wconf 89' lang='lat'>:</span> <span class='ocrx_word' id='word_1_807' title='bbox 1302 2781 1374 2817; x_wconf 85' lang='lat' dir='ltr'><strong>quod</strong></span> <span class='ocrx_word' id='word_1_808' title='bbox 1398 2779 1492 2808; x_wconf 81' lang='lat' dir='ltr'><strong>Venus</strong></span> <span class='ocrx_word' id='word_1_809' title='bbox 1507 2786 1523 2806; x_wconf 78' lang='grc' dir='ltr'>ι</span> <span class='ocrx_word' id='word_1_810' title='bbox 1546 2777 1675 2806; x_wconf 85' lang='lat' dir='ltr'><strong>Diomede</strong></span> <span class='ocrx_word' id='word_1_811' title='bbox 1697 2776 1796 2803; x_wconf 82' lang='lat' dir='ltr'><strong>vulnus</strong></span> <span class='ocrx_word' id='word_1_812' title='bbox 1814 2782 1894 2802; x_wconf 80' lang='lat' dir='ltr'><strong>acce-</strong></span> 
     </span>
    </p>
   </div>
   <div class='ocr_carea' id='block_1_110' title="bbox 301 2859 668 2901">
    <p class='ocr_par' dir='ltr' id='par_1_110' title="bbox 301 2859 668 2901">
     <span class='ocr_line' id='line_1_110' title="bbox 301 2859 668 2901; baseline -0.054 1"><span class='ocrx_word' id='word_1_813' title='bbox 449 2868 514 2901; x_wconf 57' lang='lat' dir='ltr'><strong>Iftt;</strong></span> <span class='ocrx_word' id='word_1_814' title='bbox 520 2859 668 2901; x_wconf 48' lang='lat' dir='ltr'><strong>funalia;</strong></span> 
     </span>
    </p>
   </div>
   <div class='ocr_carea' id='block_1_111' title="bbox 299 2895 943 2934">
    <p class='ocr_par' dir='ltr' id='par_1_111' title="bbox 299 2895 943 2934">
     <span class='ocr_line' id='line_1_111' title="bbox 299 2895 943 2934; baseline 0 0"><span class='ocrx_word' id='word_1_815' title='bbox 299 2895 338 2934; x_wconf 62' lang='grc' dir='ltr'><strong>(ἓ)</strong></span> <span class='ocrx_word' id='word_1_816' title='bbox 359 2895 564 2934; x_wconf 51' lang='grc' dir='ltr'><strong>ἓθ-συὲᾎασίῖιν·</strong></span> <span class='ocrx_word' id='word_1_817' title='bbox 592 2930 598 2934; x_wconf 77' lang='grc'>.</span> <span class='ocrx_word' id='word_1_818' title='bbox 627 2929 663 2934; x_wconf 81' lang='lat'>__</span> <span class='ocrx_word' id='word_1_819' title='bbox 801 2928 807 2934; x_wconf 89' lang='lat'><strong>.</strong></span> <span class='ocrx_word' id='word_1_820' title='bbox 912 2927 943 2934; x_wconf 91' lang='lat'><strong>..</strong></span> 
     </span>
    </p>
   </div>
   <div class='ocr_carea' id='block_1_112' title="bbox 300 2926 1048 2964">
    <p class='ocr_par' dir='ltr' id='par_1_112' title="bbox 300 2926 1048 2964">
     <span class='ocr_line' id='line_1_112' title="bbox 300 2926 1048 2964; baseline -0.007 -6"><span class='ocrx_word' id='word_1_821' title='bbox 300 2926 341 2964; x_wconf 70' lang='lat' dir='ltr'><strong>t3)</strong></span> <span class='ocrx_word' id='word_1_822' title='bbox 361 2931 399 2958; x_wconf 89' lang='lat' dir='ltr'><strong>ld.</strong></span> <span class='ocrx_word' id='word_1_823' title='bbox 424 2931 486 2957; x_wconf 83' lang='lat' dir='ltr'><strong>add.</strong></span> <span class='ocrx_word' id='word_1_824' title='bbox 523 2930 564 2956; x_wconf 76' lang='grc' dir='ltr'>ὅτι</span> <span class='ocrx_word' id='word_1_825' title='bbox 587 2930 604 2964; x_wconf 82' lang='grc' dir='ltr'><strong>ή</strong></span> <span class='ocrx_word' id='word_1_826' title='bbox 627 2929 700 2963; x_wconf 76' lang='grc' dir='ltr'>Ἦρα</span> <span class='ocrx_word' id='word_1_827' title='bbox 725 2928 882 2964; x_wconf 73' lang='grc' dir='ltr'>φοριύσασα</span> <span class='ocrx_word' id='word_1_828' title='bbox 909 2927 973 2964; x_wconf 84' lang='lat' dir='ltr'><strong>(sic)</strong></span> <span class='ocrx_word' id='word_1_829' title='bbox 1000 2926 1048 2954; x_wconf 79' lang='grc' dir='ltr'>καὶ</span> 
     </span>
    </p>
   </div>
   <div class='ocr_carea' id='block_1_113' title="bbox 264 2963 1047 3002">
    <p class='ocr_par' dir='ltr' id='par_1_113' title="bbox 264 2963 1047 3002">
     <span class='ocr_line' id='line_1_113' title="bbox 264 2963 1047 3002; baseline -0.006 -9"><span class='ocrx_word' id='word_1_830' title='bbox 264 2965 474 3002; x_wconf 50' lang='lat' dir='ltr'><strong>ﬁnitimarum</strong></span> <span class='ocrx_word' id='word_1_831' title='bbox 490 2963 602 3000; x_wconf 64' lang='grc' dir='ltr'>ἀπῆλθε</span> <span class='ocrx_word' id='word_1_832' title='bbox 617 2965 741 3001; x_wconf 55' lang='lat' dir='ltr'><strong>napi-.6»;</strong></span> <span class='ocrx_word' id='word_1_833' title='bbox 756 2963 813 2994; x_wconf 67' lang='grc' dir='ltr'>Δία.</span> <span class='ocrx_word' id='word_1_834' title='bbox 829 2965 874 2991; x_wconf 68' lang='grc' dir='ltr'>καὶ</span> <span class='ocrx_word' id='word_1_835' title='bbox 897 2963 1047 2990; x_wconf 60' lang='lat' dir='ltr'><strong>huius“</strong></span> 
     </span>
    </p>
   </div>
   <div class='ocr_carea' id='block_1_114' title="bbox 1101 2846 1892 2897">
    <p class='ocr_par' dir='ltr' id='par_1_114' title="bbox 1101 2846 1892 2897">
     <span class='ocr_line' id='line_1_114' title="bbox 1101 2846 1892 2897; baseline 0 0"><span class='ocrx_word' id='word_1_836' title='bbox 1101 2855 1132 2897; x_wconf 71' lang='grc' dir='ltr'><strong>(σε</strong></span> <span class='ocrx_word' id='word_1_837' title='bbox 1144 2855 1285 2897; x_wconf 49' lang='grc' dir='ltr'><strong>θρέψεν</strong></span> <span class='ocrx_word' id='word_1_838' title='bbox 1294 2853 1306 2897; x_wconf 76' lang='grc'><strong>,)</strong></span> <span class='ocrx_word' id='word_1_839' title='bbox 1319 2853 1400 2894; x_wconf 62' lang='grc' dir='ltr'>αῡςδν</span> <span class='ocrx_word' id='word_1_840' title='bbox 1417 2852 1468 2897; x_wconf 56' lang='lat' dir='ltr'><strong>es.</strong></span> <span class='ocrx_word' id='word_1_841' title='bbox 1477 2849 1650 2897; x_wconf 54' lang='grc' dir='ltr'><strong>ὴξέὲξεξξξὲ</strong></span> <span class='ocrx_word' id='word_1_842' title='bbox 1661 2846 1892 2897; x_wconf 53' lang='grc' dir='ltr'><strong>εξγεξαίέξὲξῖιξξΐ</strong></span> 
     </span>
    </p>
   </div>
   <div class='ocr_carea' id='block_1_115' title="bbox 1101 2883 1905 2954">
    <p class='ocr_par' dir='ltr' id='par_1_115' title="bbox 1101 2883 1905 2954">
     <span class='ocr_line' id='line_1_115' title="bbox 1101 2883 1890 2925; baseline -0.013 -7"><span class='ocrx_word' id='word_1_843' title='bbox 1101 2883 1187 2925; x_wconf 72' lang='grc' dir='ltr'>αὐτῷ.</span> <span class='ocrx_word' id='word_1_844' title='bbox 1206 2883 1260 2916; x_wconf 70' lang='grc' dir='ltr'>ιςὶιι</span> <span class='ocrx_word' id='word_1_845' title='bbox 1274 2883 1302 2917; x_wconf 85' lang='grc' dir='ltr'><strong>τί</strong></span> <span class='ocrx_word' id='word_1_846' title='bbox 1316 2888 1411 2916; x_wconf 73' lang='grc' dir='ltr'>τούτου</span> <span class='ocrx_word' id='word_1_847' title='bbox 1426 2883 1650 2921; x_wconf 71' lang='grc' dir='ltr'>γελοίωδέπερον</span> <span class='ocrx_word' id='word_1_848' title='bbox 1661 2888 1704 2916; x_wconf 85' lang='lat' dir='ltr'><strong>;et</strong></span> <span class='ocrx_word' id='word_1_849' title='bbox 1719 2891 1750 2911; x_wconf 86' lang='lat' dir='ltr'><strong>ea</strong></span> <span class='ocrx_word' id='word_1_850' title='bbox 1771 2883 1836 2918; x_wconf 89' lang='lat' dir='ltr'><strong>legit</strong></span> <span class='ocrx_word' id='word_1_851' title='bbox 1849 2883 1890 2908; x_wconf 88' lang='lat' dir='ltr'><strong>in-</strong></span> 
     </span>
     <span class='ocr_line' id='line_1_116' title="bbox 1106 2927 1905 2954; baseline -0.016 -1"><span class='ocrx_word' id='word_1_852' title='bbox 1106 2931 1224 2954; x_wconf 84' lang='lat' dir='ltr'><strong>ternrcs.</strong></span> <span class='ocrx_word' id='word_1_853' title='bbox 1886 2927 1905 2940; x_wconf 69' lang='grc' dir='ltr'><strong>ν</strong></span> 
     </span>
    </p>
   </div>
   <div class='ocr_carea' id='block_1_116' title="bbox 1149 2933 1224 2961">
    <p class='ocr_par' dir='ltr' id='par_1_116' title="bbox 1149 2933 1224 2961">
     <span class='ocr_line' id='line_1_117' title="bbox 1149 2933 1224 2961; baseline 0 -10"><span class='ocrx_word' id='word_1_854' title='bbox 1149 2933 1224 2961; x_wconf 83' lang='lat' dir='ltr'><strong>pres.</strong></span> 
     </span>
    </p>
   </div>
   <div class='ocr_carea' id='block_1_117' title="bbox 1443 3027 1459 3034">
    <p class='ocr_par' dir='ltr' id='par_1_117' title="bbox 1443 3027 1459 3034">
     <span class='ocr_line' id='line_1_118' title="bbox 1443 3027 1459 3034; baseline 0 0"><span class='ocrx_word' id='word_1_855' title='bbox 1443 3027 1459 3034; x_wconf 64' lang='grc' dir='ltr'><strong>Δ,</strong></span> 
     </span>
    </p>
   </div>
  </div>
