2046 3131
170 229 238 257 £029

572 229 618 257 AD
635 229 663 257 S.
681 227 845 256 GREGOBll
862 227 968 255 ORAT.
986 227 993 254 1
1010 227 1150 255 CONTRA
1163 225 1353 255 JllLlANUM.

1728 229 1797 256 1050

168 291 247 325 perit.
268 289 335 323 Quae
351 289 474 326 profecto
491 290 568 318 luctu
593 298 627 318 ac
651 291 779 327 laerymis
807 290 888 325 digna
913 293 990 318 sunt.
1010 288 1182 324 Tragmdiam
1201 289 1303 324 quippe
1325 288 1453 322 lacryrme
1471 292 1634 323 sequuntur,
1662 289 1798 323 quemad-

169 336 282 364 modum
301 337 375 365 risus
390 337 564 365 comoediam.

313 387 351 411 τε.
369 383 439 418 Περὶ
458 384 600 412 Ὠκεανοῦ
618 385 667 411 καὶ
686 383 806 417 Τηθύος.

200 429 257 456 Καὶ
272 429 367 456 τοῦτον
383 430 412 457 δὲ
426 429 472 456 τδν
490 430 575 466 μῦθον
598 430 770 466 εἰσφέρουσιν
788 429 814 455 of.
834 427 953 463 ποιηταὶ,

166 475 207 502 ὅτι
223 477 238 502 ό
260 476 386 507 Ὠκεανὸς
408 476 502 512 πατήρ
521 477 579 503 ἐστι
594 476 704 503 πάντων
725 475 780 502 τῶν
800 474 879 506 θεῶν,
893 475 910 509 ὴ
926 473 956 501 δέ

167 519 258 555 Τηθὺς
274 520 375 557 μήτηρ.
394 520 571 557 ’Δνδρόγυνον
586 521 615 548 δὲ
631 522 646 548 ὁ
669 520 793 552 Ὡκεανδς
807 520 853 547 καὶ
866 520 883 555 ἡ
900 519 956 555 Τη-

168 565 216 597 θύς
227 572 235 580 ·
256 566 304 592 καὶ
320 566 361 592 ὃτι
381 566 466 599 πάλαι
483 566 628 602 διέστησαν
650 566 698 593 ἀπ’
713 565 836 601 ἀλλήλων
846 573 852 580 ·
869 564 912 591 διὰ
927 564 956 591 δέ

167 611 350 647 δυσωπήσεως
363 612 413 647 τῆς
428 612 517 648 Ἥρας
539 612 643 647 γίνεται
661 611 742 639 πάλιν
761 611 893 645 συνάφεια
908 610 956 638 αὺ-

167 657 221 684 τῶν
234 658 283 684 καὶ
295 657 381 693 φιλία.
401 658 430 684 '0
443 658 471 686 δὲ
484 658 568 694 μῦθος
576 658 733 690 αξνίττεται,
746 657 789 684 ὅτι
798 658 812 684 ὁ
829 656 955 688 Ὠκεανὸς

169 702 218 738 μὲν
236 702 309 729 ἔστιν
326 704 343 739 ἡ
364 703 436 739 ὑγρὰ
450 702 547 738 φύσις·
561 704 578 739 ἡ
591 703 619 730 δὲ
634 702 724 738 Τηθὺς
739 703 757 739 ὴ
777 702 862 738 ξηρὰ,
878 710 955 730 τουτ-

167 748 253 780 έστιν,
269 749 286 784 ἡ
304 748 358 784 γῆ·
379 749 427 776 καὶ
443 749 484 775 ὅτι
508 749 591 776 πάλαι
604 749 655 785 τῆς
676 749 763 785 ὑγρᾶς
787 748 896 784 φύσεως
917 748 955 784 μὴ

169 795 367 830 συγγινομένης
380 796 414 830 τῇ
429 796 465 830 γῇ
476 816 484 828 ,
506 795 581 822 οὐδὲν
596 794 779 829 ἐξωστονεῖτο,
797 794 844 821 καὶ
864 793 957 820 ἀπώλ-

167 839 246 866 λυντο
260 840 358 868 πάντα.
374 838 441 868 Εἶτα
454 841 471 876 ἡ
486 841 571 877 Ἥρα,
591 840 628 872 ὡς
644 840 741 876 ἔφορος
759 838 827 867 οὖσα
842 840 891 876 τῆς
908 848 955 866 συ-

167 885 295 919 ζεύξεως,
309 887 488 914 καταλλάττει
502 887 537 914 τὰ
547 887 595 914 δύο
609 888 728 923 στοιχεῖα
739 887 779 918 εις
796 886 955 921 συνάφειαν,

167 932 214 959 καὶ
233 933 340 968 γίνεται
354 934 446 961 λοιπὸν
462 933 604 967 ζωογόνος.

357 1096 413 1119 πα’.
428 1093 498 1126 Περὶ
510 1092 576 1126 Διὸς
592 1093 642 1120 καὶ
658 1093 760 1127 Ἥρας.

205 1149 237 1176 '0
257 1150 327 1182 Ζεὺς
345 1150 487 1186 ἐχαρίζετο
509 1149 609 1184 μᾶλλον
623 1150 679 1180 τοῖς
693 1149 796 1185 Τρωσὶ,
808 1149 856 1176 καὶ
870 1149 955 1176 ἐποίει

165 1196 297 1231 ἡττᾶσθαι
311 1196 374 1228 τοὺς
391 1195 525 1232 Ἓλληνας
538 1195 582 1223 διὰ
593 1195 643 1231 τὴν
656 1195 760 1223 ἱκεσίαν
772 1195 822 1231 τῆς
834 1195 953 1227 Θέτιδος,

164 1242 258 1269 ἕνεκεν
272 1241 319 1268 τοῦ
342 1241 495 1277 Ἀχιλλέως,
513 1243 558 1269 ἵνα
574 1242 729 1278 ζητήσωσιν
745 1242 826 1269 αὐτὸν
844 1243 868 1268 οἱ
889 1241 955 1268 Ἕλ-

162 1288 242 1324 ληνες
258 1288 418 1324 ἡττώμενοι.
439 1288 472 1315 Ἦ
487 1289 561 1325 Ἦρα
575 1288 716 1324 ἐφρόντιζε
739 1288 793 1315 τῶν
810 1287 953 1324 Ἑλλήνων·

164 1334 344 1370 φροντΚουσα
355 1335 394 1368 δέ,
414 1334 570 1370 βουλεύεται
591 1335 733 1371 ἀπατῆσαι
750 1335 796 1362 τὸν
810 1335 869 1368 Δία,
886 1335 954 1371 πρὸς

161 1379 237 1414 μίξιν
253 1380 334 1407 αὺτδν
347 1381 394 1407 καὶ
409 1380 491 1407 ὕπνον
506 1380 724 1416 ἐκδακχεύουσα,
737 1380 792 1412 ἵνα,
808 1380 953 1407 καθεύδον-

161 1434 206 1458 τος
220 1425 268 1452 τοῦ
279 1426 351 1458 Διὸς,
371 1425 519 1461 ἀϐοήθητοι
533 1427 558 1453 ol.
571 1425 665 1462 Τρῶες
677 1425 818 1461 γενόμενοι
830 1425 954 1461 ἡττηθῶ-

163 1478 204 1497 σιν
230 1471 285 1498 ἀπὺ
307 1471 361 1498 τῶν
384 1471 532 1508 Ἑλλήνων.
558 1471 651 1498 Ταῦτα
670 1469 717 1498 οὖν
737 1471 952 1507 βουλευσαμένη,

159 1515 295 1553 λαμϐάνει
312 1518 348 1545 τὰ
364 1519 482 1554 πορνικὰ
504 1519 722 1554 καλλωπίσματα
741 1519 831 1546 πάντα
847 1519 880 1545 ἐκ
905 1518 952 1545 τοῦ

161 1563 259 1590 κεστοῦ
283 1564 334 1600 τῆς
366 1565 536 1602 Ἀφροδιτης.
569 1565 597 1592 '0
627 1565 656 1592 δέ
683 1565 779 1597 κεστὸς
806 1564 953 1600 μυθεύεται

161 1609 298 1644 κάμψειόν
319 1619 347 1637 τι
364 1609 443 1643 εἶναι,
459 1613 487 1638 ἐν
503 1608 525 1645 ᾧ
539 1612 629 1639 πάντα
651 1611 685 1639 τὰ
706 1611 774 1647 πρὸς
795 1611 893 1643 κάλλος
906 1611 954 1638 καὶ

160 1655 313 1691 εὐμορφίαν
330 1656 377 1683 καὶ
399 1657 513 1693 χάριτας
532 1657 579 1686 καὶ
601 1657 782 1693 λαμπρότητα
805 1655 952 1692 προσώπου

160 1701 361 1730 ἐναπόκεινται.
386 1700 454 1730 Εἶτα
477 1704 676 1739 κοσμησαμένη
697 1703 786 1730 ἄνεισι
810 1703 887 1738 παρὰ
907 1702 952 1729 τδν

1195 380 1239 408 80.
1258 380 1298 407 De
1319 379 1423 408 Oceano
1436 384 1460 406 et
1481 379 1598 407 Thetide.

1042 425 1118 453 Hanc
1129 434 1240 462 quoque
1252 426 1373 453 fabulam
1389 425 1525 453 inducunt
1540 431 1635 460 poene.
1655 426 1795 454 Oceanum

1007 471 1132 500 videlicet
1141 471 1255 500 deorum
1269 471 1391 499 omnium
1404 475 1508 506 patrem
1521 479 1592 503 esse,
1606 479 1638 498 ac
1648 471 1794 499 Thetidem

1005 519 1132 549 matrem,
1151 516 1281 551 ipsosque
1295 515 1547 549 hermaphroditum
1563 514 1707 549 quemdam
1722 522 1794 542 esse.

1005 561 1090 589 Aiunt
1115 561 1197 589 etiam
1217 561 1363 589 dissidium
1385 561 1450 587 olim
1475 561 1546 588 inter
1566 568 1615 588 eos
1643 560 1794 593 exstitisse,

1004 612 1132 635 caeterum
1148 615 1230 642 opera
1245 607 1429 642 precibusque
1446 605 1562 634 lunonis
1579 606 1682 634 coiisse
1698 613 1797 635 rursul

1006 654 1077 682 inter
1089 661 1137 681 eos
1148 654 1296 681 amicitiam
1310 657 1392 688 atque
1405 653 1593 680 concordiam.
1609 653 1669 685 Qua
1690 652 1795 686 fabula,

1007 700 1152 735 inquiunt,
1174 699 1348 735 signiﬁcatur
1373 706 1421 734 per
1443 698 1584 727 Oceanum
1607 706 1725 733 aquam,
1748 706 1798 734 per

1006 745 1149 774 Thetidem
1165 751 1257 774 autem
1274 749 1378 773 terram
1394 745 1596 781 intelligendam
1607 753 1690 773 esse:
1709 745 1798 781 quod-

1006 801 1060 828 que
1073 793 1137 820 olim
1159 800 1229 827 aqua
1249 791 1318 819 nihil
1335 792 1494 819 commercii
1510 799 1573 819 cum
1586 795 1661 818 terra
1678 791 1798 819 habente

1007 840 1081 867 nulla
1104 846 1149 867 res
1178 839 1206 866 in
1232 838 1315 865 vitam
1336 838 1551 873 producebatur,
1570 837 1618 865 sed
1646 837 1797 866 interibant

1006 886 1109 913 omnia.
1135 883 1235 912 Postea
1256 888 1347 911 autem
1373 882 1508 911 Junonem
1536 883 1742 918 conjunctionis
1769 888 1798 911 et

1007 931 1176 959 matrimonii
1192 929 1335 965 praesidem
1349 929 1405 956 duo
1421 929 1478 956 haec
1489 929 1624 957 elementa
1636 929 1663 956 in
1678 937 1797 957 conc0r-

1006 977 1079 1005 diam
1108 976 1274 1004 reduxisse:
1297 981 1378 1011 atque
1408 976 1445 1003 ita
1469 975 1598 1011 deinceps
1620 983 1711 1003 rerum
1734 983 1798 1012 pro-

1008 1023 1177 1051 creationem
1193 1027 1371 1050 consecutam
1385 1021 1480 1050 fuisse.

1148 1090 1192 1118 81,
1215 1089 1252 1118 De
1269 1090 1413 1126 nubigrega
1427 1089 1492 1117 Jove
1504 1094 1529 1117 et
1539 1089 1655 1117 lunone.

1042 1146 1145 1173 Fabula
1167 1146 1225 1174 haec
1250 1145 1408 1182 bujusmodi
1428 1145 1462 1173 de
1487 1153 1572 1173 causa
1593 1146 1711 1179 conficta
1731 1151 1794 1174 est:

1004 1192 1111 1228 Jupiter
1125 1193 1153 1220 in
1168 1192 1353 1228 Trojanorum
1369 1196 1474 1229 partem
1493 1194 1580 1228 magis
1595 1194 1794 1229 propendebat,

1004 1242 1087 1273 atque
1101 1239 1138 1265 ob
1157 1237 1282 1266 Thetidis
1306 1238 1528 1274 deprecationem
1553 1239 1581 1266 in
1602 1239 1718 1267 Achillis
1731 1247 1796 1276 gra-

1003 1284 1069 1311 tiam
1085 1284 1231 1313 inl‘eriores
1253 1284 1365 1313 Graecos
1385 1285 1531 1318 ellieiebat,
1550 1289 1580 1313 ut
1599 1285 1725 1314 videlicet
1743 1287 1795 1322 ipsi

1004 1330 1038 1358 ab
1058 1331 1185 1359 hostibus
1198 1332 1320 1366 superati
1354 1331 1487 1359 Achillem
1504 1332 1643 1367 requirere
1665 1341 1797 1369 cogeren-

1003 1382 1058 1406 tur.
1074 1379 1109 1405 At
1123 1378 1196 1406 Juno
1217 1378 1323 1407 Graecis
1338 1379 1496 1406 consultum
1509 1379 1624 1414 cupiens
1646 1387 1694 1415 per
1714 1388 1796 1408 vene-

1004 1431 1081 1451 reum
1098 1431 1276 1459 congressnm
1301 1425 1482 1460 imposturam
1496 1425 1554 1453 Jovi
1575 1425 1665 1453 facere
1681 1426 1796 1454 medita-

1003 1474 1058 1498 tnr.
1079 1470 1119 1497 Ac
1148 1476 1326 1506 posteaquam
1357 1478 1419 1498 cum
1447 1471 1508 1507 ipso
1534 1472 1717 1506 perbacchata
1740 1477 1794 1503 est,

1004 1524 1132 1544 somnum
1145 1516 1172 1544 ei
1190 1517 1332 1549 conciliat,
1355 1521 1396 1549 ut,
1410 1516 1474 1544 dum
1491 1517 1536 1544 ille
1551 1517 1662 1549 dormit,
1681 1516 1794 1552 Trojani

1003 1561 1078 1589 omni
1094 1561 1196 1589 auxilio
1206 1561 1330 1589 destituti
1343 1569 1358 1588 a
1368 1560 1472 1589 Gi-aacis
1487 1562 1644 1590 vincantur.
1657 1562 1716 1590 Hoc
1729 1570 1797 1590 con--

1004 1607 1066 1635 silio
1083 1607 1161 1640 inito,
1186 1607 1344 1635 meretricia
1363 1613 1526 1635 ornamenta
1541 1616 1573 1636 ex
1590 1607 1705 1636 Veneris
1718 1613 1796 1637 cesto

1003 1653 1131 1681 assumit.
1157 1653 1268 1681 Cestum
1295 1661 1378 1689 porro
1403 1654 1512 1682 thecam
1534 1655 1683 1690 quamdam
1708 1655 1795 1683 fuisse

1004 1700 1093 1731 aiunt.
1122 1700 1149 1727 in
1168 1707 1221 1735 qua
1241 1700 1335 1727 omnia
1367 1699 1493 1727 fraudum
1521 1709 1623 1736 genera
1652 1702 1795 1730 recondita

160 1747 219 1780 Δία,
236 1748 284 1775 καὶ
301 1749 372 1776 κινεί
385 1749 467 1776 αὐτὸν
483 1749 516 1776 ἐκ
530 1748 577 1776 τοῦ
599 1748 758 1784 πλάσματος
774 1748 869 1775 τούτου
884 1748 954 1784 πρὸς

1005 1751 1094 1779 erant,
1120 1733 1184 1782 quae
1204 1747 1238 1774 ad
1264 1746 1498 1782 pulchritudinem
1521 1733 1548 1775 et
1573 1749 1737 1784 elegantiam
1763 1757 1795 1777 ac

161 1792 258 1829 ἡδονὴν
268 1794 316 1821 καὶ
327 1794 456 1829 λαγνείαν
464 1802 470 1809 ·
484 1795 516 1822 ἐκ
528 1794 581 1830 γῆς
589 1794 617 1821 δὲ
627 1802 660 1821 πε
665 1794 804 1830 ριέσαλλεν
812 1794 895 1830 ἑαυτῇ
907 1794 955 1821 καὶ

160 1839 210 1874 τῆς
221 1839 277 1866 τῶν
295 1840 389 1876 μύρων
404 1840 528 1872 εὐωδίας.
541 1841 595 1868 Καὶ
611 1839 665 1876 γὰρ
676 1841 692 1876 ἡ
709 1840 757 1875 γῆ,
770 1841 862 1875 φησιν,
874 1839 955 1867 ἐϐλά-

162 1891 245 1919 στησε
253 1884 378 1919 βοτάνας,
388 1882 444 1912 οἷον
452 1884 548 1917 λῶτον,
555 1886 666 1921 κρόκον,
676 1886 722 1912 καὶ
732 1885 953 1922 ὑάκινθον,ρόδα,

160 1929 209 1956 καὶ
231 1930 266 1957 τὰ
280 1930 362 1958 λοιπὰ
375 1931 510 1967 ἀρώματα
524 1931 593 1967 ἔργα
622 1931 763 1968 μυρεψῶν.
781 1931 829 1958 καὶ
843 1932 953 1968 μόσχον.

161 1975 214 2003 sibi
235 1975 356 2011 undique
377 1976 484 2011 injecit.
508 1976 593 2004 Terra
614 1977 698 2011 enim,
724 1982 755 2005 ut
769 1978 860 2013 inquit
878 1983 970 2014 poeta,

1002 1797 1173 1821 venustatem
1198 1793 1344 1829 vultusque
1369 1794 1544 1829 splendorem
1571 1795 1634 1823 usui
1656 1803 1718 1824 esse
1734 1804 1796 1833 pas-

1004 1844 1079 1867 sunt.
1095 1838 1136 1865 Ita
1153 1842 1250 1865 ornata
1271 1838 1305 1865 ad
1318 1837 1413 1866 Jovem
1438 1840 1676 1876 ascendit,'atque
1700 1841 1796 1877 hujus-

1004 1885 1077 1913 modi
1095 1884 1158 1912 fuco
1177 1892 1240 1912 eum
1256 1885 1290 1912 ad
1299 1885 1468 1920 voluptatem
1487 1890 1514 1913 et
1531 1886 1673 1914 libidinem
1689 1887 1796 1915 inﬂatu-

1004 1936 1062 1960 mat
1079 1940 1086 1958 :
1101 1931 1255 1967 quinetiam
1277 1938 1292 1958 e
1315 1936 1389 1959 terra
1416 1937 1621 1968 unguentorum
1645 1935 1797 1962 suavitates

999 1978 1100 2006 herbas
1120 1977 1245 2012 protulit.
1275 1981 1306 2004 ut
1325 1983 1447 2011 crocum,
1465 1986 1554 2012 rosas,
1571 1979 1669 2013 lotum,
1685 1980 1797 2016 hyacin-

161 2021 234 2055 thos,
252 2021 320 2056 lilia,
334 2022 463 2055 cassiam,
480 2022 676 2056 einamomum,
691 2027 808 2057 stacten,
823 2024 985 2060 reliquaque
1003 2026 1125 2051 aromata
1139 2023 1285 2058 unguentis
1300 2024 1518 2052 accommodata.

306 2079 361 2120 πᾷ.
381 2079 451 2115 Περὶ
463 2079 519 2115 τῆς
532 2081 623 2115 Ἥρας
637 2081 809 2117 ἃεὸεμέκης.

201 2158 235 2185 Ἦ
255 2154 331 2194 Ἦρα
348 2157 479 2191 πολλάκις
493 2159 655 2195 ἐζηλοτύπει
669 2160 715 2187 τὸν
737 2161 883 2197 Ἡρακλέα.
908 2163 953 2190 ‘Ev

161 2203 200 2239 τῷ
221 2202 289 2238 γοῦν
315 2203 497 2240 ὑποστρέφειν
529 2205 612 2232 αὐτὸν
636 2207 668 2233 ἐκ
693 2206 744 2241 τῆς
763 2207 878 2243 Τροίας,
906 2209 951 2237 ὅτε

163 2247 233 2284 μετὰ
246 2247 293 2275 τοῦ
310 2248 473 2284 Τελαμῶνος
486 2249 571 2285 αὐτὴν
589 2250 735 2285 ἐπόρθησε,
749 2251 889 2287 διετάραξε
901 2253 952 2288 τὴν

162 2294 299 2322 θάλασσαν
309 2315 316 2326 .
330 2295 377 2322 καὶ
397 2295 460 2327 τοὺς
472 2295 591 2331 ἀνέμους
606 2296 728 2332 διήγειρε
738 2305 745 2312 ο
762 2298 809 2324 καὶ
823 2298 951 2333 ἐχείμαζε

161 2341 191 2367 τδ
211 2341 316 2375 σκάφος
337 2342 372 2377 τῇ
393 2340 440 2377 βίᾳ
460 2341 508 2368 καὶ
524 2341 562 2376 τῷ
579 2342 693 2369 κλύδωνι
717 2342 764 2369 τοῦ
784 2343 950 2379 Ἡρακλέως.

1007 2089 1052 2117 82.
1074 2089 1112 2117 De
1125 2089 1231 2117 lunone
1246 2090 1274 2127 in
1289 2090 1385 2118 arthere
1400 2099 1432 2127 ac
1452 2091 1565 2119 nubibus
1586 2092 1722 2127 pendente,
1739 2095 1796 2122 vin-

1218 2125 1334 2161 culisque
1349 2126 1443 2156 ferreis
1461 2128 1585 2154 astricta.

1041 2169 1124 2204 Juno,
1141 2174 1172 2198 ut
1187 2172 1288 2206 passim
1307 2172 1418 2208 legitur,
1433 2173 1529 2202 dolore
1541 2176 1684 2212 zelotyplaz
1698 2178 1795 2206 adver-

1005 2224 1054 2257 sus
1067 2216 1211 2245 Herculem
1227 2218 1330 2253 percita
1342 2224 1412 2246 erat.
1423 2218 1542 2249 Proinde
1552 2229 1615 2249 cum
1630 2220 1675 2251 ille
1683 2223 1795 2260 Trojatn

1005 2271 1069 2291 cum
1086 2263 1236 2292 Telamone
1255 2264 1411 2300 populatus.
1437 2273 1471 2294 ex
1492 2275 1524 2295 ea
1542 2268 1715 2303 expeditione
1733 2271 1794 2298 red-

1005 2309 1074 2343 iret,
1100 2308 1173 2337 Juno
1197 2317 1274 2339 mare
1295 2312 1479 2346 perturbavit,
1511 2314 1692 2350 excitatisque
1706 2318 1795 2345 ventis

1006 2355 1187 2390 procellosum
1205 2360 1476 2395 tempestuosumque
1489 2359 1618 2388 reddidit.
1633 2360 1671 2389 Ita
1687 2368 1715 2390 et
1729 2371 1795 2391 ven-

161 2386 212 2413 Τὶν
229 2386 257 2413 δὲ
274 2386 357 2414 ὕπνον
373 2387 527 2423 μαγγανεία
543 2387 596 2414 τινὶ
613 2388 774 2424 χρησαμένη
795 2389 952 2425 προσελθεῖν

1005 2405 1096 2428 torum
1112 2405 1138 2429 et
1151 2386 1287 2430 undarum
1310 2404 1412 2440 impetu
1428 2386 1513 2434 bavis
1531 2405 1659 2435 Herculis
1668 2408 1793 2442 iactaba-

161 2432 273 2468 ἐποίησε
291 2432 332 2468 τῷ
348 2433 401 2465 Διὶ,
415 2432 463 2459 καὶ
477 2432 636 2468 ἐφύπνωσεν
649 2434 741 2466 αὐτὸν,
756 2434 799 2462 ἴνα
816 2435 853 2471 μὴ
869 2436 954 2472 ἐγρη-

161 2477 249 2514 γορὼς
262 2477 383 2514 βοηθήσῃ
397 2478 436 2514 τῷ
453 2479 583 2514 Ἠρακλεῖ
592 2480 793 2516 χειμαζομένῳ.
810 2480 911 2508 Μαθὼν
924 2481 952 2508 δὲ

163 2524 232 2559 μετὰ
246 2524 292 2551 τὸν
304 2524 388 2551 ὕπνον
405 2525 420 2551 ό
435 2525 502 2557 Ζεὺς
516 2525 547 2552 τὸ
559 2526 774 2563 κατασκεύασμα
784 2528 834 2563 τῆς
851 2528 951 2564 Ἤρας.

160 2572 322 2606 τιμωρεῖται
349 2570 434 2606 αὐτὴν
456 2570 542 2598 οὕτω·
565 2571 618 2598 Δύο
633 2573 756 2609 ἄκμονας
776 2574 861 2610 δήσας
883 2575 950 2610 αὐτῇ

162 2617 226 2652 περὶ
239 2617 303 2649 τοὺς
318 2617 411 2650 πόδας,
426 2617 492 2653 περὶ
504 2618 533 2644 δὲ
554 2618 604 2650 τὰς
627 2621 723 2655 χεῖρας
737 2620 820 2652 πέδας
840 2620 951 2647 ἀδιαλύ-

160 2671 234 2695 τους,
257 2663 413 2699 ἐκρέμασεν
434 2663 519 2699 αὐτὴν
537 2664 592 2691 ἀπὺ
612 2665 659 2692 τοῦ
672 2665 802 2701 οὐρανοῦ,
824 2667 952 2702 τιμωρῶν

160 2708 258 2744 αὑτήν.

343 2823 400 2854 πγν.
416 2821 486 2855 Περὶ
499 2822 595 2856 φόϐον
611 2821 669 2849 τῶν
681 2821 766 2849 θεῶν.

194 2871 265 2908 Παρ’
289 2871 403 2909 Ὁμήρῳ
429 2873 470 2905 εἰς
497 2873 547 2909 τὴν
564 2873 756 2911 Υραψῳδίαν,
779 2874 826 2902 τοῦ
859 2875 948 2911 Ἀχιλ-

139 2931 146 2934 -
160 2917 227 2949 λέως
237 2917 309 2944 κατὰ
323 2918 426 2954 κράτος
437 2918 642 2954 ἁριστεύοντος,
655 2920 737 2955 φόϐος
749 2920 829 2948 ἔλασε
841 2921 887 2948 τὸν
899 2922 948 2949 Δία

162 2962 259 2998 μήπως
274 2964 350 2999 παρὰ
365 2964 396 2992 τὸ
411 2965 579 3001 εἱμαρμένον
593 2966 607 2992 ό
627 2966 765 3001 Ἀχιλλεὺς
779 2966 904 3002 πορθήσῃ
919 2967 949 2995 τὸ

1004 2451 1061 2474 tur.
1088 2447 1194 2476 Interea
1215 2449 1363 2485 praestigiis
1387 2451 1552 2486 quibusdam
1577 2453 1709 2483 adhibitis
1731 2455 1791 2483 Jovi

1002 2500 1130 2521 somnum
1152 2496 1299 2523 accersivit
1315 2506 1322 2524 :
1340 2505 1384 2529 ne,
1401 2498 1423 2525 si
1438 2499 1573 2533 vigilaret,
1594 2499 1703 2529 Herculi
1723 2507 1792 2530 tem-

1000 2543 1106 2573 pestate
1130 2539 1236 2574 jactato
1270 2545 1313 2568 ac‘
1337 2543 1503 2577 periclitanti
1531 2545 1664 2573 auxilium
1697 2546 1791 2575 ferret.

1002 2585 1217 2620 Expergelactus
1251 2587 1344 2622 itaque
1371 2587 1479 2624 Jupiter
1510 2589 1649 2618 intellecta
1675 2591 1794 2621 Junonis

1004 2629 1100 2658 fraude
1119 2630 1171 2658 hoc
1184 2632 1320 2667 supplicio
1336 2633 1364 2661 in
1382 2641 1443 2661 eam
1459 2643 1527 2664 usus
1541 2641 1605 2664 est:
1624 2636 1735 2667 Duabus
1752 2640 1792 2666 in-

1002 2677 1119 2705 cudibus
1142 2678 1225 2712 pedes
1250 2679 1338 2714 ipsius
1358 2681 1500 2715 astrinxit,
1520 2683 1676 2719 vinetisque
1697 2685 1791 2714 itidem

1002 2723 1129 2754 manibus
1160 2724 1325 2754 ﬁrmissimis
1360 2727 1524 2762 quibusdam
1554 2731 1660 2758 catenis
1689 2739 1749 2759 eam
1776 2741 1792 2760 ε

1002 2767 1071 2794 εωιο
1084 2769 1238 2804 suspendit.

1198 2826 1242 2853 83.
1263 2827 1303 2854 De
1313 2832 1412 2856 terrore
1422 2828 1474 2856 diis
1488 2830 1596 2865 injecto.

1039 2877 1108 2905 (ium
1134 2878 1256 2908 Achilles
1285 2881 1359 2909 omni
1384 2882 1468 2910 animi
1490 2885 1671 2921 corporisque
1692 2887 1792 2916 robore

1003 2928 1148 2960 pugnaret,
1170 2927 1362 2963 egregiamque
1376 2936 1488 2965 operam
1506 2936 1630 2964 navaret.
1646 2933 1732 2961 subiit
1745 2934 1792 2962 Jo-

1004 2978 1063 2998 vem
1081 2974 1181 3004 metus,
1198 2979 1232 2999 ne
1246 2976 1345 3008 prater
1361 2973 1446 3002 fatum
1464 2975 1510 3004 ille
1525 2975 1635 3013 Troiam
1649 2985 1790 3016 expugna-
