2046 3131
166 178 230 206 1055

578 174 622 202 AD
637 173 666 202 S.
686 172 851 201 GREGORII
871 172 977 201 οιιΑτ.
995 173 1006 201 1
1026 173 1166 202 CONTRA
1184 173 1369 202 JULIANUM.

1722 178 1792 205 1036

161 231 306 268 γενομένου
326 231 459 266 ἐγεννήθη
479 231 496 266 ὴ
522 230 680 266 Ἀφροδίτη·
697 229 772 256 ἔνθεν
786 230 831 256 καὶ
851 229 951 265 Ἀφρο-
966 239 974 260 Α

1003 235 1046 257 est
1063 229 1164 261 Venus,
1182 230 1253 257 unde
1268 231 1350 258 etiam
1366 231 1508 267 Ἀφροδίτη
1528 231 1669 260 nominata
1688 238 1742 265 est,
1760 236 1792 260 ὲλ

159 274 218 313 δίτη
234 277 384 313 ὠνομάσθη
398 277 436 308 ὡς
449 277 480 304 ἐκ
493 276 540 303 τοῦ
555 276 651 311 ἀφροῦ.

161 336 213 362 πθ.
230 335 302 369 Περὶ
321 334 377 369 τῆς
399 334 452 361 τοῦ
467 334 622 377 Διὸς-’πρὸς
639 333 693 359 τὸν
707 333 821 366 Κρόνον
837 332 948 359 ἐπανα-

483 378 629 401 mace-mc.

200 428 230 456 '0
247 429 315 460 Ζεὺς
331 428 439 463 μαθὼν,
456 429 496 454 ὅτι
509 428 675 461 τεκνοφάγος
692 426 765 452 ἐστὶν
787 426 801 452 6
820 425 922 460 Κρόνος
935 425 950 450 6

159 475 251 510 πατὴρ
267 475 362 507 αὑτοῦ,
379 474 557 501 ἐπανίσταται
579 473 669 508 αὐτῷ,
691 473 738 499 καὶ
756 471 882 499 ἐκϐάλλει
902 472 950 497 αὑ-

158 520 204 546 τὸν
217 515 267 555 τῆς
282 520 431 555 βασιλείας.
447 521 494 546 καὶ
507 520 709 554 καταταρταροί
721 518 802 544 αὑτὸν
814 517 883 553 μετὰ
896 516 950 543 τῶν

159 566 291 592 Τιτάνων.
308 565 387 592 Κατὰ
402 565 519 601 μίμησιν
533 565 562 591 δὲ
576 563 637 591 εἷπε
653 564 701 591 τοῦ
717 564 830 599 πατρὸς,
845 563 885 589 ὅτι
903 562 950 588 καὶ

158 611 173 637 ὁ
187 611 291 646 Κρόνος
309 611 444 645 ἐπανέστη
462 611 502 646 τῷ
517 610 647 646 Οὐρανῷ,
663 611 710 636 καὶ
724 609 852 644 ἐξέτεμεν
867 607 949 635 αὑτοῦ

158 657 193 682 τὰ
211 656 300 683 αἰδοῖα
316 656 362 683 καὶ
382 656 462 682 ἔλαϐε
479 657 529 691 τὴν
546 656 696 691 βασιλείαν.
713 655 818 682 Γλυκὺν
835 654 864 681 δὲ
877 653 950 680 λίθον

159 703 205 730 καὶ
219 703 265 729 τὸν
282 703 363 730 αὑτὸν
381 703 478 739 πικρὸν
495 702 707 738 τυραννοκτόνον
726 702 771 728 τὸν
788 701 837 727 Δια
855 701 949 727 καλεῖ·

158 749 230 776 λίθον
245 750 306 785 μὲν,
319 750 423 785 ἐπειδὴ,
441 750 478 781 ὡς
492 747 579 780 εἶπον,
594 751 611 785 ἡ
633 749 696 776 Ῥέα
709 748 783 775 λίθον
799 747 898 773 δέδωκε
912 746 951 781 τῷ

158 795 256 830 Κρόνῳ
279 796 424 822 καταπιεῖν
445 796 506 821 ἀντὶ
522 795 569 822 τοῦ
591 795 668 825 Διόςο
690 794 900 831 τυραννοκτόνον
922 791 951 818 δὲ

157 841 244 873 καλεῖ,
258 843 274 878 ἦ
290 843 332 869 ὅτι
347 843 483 877 ἐπανέστη
497 842 535 878 τῷ
551 842 647 878 Κρόνῳ
659 842 673 868 ὁ
687 842 764 873 Ζεὺς.
782 841 798 876 ἢ
810 841 851 867 ὃτι
865 841 880 866 ὁ
891 839 951 866 τού-

158 897 204 915 του
225 889 300 920 λίθος
315 889 444 925 ἐποίησεν
463 889 544 915 αὑτὸν
557 889 666 923 ἐμέσαι,
683 889 730 915 καὶ
751 888 797 919 οὓς
819 887 950 923 πρότερον

157 935 224 961 κατέ
230 944 284 962 ms.

1003 276 1050 303 τοῦ
1067 277 1166 312 ἀφροῦ,
1187 277 1237 304 hoc
1252 280 1294 304 est
1311 285 1325 303 ιι
1341 284 1447 312 spuma.

1039 335 1084 362 89.
1107 335 1144 362 De
1162 336 1352 362 insurrectioue
1363 335 1436 362 Jovis
1452 335 1575 362 adversus
1595 335 1756 363 Saturnum.

1038 424 1148 459 Jupiter
1163 424 1313 452 Saturnum
1334 430 1438 460 patrem
1456 426 1526 453 adeo
1540 426 1681 453 crudelem
1710 431 1791 462 atque

1005 470 1151 497 immanem
1186 479 1247 498 esse
1274 472 1406 503 sentiens,
1433 477 1461 498 ut
1493 472 1562 499 ﬁlios
1587 480 1652 500 suos
1678 474 1793 500 devora-

1005 520 1057 548 ret,
1075 517 1206 551 impetum
1228 517 1361 545 adversus
1391 526 1452 545 cum
1478 518 1554 549 facit.
1573 527 1742 554 regnumque
1766 520 1791 546 ei

1005 562 1154 594 abstrahit,
1172 564 1372 599 propriumque
1403 569 1507 598 patrem
1525 565 1681 599 principatu
1699 569 1792 592 extur—

1005 609 1062 636 bat.
1075 610 1115 636 Ad
1127 610 1307 637 imitationem
1323 614 1411 638 autctn
1428 612 1514 646 patris
1528 612 1580 638 hoc
1594 612 1628 639 ab
1641 620 1674 638 eo
1691 612 1792 639 factum

1004 662 1065 681 esse
1078 655 1116 682 ait
1130 654 1290 690 Gregorius,
1304 657 1435 690 quoniam
1450 658 1508 692 ipse
1523 665 1634 692 quoque
1653 657 1792 685 Saturnus

1004 701 1137 728 adversus
1161 702 1266 729 leum
1296 703 1493 735 insurrexerat,
1516 711 1548 730 ac
1571 704 1714 738 pudendas
1741 705 1793 740 ipsi

1005 751 1097 781 partes
1113 747 1280 778 absciderat,
1298 748 1500 783 imperiumque
1514 750 1547 776 ad
1560 758 1589 778 se
1602 751 1791 778 transtulerat.

1005 791 1117 819 Dulcem
1137 800 1220 828 porro
1244 794 1361 828 lapidem
1380 794 1475 823 Jovem
1495 800 1588 828 vocat,
1610 797 1794 832 eumdemque

1005 838 1134 865 acerbum
1151 840 1353 875 tyrannicidam
1370 850 1376 868 ι
1398 841 1517 876 lapidem
1532 843 1641 877 quidem
1663 843 1792 878 quoniam

1004 884 1090 915 Rhea.
1117 888 1148 912 ut
1173 892 1188 912 a
1208 886 1288 913 nobis
1315 886 1417 913 dictum
1446 891 1498 919 est,
1531 888 1650 915 Saturno
1675 888 1793 923 lapidem

965 924 986 952 Β
1000 931 1076 959 Jovis
1099 932 1159 959 loco
1185 932 1373 960 devorandum
1392 939 1550 968 porrexerat
1566 944 1572 962 :
1591 936 1793 971 tyrannicidam

157 987 258 1013 autent,
284 981 325 1009 vel
341 981 404 1016 quia
427 980 536 1015 Jupiter
554 981 686 1008 adversus
700 980 849 1007 Saturnum
870 978 1024 1010 rebellavit,
1046 978 1088 1005 vel
1107 978 1170 1014 quia
1188 979 1347 1014 huiusmodi
1374 980 1491 1015 lapidem
1521 989 1568 1008 cos
1584 990 1703 1017 quoque,
1722 990 1791 1016 quos

156 1029 233 1063 prius
244 1028 401 1061 devorarat,
417 1035 544 1055 evomere
559 1028 660 1063 coegit.

370 1087 405 1119 1,].
425 1086 494 1120 Περὶ
514 1086 569 1113 τοῦ
588 1086 737 1120 Κερδῴοιι.

191 1141 319 1177 Κερδῷον
331 1141 390 1168 θεὸν
402 1141 530 1169 καλοῦσιν
543 1143 566 1168 οἱ
580 1141 711 1175 Ἕλληνες
722 1141 767 1168 τὸν
787 1140 902 1177 Ἑρμῆν,
914 1141 952 1172 ὼς

160 1187 272 1222 κέρδους
287 1188 508 1223 περιποιητικόν.
524 1187 569 1214 Διὸ
584 1187 632 1214 καὶ
654 1188 850 1223 Ἀριστοφάνης
866 1189 880 1214 6
899 1195 952 1213 κω-

159 1233 237 1267 μικὸς
251 1234 280 1259 ἐν
296 1233 334 1268 τῷ
349 1233 468 1268 δράματι
487 1234 527 1269 τῷ
548 1234 680 1266 Πλούτῳ,
698 1233 819 1269 ἀπορῶν,
837 1233 898 1260 τινα
913 1232 953 1258 δεῖ

1249 1083 1293 1110 90.
1318 1083 1355 1111 Dc
1372 1083 1471 1112 Lucreo
1486 1085 1544 1112 deo.

1040 1139 1171 1166 Lucrium
1194 1140 1274 1167 deum
1308 1140 1473 1168 Mercurium
1503 1142 1589 1170 Graeci
1619 1148 1728 1175 vocant.
1762 1151 1792 1172 ut

1004 1184 1076 1211 lucri
1095 1189 1246 1212 auctorem.
1267 1185 1345 1213 Unde
1364 1188 1448 1214 etiam
1460 1189 1582 1216 comicus
1594 1189 1792 1224 Aristophanes

1003 1231 1032 1258 in
1050 1230 1130 1258 Pluto
1148 1233 1315 1260 addubitans
1332 1241 1387 1268 quo
1404 1235 1515 1262 nomine
1532 1235 1685 1263 Mercurius
1698 1239 1790 1271 appel-

160 1279 269 1305 καλέσαι
286 1279 331 1306 τὸν
350 1278 466 1315 Ἑρμῆν,
481 1280 563 1315 φησιν
575 1289 581 1296 ·
606 1281 768 1315 Ἑμπολαῖον
784 1280 863 1306 αὐτὸν
884 1279 957 1312 ἱδρυο

1003 1278 1102 1305 landus
1115 1279 1162 1309 sit.
1172 1278 1331 1307 Statuamus
1344 1289 1416 1313 eum,
1432 1281 1530 1316 inquit,
1543 1283 1700 1318 ἐμπολαῖον,
1715 1284 1740 1311 id
1751 1290 1793 1312 est

159 1325 280 1361 τὼμεθα,
298 1326 432 1356 τουτέστι,
452 1326 565 1362 κέρδους
582 1327 688 1362 ἔφορον.

282 1385 335 1416 L_a’.
360 1383 429 1417 Περὶ
448 1383 514 1416 Διὸς
533 1384 631 1410 πάντα
653 1382 822 1418 γινομένου.

197 1439 226 1466 '0
250 1440 318 1471 Ζεὺς
340 1440 485 1475 γενόμενος
507 1441 584 1472 ἀετὸς
606 1439 649 1466 διὰ
679 1439 846 1475 μαγγανείας
869 1439 950 1471 τινὸς,

159 1486 270 1522 ῆρπασε-
284 1487 329 1513 τὸν
344 1487 524 1523 Γανυμήδην,
540 1487 666 1522 ἐρασθεὶς
686 1487 770 1513 αὑτοῦ
793 1487 860 1521 πρὸς
875 1487 954 1513 παιδ-

160 1533 307 1569 εραστίαν·
322 1534 395 1569 Φρὺξ
415 1534 445 1560 δὲ
465 1535 479 1560 6
498 1534 668 1570 Γανυμήδης.
693 1533 720 1559 '0
734 1533 762 1559 δὲ
783 1532 866 1568 μῦθος
884 1532 952 1568 ἔχει,

1008 1329 1131 1358 quaestus
1147 1329 1174 1352 et
1191 1326 1258 1353 lucri
1272 1327 1427 1361 praesidem.

1033 1380 1078 1407 9|.
1099 1381 1137 1408 De
1151 1389 1181 1408 eo
1199 1382 1243 1416 qui
1258 1388 1364 1417 propter
1383 1384 1506 1411 mulieres
1521 1385 1622 1420 quidvis
1634 1386 1759 1421 efﬁcitur.

1039 1436 1135 1465 Jovem
1159 1439 1301 1474 intelligit,
1325 1441 1372 1475 qui
1394 1442 1543 1477 przcstigiis
1567 1442 1733 1478 quibusdam
1765 1445 1792 1471 in

1005 1483 1126 1517 aquilam
1142 1484 1366 1520 transformatus,
1386 1487 1571 1522 Ganymedem
1593 1489 1695 1523 rapuit,
1715 1495 1744 1516 ut
1761 1498 1794 1516 eo

1004 1528 1039 1554 ad
1055 1530 1207 1557 masculam
1226 1531 1366 1560 libidinem
1390 1533 1559 1562 abuteretur.
1589 1535 1679 1571 Phryx
1703 1541 1793 1564 autem

159 1579 198 1606 ὅτι
213 1580 339 1615 ἥρπασεν
353 1582 366 1607 6
378 1581 444 1612 Ζεὺς
456 1581 501 1607 τὸν
515 1580 686 1616 Γανυμήδην,
702 1580 746 1606 ἵνα
757 1580 858 1616 ποιήσῃ
872 1579 953 1607 αὐτὸν

1005 1579 1064 1602 erat
1079 1575 1262 1611 Ganymedes,
1280 1578 1394 1609 idcirco,
1418 1583 1447 1606 ut
1469 1584 1555 1614 poeta!
1577 1580 1747 1614 fabulantur,
1779 1591 1794 1609 ει

159 1627 289 1662 οἰνοχόον,
302 1627 367 1654 ὅταν
382 1627 544 1662 ἀριστοποιῇ
563 1628 618 1658 τοῖς
633 1626 713 1658 θεοῖς·
729 1623 805 1656 οὗτος
818 1626 845 1652 δὲ
858 1626 872 1652 6
887 1626 954 1657 Ζεὺς

1005 1620 1073 1648 Jove
1095 1627 1204 1657 raptus,
1229 1627 1260 1650 ut
1289 1624 1459 1658 pocillatoris
1480 1634 1594 1654 munere
1621 1627 1792 1663 fungeretur.

159 1672 271 1708 γοητείᾳ
285 1673 338 1699 τινὶ
355 1672 451 1707 γέγονε
466 1673 566 1708 χρυσὸς
577 1693 585 1704 ,
600 1672 647 1698 καὶ
664 1672 754 1708 Δανάῃ
777 1671 936 1705 συνεγένετο
946 1679 953 1686 ·
970 1704 974 1708 Α

1006 1678 1068 1696 cum
1085 1669 1194 1705 Jupiter
1211 1671 1277 1698 dens
1293 1673 1409 1706 prandio
1424 1680 1591 1708 excepturus
1605 1680 1689 1702 esset.
1720 1675 1793 1702 Idem

160 1718 241 1744 πάλιν
255 1717 366 1754 ταῦρος,
384 1719 431 1744 καὶ
446 1718 494 1753 τὴν
511 1717 647 1754 Εὐρώπην
663 1719 772 1753 ἥρπασε
784 1726 791 1733 ο
813 1717 910 1748 κύκνος
925 1716 955 1743 δὲ
968 1704 974 1728 ⁴

1005 1716 1115 1751 Jupiter
1144 1718 1314 1753 prtestigiosa
1338 1720 1456 1753 quadam
1478 1701 1537 1747 alrte
1560 1729 1657 1747 aurum
1681 1721 1793 1748 eﬂ‘ectus

160 1764 317 1799 γενόμενος,
338 1764 427 1799 Λήδαν
448 1764 610 1799 ὲπόρνευσε’
630 1764 710 1790 πάλιν
727 1763 826 1799 ταῦρος
843 1763 955 1798 γενόμε-

1006 1761 1117 1790 Danaen
1138 1764 1314 1798 compressit.
1331 1763 1436 1792 Rursus
1451 1765 1502 1792 sub
1523 1766 1593 1792 tauri
1618 1766 1704 1792 forma
1722 1766 1793 1792 Euro

161 1819 214 1842 νος,
234 1811 284 1845 τὴν
299 1811 446 1846 Πασιφάην
460 1811 608 1846 ὲπόρνευσε
618 1819 624 1825 ’
641 1811 756 1846 σάτυρος
769 1810 796 1836 δὲ
809 1810 955 1845 γενόμενος

1004 1816 1065 1843 pam
1084 1809 1185 1843 rapuit,
1196 1810 1425 1844 quemadmodum
1440 1812 1523 1838 etiam
1540 1813 1566 1839 in
1589 1820 1705 1848 cygnum
1718 1820 1793 1839 com—

162 1857 207 1882 καὶ
226 1856 311 1884 τᾶλλα
335 1857 420 1893 μυρία
443 1857 516 1884 κακὰ
539 1856 645 1892 πράξας
670 1857 715 1883 διὰ
734 1857 887 1892 φιληδονίαν
906 1855 953 1882 καὶ

1003 1858 1124 1882 mutatus
1141 1855 1220 1882 Leda:
1236 1860 1361 1890 stuprum
1383 1857 1483 1889 intulit,
1500 1864 1525 1885 et
1547 1858 1573 1884 in
1590 1863 1711 1893 satyrum
1728 1867 1793 1885 con-

161 1901 297 1936 λαγνείαν.
1002 1908 1100 1928 versus
1122 1900 1279 1936 Nycteidem
1297 1902 1444 1936 nympham
1461 1903 1568 1938 aliaque
1587 1908 1715 1930 sescenta
1743 1903 1792 1930 ﬂa-

1001 1947 1068 1982 gitia
1089 1951 1200 1982 propter
1215 1950 1383 1984 voluptatem
1400 1949 1599 1984 libidinemque
1616 1950 1790 1984 perpetravit.

749 2003 804 2040 [92.
821 2003 876 2038 (5|)
899 2002 934 2029 De
944 2002 1042 2030 Thestii
1062 2004 1182 2038 ﬁtiabus.

196 2050 254 2078 Jam
275 2051 396 2078 diximus
411 2051 554 2078 Herculem
569 2059 624 2078 una
638 2054 719 2078 nocte
742 2057 804 2076 cum
827 2057 841 2076 L
865 2048 970 2076 Thestii
986 2049 1093 2077 ﬁliabus
1115 2058 1291 2086 congressum
1314 2052 1408 2085 fuisse,
1437 2061 1554 2088 eutnque
1569 2052 1723 2088 Trivesperi
1743 2061 1792 2079 no-

163 2105 222 2125 men
236 2106 269 2125 ει
285 2107 318 2126 eo
334 2103 524 2130 consecutum,
541 2099 614 2133 quod
628 2098 716 2125 tribus
734 2097 831 2124 diebus
844 2101 1005 2131 procreatus
1019 2097 1065 2123 sit.

777 2143 821 2170 93.
853 2143 890 2170 De
909 2142 995 2169 Marte
1014 2143 1191 2177 irwprwside.

197 2191 270 2220 Mars
291 2192 424 2219 bellorum
446 2198 547 2226 praeses
560 2190 670 2222 dicitur,
686 2193 767 2224 atque
785 2190 853 2216 iram
868 2189 987 2223 spirans,
1002 2190 1131 2224 (yroniam
1148 2197 1178 2217 ca
1197 2190 1222 2217 in
1237 2191 1314 2218 bellis
1332 2191 1486 2227 indigemus
1503 2195 1531 2218 ut
1547 2192 1712 2219 irascibilcm
1729 2193 1790 2219 ani-

163 2246 213 2264 ma:
227 2242 327 2265 nostrae
343 2236 500 2264 facultatem
515 2240 630 2262 moveat.

780 2283 823 2310 9L
847 2282 885 2309 De
899 2283 995 2310 Bacchi
1011 2284 1173 2311 tenmlentiu.

197 2333 336 2360 Bacchum
353 2332 416 2359 vitis
434 2339 464 2358 ac
481 2331 536 2358 vini
554 2335 636 2365 atque
653 2330 739 2364 ipsius
755 2330 836 2357 etiam
850 2330 991 2358 ebrietatis
1008 2332 1150 2366 prmsidem
1173 2340 1234 2360 esse
1261 2333 1337 2359 aiunt
1359 2341 1365 2358 :
1393 2333 1536 2368 ipsumque
1557 2333 1638 2360 etiam
1665 2341 1739 2360 mero
1766 2341 1794 2360 se

164 2380 325 2408 obruentem
339 2380 454 2414 ﬁngunt,
467 2378 640 2412 consilioque
650 2377 765 2405 Junonis
781 2378 844 2404 huic
858 2378 924 2405 vitio
937 2386 998 2406 sese
1014 2379 1162 2412 addixisse,
1174 2381 1224 2407 hoc
1236 2380 1363 2407 videlicet
1377 2380 1492 2415 agentis,
1508 2384 1538 2406 ut
1555 2379 1599 2405 ille
1615 2379 1794 2406 immoderato

164 2431 228 2462 potu
242 2426 341 2454 mentis
356 2432 478 2453 errorem
496 2424 681 2451 contraheret.
695 2423 747 2458 Ipsi
763 2424 835 2450 cnim
850 2427 880 2450 ut
895 2422 970 2451 Jovis
987 2424 1042 2450 ﬁlio
1058 2424 1157 2451 infesta
1173 2429 1241 2452 erat.
1268 2424 1370 2453 Omnes
1385 2425 1456 2451 enim
1482 2432 1516 2451 ex
1542 2423 1608 2451 ,Ιοιό
1638 2424 1794 2458 progenitus

165 2473 298 2507 zelotypia
313 2471 511 2498 insectabatur.

706 2517 750 2544 95.
774 2517 809 2543 De
822 2517 907 2543 Diana
923 2518 1037 2552 hospites
1049 2518 1110 2544 odio
1127 2518 1245 2545 habente.

200 2567 236 2595 De
251 2566 351 2593 Tauris
368 2569 394 2594 et
410 2565 550 2601 Iphigenia
563 2565 620 2600 jam
636 2565 719 2592 verba
734 2564 860 2592 fecimus.
890 2563 974 2591 Diana
991 2564 1064 2592 enim
1099 2565 1171 2600 apud
1204 2565 1407 2600 Tauroscythas
1419 2565 1561 2592 colebatur
1579 2574 1584 2591 :
1604 2564 1794 2598 habebantque

164 2611 203 2639 illi
218 2611 387 2647 lphigeniam
403 2612 616 2647 Agamemnonis
633 2611 716 2638 ﬁliam
729 2610 902 2637 sacerdotem
923 2611 1045 2646 hospites
1058 2611 1109 2645 ipsi
1139 2611 1335 2638 immolantem.
1352 2610 1411 2646 Ipsa
1435 2610 1536 2646 quippe
1556 2610 1694 2645 hospitum
1720 2609 1794 2638 caede

166 2659 381 2696 oblectabatur.]

386 2719 443 2751 ἧς’.
459 2717 527 2751 Περὶ
539 2716 592 2743 τοῦ
607 2716 725 2748 Λοξίου.
969 2708 974 2735 1

1180 2715 1224 2744 96.
1244 2715 1282 2743 De
1299 2715 1382 2743 Lamia
1397 2715 1504 2742 oracula
1519 2715 1617 2742 edenle.

205 2775 234 2801 '0
255 2773 392 2801 Ἀπόλλων
409 2774 618 2809 μαντευόμενος,
634 2774 664 2799 οὐ
682 2773 785 2808 σαφῶς,
806 2774 865 2800 οὐδὲ
880 2774 952 2810 διαρι

166 2821 249 2855 ρήδην
262 2821 327 2852 τοὺς
345 2821 485 2855 χρησμοὺς
503 2821 559 2851 τοῖς
575 2819 833 2855 χρησμῳδουμένοις
849 2819 952 2854 ἔλεγεν,

166 2866 221 2892 αλλ’
240 2866 354 2900 ἀσαφῶς
373 2866 420 2892 καὶ
438 2865 532 2899 λοξῶς
549 2865 588 2892 διὸ
607 2866 707 2900 ἢκουσε
728 2865 834 2898 Λοξίας,
855 2865 892 2896 ὡς
907 2865 954 2891 τά-

200 2931 256 2967 (51)
275 2931 383 2958 Inclusa
403 2931 505 2958 omittit
519 2929 643 2957 Nonnus.

332 2978 465 3008 ΡΑτιιοι..
484 2977 543 3007 Gn.
560 2975 707 3007 XXXVI.

1043 2773 1139 2808 Apollo
1153 2773 1308 2800 vaticinans
1325 2779 1498 2807 nequaquam
1516 2775 1611 2806 aperte
1637 2778 1669 2798 ac
1689 2771 1794 2805 perspi-

1007 2826 1059 2845 cue
1067 2819 1100 2846 iis
1111 2827 1124 2846 a
1138 2819 1237 2854 quibus
1256 2819 1464 2850 consulebatur,
1483 2817 1596 2845 oracula
1611 2817 1719 2847 edebat,
1748 2816 1794 2843 St‘il

1009 2862 1126 2890 obscure
1133 2869 1214 2898 atque
1223 2864 1345 2899 oblique.
1359 2863 1435 2891 Unde
1448 2863 1529 2890 etiam
1544 2861 1642 2889 Loxias
1651 2861 1741 2888 dictus
1754 2865 1794 2887 est

1629 2971 1668 3001 33
