2046 3131
155 190 222 219 1057

363 246 396 281 β’.
411 245 481 280 Περὶ
495 244 550 279 τῆς
565 245 737 279 Reperiam.

193 302 227 329 Ἦ
243 301 272 328 δὲ
290 301 337 328 τοῦ
354 301 494 336 πλοκάμου
517 301 565 336 τῆς
586 301 733 336 Βερονίκης
756 301 829 327 ἐστὶν
850 299 937 335 αὕτη·

153 347 285 383 Βερονίκη
311 347 380 381 γυνή
395 354 438 378 τις
461 343 494 380 ἦν
510 345 556 372 τοῦ
579 346 609 371 ὲν
629 345 816 380 Ἀλεξανδρείᾳ
843 344 940 371 Πτολε-

155 393 236 428 palmi
253 392 300 419 τοῦ
321 391 473 427 Εὐεργέτου
500 391 678 425 καλουμένου.
695 391 748 418 Τοῦ
771 389 817 417 οὖν
843 390 940 425 ἀνδρὸς

153 439 238 474 αὐτῆς
253 438 300 465 τοῦ
311 438 478 472 Πτολεμαίου
493 437 567 468 ὄντος
578 439 606 464 ὲν
620 438 758 473 πολέμοις,
775 437 887 473 ηὔξατο,
897 438 938 464 ὅτι

153 486 178 511 ει
194 484 358 520 ὑποστρέφει
376 484 506 520 ἄτρωτος,
527 483 581 510 τῶν
599 484 747 519 πλοκάμων
761 484 816 510 τῶν
839 485 938 519 ἑαυτῆς

153 530 303 565 ἀπόκαρμα
317 529 446 564 ἀναθήσει
457 529 583 565 ἀνάθημα
597 530 626 555 ἐν
636 529 674 564 τῷ
689 529 767 565 ἱερῷ·
784 530 830 556 καὶ
846 530 941 565 ἀνέϐην

153 584 202 602 κεν
217 577 234 610 ὴ
250 575 382 610 Βερονίκη
397 575 442 601 τὸν
457 575 598 610 πλόκαμον
621 575 789 610 ἀτξοκεξρασα
812 575 857 602 τὸν
878 577 941 602 ἑαυ-

153 623 219 657 τῆς,
241 621 461 658 ὑποστρέψαντος
475 621 522 648 τοῦ
543 621 721 656 Πτολεμαίου.
740 621 832 648 Κόνων
847 622 876 648 δέ
900 631 942 654 τις

152 665 186 702 ἦν
199 667 367 703 ἀστρονόμος
381 667 426 693 ἐπὶ
442 667 496 693 τῶν
507 667 593 702 αὐτῆς
613 667 726 702 χρόνων,
739 667 768 698 ὃς
784 667 852 702 πρὸς
863 667 943 693 κολα-

153 713 230 739 κείαν
246 714 331 748 αὐτῆς
346 722 438 749 φησιν,
456 714 496 739 ὅτι
514 714 538 739 οι
555 713 611 739 θεοὶ
627 713 673 739 τὸν
691 712 831 748 πλόκαμον
851 713 944 739 τοῦτον

561 186 605 214 AD
629 187 657 214 S.
677 185 842 214 GREGORH
861 185 966 217 ORAT.
987 185 1008 212 11
1026 185 1163 213 CONTRA
1193 186 1374 216 JUJANL'M.

1706 190 1774 218 1058

1179 247 1206 273 2.
1228 246 1266 273 De
1278 246 1415 273 Berenices
1432 247 1503 273 crine

1030 300 1159 330 Berenice
1176 302 1315 329 Plolemmi
1340 307 1521 337 cognomento
1542 303 1681 340 Evergetis
1706 312 1777 332 uxor

988 351 1049 374 erat
1068 357 1074 374 τ
1093 356 1154 382 quae
1174 350 1274 376 marito
1295 350 1396 376 bellum
1408 357 1521 385 peregre
1533 356 1644 385 gerente
1659 351 1711 378 hoc
1727 358 1778 378 vo-

992 399 1019 421 to
1035 403 1065 422 se
1083 395 1230 423 obstrinxit
1245 400 1274 423 ιιι
1289 397 1311 423 si
1324 397 1426 425 illazsus
1441 401 1523 432 atque
1544 398 1691 425 incolumis
1730 399 1776 426 ille

988 440 1099 473 rediret,
1117 441 1176 476 ipsa
1190 441 1320 470 delonsos
1336 443 1429 470 crines
1446 443 1473 470 in
1492 444 1594 478 templo
1606 443 1714 471 donarii
1730 452 1776 471 cu-

988 486 1098 521 jusdam
1121 487 1181 514 loco
1196 488 1372 522 appenderct.
1394 487 1454 521 Quo
1468 489 1551 516 etiam
1568 493 1630 516 voto
1644 489 1773 516 defuncta

992 536 1045 559 est.
1064 532 1129 558 Erat
1142 537 1230 560 autem
1246 534 1333 567 ipsius
1345 538 1466 569 tempore
1477 539 1651 562 astronomus
1664 535 1776 569 quidam

989 577 1129 605 Comonus
1144 579 1266 610 nomine,
1282 578 1328 613 qui
1347 584 1376 605 ut
1389 579 1440 613 ipsi
1456 579 1624 609 adularctur.
1653 579 1719 606 deos
1735 580 1776 614 ip-

991 623 1050 650 sius
1066 623 1170 651 crinem
1192 624 1264 651 inter
1294 628 1370 652 astra
1394 625 1525 652 retulisse
1552 625 1706 652 affirmavit.
1738 626 1776 651 Ac

991 669 1105 703 proinde
1121 677 1194 696 nunc
1208 678 1295 697 nexus
1310 670 1420 705 quidam
1440 671 1582 698 stellarum
1597 672 1624 698 in
1638 671 1707 698 coelo
1722 673 1775 701 est,

991 722 1073 748 quem
1087 715 1233 743 Berenices
1245 716 1348 743 crinem
1364 717 1512 752 appellant.

153 762 182 788 ὲν
197 762 307 796 ἄστροις
319 760 463 795 ἀνέθηκαν.
473 761 528 787 Καὶ
542 760 590 787 νῦν
603 760 660 786 ἐστι
670 769 711 792 τις
722 760 891 795 βοτρυοειδὴς
905 759 977 792 θέσις
996 761 1116 796 ἀστέρων
1131 763 1159 789 ἐν
1172 762 1211 797 τῷ
1231 762 1349 798 οὐρανῷ,
1364 763 1379 788 ὃ
1400 763 1511 790 καλοῦσι
1531 763 1669 799 πλόκαμον
1694 764 1776 799 Βερο-

151 811 241 845 νίκης.

378 869 412 901 γ’.
434 867 502 900 Περὶ
519 866 571 894 τοῦ
586 868 709 894 κύκνου.

193 922 224 948 'H
239 922 267 948 δὲ
283 923 347 958 περὶ
361 922 408 949 τοῦ
428 922 528 949 κύκνου
544 922 616 949 ἐστὶν
634 922 702 957 αὕτη
717 931 724 937 ⁸
744 922 773 948 ’0
791 921 857 953 Ζεὺς
873 922 938 956 ὲρα-

151 968 239 1000 σῢεὶς,
257 968 294 1001 ὠς
319 969 368 1004 μέν
393 977 465 1000 τινες
484 968 602 1002 λέγουσι,
613 969 662 1003 τῆς
681 967 837 1003 Νεμέσεως,
857 967 894 998 ὼς
911 967 939 993 δὲ

150 1014 259 1049 ἕτεροι,
287 1015 337 1050 τῆς
364 1014 473 1050 Λήδας,
504 1014 552 1041 καὶ
577 1014 739 1049 βουλόμενος
761 1012 939 1047 συγγενέσθαι

151 1061 232 1096 αὐτῇ.
246 1061 293 1087 καὶ
307 1061 344 1096 μὴ
358 1060 533 1096 ὁραῘσ]θῆναι
545 1060 598 1087 ὑπὸ
608 1060 658 1094 τῆς
667 1060 766 1095 ’⁷11ρας.
781 1058 940 1094 ὲξωμοιώθη

151 1106 255 1142 κύκνῳ,
270 1107 318 1133 καὶ
332 1107 490 1141 συνεγένετο
508 1107 541 1142 τῇ
555 1107 691 1143 ἐρωμένῃ.
714 1106 772 1132 Νῦν
792 1103 838 1132 οὖν
862 1102 940 1137 οὗτος

151 1153 167 1179 ὁ
188 1153 288 1184 κύκνος
311 1152 512 1188 κατεστηρίχθη
537 1152 565 1178 ὲν
589 1152 627 1187 τῷ
649 1151 774 1187 οὐρανῷ·
795 1151 842 1177 καὶ
865 1150 939 1181 ἔστι,

153 1199 245 1234 φησὶν,
258 1198 507 1233 ὑποζωγραφηθεὶς
524 1198 570 1224 καὶ
584 1198 682 1232 ἄστρον
699 1198 713 1223 ὁ
732 1197 839 1227 κύκνος.

380 1256 411 1283 δ’.
432 1255 499 1289 Περὶ
516 1255 569 1282 τοῦ
586 1257 709 1287 ταύρου.

193 1313 225 1338 Ἱί
245 1312 272 1338 δὲ
292 1306 356 1347 mpii.
377 1311 424 1338 τοῦ
440 1312 542 1347 ταύρου
564 1311 637 1337 ἐστὶν
659 1309 728 1345 αὕτη
742 1318 748 1325 ’
769 1308 874 1343 Ταῦρος
899 1317 942 1340 τις

154 1358 206 1385 ὑπὸ
216 1358 263 1385 τοῦ
279 1358 445 1389 Ποσειδῶνος
459 1357 571 1392 ἀνεδόθη
585 1357 650 1392 περὶ
661 1357 710 1391 τὴν
727 1356 848 1383 Ἑλλάδα.
858 1351 942 1387 Οὗτος

154 1403 317 1438 ἐλυμαίνετο
327 1404 376 1439 τὴν
389 1403 480 1439 χώραν
492 1403 539 1430 καὶ
549 1402 652 1429 ἐσίνετο
666 1402 762 1428 πολλά.
777 1402 838 1428 Ἐπὶ
848 1401 942 1428 τοῦτον

153 1447 235 1485 ἦλθεν
251 1451 265 1477 ὀ
283 1450 400 1486 Θησεὺς,
416 1450 462 1477 καὶ
480 1450 584 1476 ἀνεῖλεν
603 1449 694 1476 αὐτόν.
710 1449 764 1475 Καὶ
785 1448 942 1483 βουλόμενοι

153 1497 179 1523 ot
193 1496 250 1523 θεοὶ
265 1497 336 1532 μέγα
349 1497 379 1523 τὺ
393 1496 473 1532 ἔργον
489 1496 536 1523 τοῦ
556 1496 666 1532 θησέως
679 1495 775 1527 δεῖξαι,
795 1495 843 1521 καὶ
859 1494 941 1530 θερα-

1283 865 1310 892 5.
1331 865 1368 891 De
1383 874 1474 901 cygno.

1023 921 1141 956 Jupiter,
1157 926 1186 948 ut
1200 922 1311 957 quidam
1328 923 1450 954 tradunt.
1469 923 1625 956 Ncmeseos,
1642 929 1671 951 ul.
1684 930 1774 953 autem

991 969 1048 1000 alii,
1065 967 1144 995 Ledae
1158 976 1252 996 amore
1270 969 1468 1002 inllammatus,
1497 979 1560 998 cum
1580 979 1666 1006 eaque
1686 973 1774 1006 stupri

990 1015 1184 1042 commercium
1203 1015 1301 1043 habere
1318 1016 1443 1051 cupiens,
1460 1025 1495 1045 uc
1508 1025 1523 1044 a
1539 1017 1646 1046 Junone
1666 1020 1775 1054 perspi-

990 1064 1110 1093 ceretur,
1131 1061 1210 1096 cygni
1227 1061 1342 1088 l'ormam
1360 1062 1463 1090 subiit:
1481 1067 1563 1098 alque
1575 1064 1611 1091 ita
1625 1072 1687 1091 cum
1704 1065 1774 1091 ami-

990 1113 1022 1133 ca
1041 1113 1207 1141 congressus
1223 1111 1275 1135 cst.
1299 1107 1377 1134 Nune
1392 1116 1457 1143 ergo
1471 1108 1515 1136 hic
1543 1117 1645 1145 cygnus
1657 1110 1684 1137 in
1705 1110 1775 1137 caelo

991 1152 1081 1186 pictus
1097 1152 1236 1188 est,atque
1251 1153 1323 1181 inter
1343 1159 1417 1181 astra
1435 1155 1596 1183 collocatus.

1288 1253 1314 1280 ὅ.
1336 1253 1374 1280 De
1386 1259 1473 1280 lauro.

1028 1310 1136 1337 Taurus
1154 1311 1267 1346 quidam
1286 1319 1300 1338 a
1312 1310 1438 1346 Neptuno
1455 1311 1529 1339 circa
1544 1311 1674 1339 Grazciam
1689 1313 1774 1340 emis-

992 1365 1040 1384 sus
1060 1362 1123 1385 est:
1148 1358 1194 1392 qui
1220 1365 1281 1384 cum
1314 1359 1452 1392 regionem
1481 1361 1565 1385 totam
1594 1363 1773 1393 pervastaret.

992 1404 1196 1439 maximamque
1229 1404 1376 1438 perniciem
1408 1404 1460 1440 ipsi
1491 1405 1609 1438 alfcrret,
1634 1406 1774 1434 tandema

992 1449 1099 1477 Theseo
1114 1450 1295 1485 interemptus
1314 1454 1366 1477 est.
1387 1450 1521 1483 Quocirca
1540 1452 1578 1478 dii
1596 1456 1626 1479 ut
1647 1460 1774 1487 magnum

992 1496 1192 1530 alqueillustre
1209 1496 1307 1524 Thesei
1336 1497 1445 1524 facinus
1473 1498 1660 1530 ostenderent,
1692 1499 1774 1525 simul

154 1541 255 1569 πεῦσαι
271 1543 317 1569 τὸν
338 1542 502 1573 Ποσειδῶνα,
516 1540 715 1577 κατεστήριξαν
733 1540 779 1566 τὸν
799 1539 898 1575 ταῦρον
912 1541 941 1566 ὲν

991 1541 1073 1568 etiam
1088 1545 1118 1568 ut
1138 1542 1205 1568 iram
1219 1541 1338 1577 Neptuni
1353 1542 1481 1575 lenirent,
1494 1542 1613 1570 Taurum
1631 1545 1702 1571 inter
1719 1551 1774 1571 cm-

153 1587 192 1623 τῷ
210 1588 336 1624 οὺρανᾷν
360 1589 408 1615 καὶ
427 1588 475 1615 νῦν
497 1589 555 1614 ἐστι
572 1587 617 1614 διὰ
633 1587 756 1621 ἀστέρων
776 1586 940 1622 ὑποζωγρα-

153 1634 252 1669 φηθεὶς
264 1635 278 1660 ὁ
290 1633 390 1668 ταῦρος
405 1634 435 1660 ὲν
449 1633 488 1668 τῷ
499 1633 614 1669 οὐρανῷ.

381 1691 412 1714 ε’.
434 1687 503 1721 Περὶ
516 1687 568 1714 τοῦ
582 1687 716 1720 λέοντος.

196 1743 229 1770 'H
243 1744 272 1770 δὲ
287 1744 351 1779 περὶ
366 1743 412 1770 τοῦ
427 1744 535 1776 λέοντος
552 1743 656 1779 ἱστορία
675 1743 749 1769 ἐστὶν
764 1742 833 1778 αὕτη
843 1751 850 1757 ·
865 1742 942 1769 Λέων

155 1790 223 1822 ζῶον
235 1790 332 1825 ἄγριον
352 1788 386 1825 ἦν
404 1791 433 1816 ἐν
454 1791 488 1826 τῇ
513 1790 627 1825 Νεμέᾳ·
649 1789 726 1825 χώρα
742 1789 771 1815 δὲ
797 1788 865 1824 αὕτη
892 1789 941 1824 τῆς

155 1837 371 1872 Πελοποννήσου.
385 1834 468 1868 Οὗτος
483 1834 529 1863 οὖν
547 1837 561 1862 ὁ
574 1836 642 1862 λὲων
661 1836 820 1872 ἐλυμαίνετο
833 1835 896 1867 τοὺς
912 1836 941 1862 ὲν

156 1884 189 1917 τῇ
200 1883 286 1918 χώρᾳ.
309 1882 464 1917 Εὐρυσθεὺς
484 1881 530 1909 οὖν
547 1881 695 1917 βασιλεύων
717 1882 770 1908 τῶν
793 1880 940 1916 Μυκηνῶν,

156 1929 204 1954 καὶ
232 1928 336 1964 μηνιῶν
361 1928 399 1963 τῷ
431 1928 576 1964 Ἠρακλεῖ,
604 1927 708 1962 πέμπει
733 1926 814 1953 αὐτὸν
838 1927 883 1953 ἐπὶ
911 1925 942 1952 τὸ

155 1973 260 1999 ἀνελεῖν
272 1973 317 2000 τὸν
329 1973 424 1999 λέοντα
435 1982 441 1988 '
460 1974 507 2000 καὶ
525 1973 572 1999 νῦν
583 1973 655 1999 ἐστιν
669 1974 682 1999 6
695 1973 762 1999 λέων
777 1973 806 1998 ὲν
819 1972 939 2007 ἄστροις.

990 1587 1071 1615 lestia
1087 1591 1163 1615 astra
1178 1587 1341 1615 deﬁxerunt.

1291 1688 1318 1715 5.
1339 1688 1378 1716 De
1394 1690 1477 1716 leone.

1028 1742 1084 1771 Leo
1108 1742 1195 1771 ferum
1225 1751 1256 1770 ac
1283 1745 1468 1772 truculentum
1498 1746 1600 1772 animal
1612 1747 1708 1774 eratin
1722 1746 1774 1774 Νι·-

990 1796 1060 1816 mea.
1087 1789 1135 1817 Est
1167 1794 1257 1817 autem
1281 1789 1379 1818 Nemea
1409 1791 1586 1826 Peloponnesi
1610 1793 1695 1827 regio.
1722 1794 1773 1820 Hic

989 1834 1075 1869 igitur
1089 1835 1132 1862 leo
1148 1836 1274 1863 maximis
1289 1836 1459 1863 detrimentis
1475 1837 1612 1872 regionem
1627 1838 1770 1865 alliciebat.

990 1880 1161 1916 Eurystheus
1187 1882 1289 1916 itaque,
1307 1882 1480 1917 Mycenarum
1510 1890 1568 1913 rex.
1590 1883 1643 1910 hoc
1670 1883 1773 1910 iudieat

990 1926 1111 1958 Herculi,
1125 1927 1204 1961 eique
1216 1929 1352 1962 negotium
1369 1927 1425 1959 dat,
1445 1932 1476 1954 ut
1497 1927 1602 1954 leonem
1628 1929 1661 1955 de
1683 1928 1773 1955 medio

994 1973 1079 2000 tollat.
1103 1973 1299 2008 Profectusque
1333 1973 1462 2001 Hercules
1482 1974 1587 2001 leonem
1627 1974 1770 2001 interfecit.

156 2018 340 2052 Quamobrem
353 2020 390 2046 dii
404 2023 434 2046 ut
445 2019 570 2047 Herculis
580 2023 717 2046 certamen
729 2020 833 2046 clarum
844 2022 926 2053 atque
944 2017 1050 2046 illustre
1063 2019 1218 2051 redderent,
1235 2019 1321 2047 stellis
1347 2019 1376 2046 in
1404 2019 1474 2046 caelo
1502 2019 1608 2046 leonem
1643 2020 1774 2054 depinxe-

160 2070 223 2092 runt
243 2075 250 2092 :
269 2073 301 2092 ac
319 2073 393 2092 nunc
404 2066 447 2093 leo
463 2066 534 2094 inter
548 2070 621 2093 astra
638 2069 691 2093 est.

360 2125 396 2154 ς’.
418 2123 487 2156 Περὶ
501 2123 554 2150 τοῦ
571 2122 741 2157 Ὀριούχοικ

196 2177 230 2203 'll
242 2177 271 2203 δὲ
285 2178 349 2212 περὶ
362 2178 408 2204 τοῦ
419 2178 545 2213 ὀφιούχου
558 2179 630 2204 ἐστὶν
641 2178 709 2214 αὕτη
722 2186 728 2193 ·
744 2178 859 2212 Λέγεται
871 2176 940 2204 εἶναι

157 2219 234 2255 οἴαξ-νς
248 2224 263 2249 ὁ
275 2224 402 2259 ὀφιοῦχος
412 2225 425 2250 ό
448 2224 620 2260 Ἀσκληπιὸς,
641 2225 655 2250 ὁ
676 2224 771 2260 ἔφορος
787 2224 838 2259 τῆς
851 2226 940 2260 ἰατρι-

1263 2120 1288 2146 ϐ.
1310 2119 1347 2146 De
1365 2119 1507 2154 Opltiucho.

1026 2175 1186 2212 Ophiuchus
1212 2176 1257 2203 hic
1279 2175 1396 2211 (Tullius
1427 2176 1652 2211 Anguitenentem
1683 2177 1772 2212 vertit)

993 2222 1169 2257 Esculapius
1191 2230 1251 2249 esse
1268 2222 1380 2253 dicitur,
1410 2221 1552 2248 medicinae
1571 2229 1670 2256 prmses
1691 2231 1697 2248 ι
1717 2230 1773 2249 scr-

158 2269 217 2304 κῆς.
236 2270 372 2304 Σύμϐολον
392 2270 446 2296 δὲό
469 2271 529 2303 ὄφις
552 2270 598 2297 τοῦ
616 2271 728 2306 ἀγήρω·
752 2270 859 2303 λέγεται
886 2270 940 2304 γὰρ

992 2277 1059 2303 pens
1072 2269 1144 2296 enim
1160 2268 1346 2303 longissimam
1359 2267 1505 2302 quamdam
1531 2268 1615 2294 vitam
1638 2275 1670 2294 ac
1696 2276 1774 2294 senc-

155 2315 319 2341 ἀποδύεσθαι
333 2316 362 2342 τὺ
377 2316 464 2351 γῆρας
481 2318 495 2342 ὁ
514 2316 574 2350 ὄφις
594 2316 640 2342 καὶ
655 2316 842 2343 ἀνανεοῦσθαι.
863 2315 939 2342 Ἐπεὶ

156 2359 202 2387 οὖν
221 2361 236 2386 ὁ
255 2361 418 2396 Ἀσκληπιὸς
436 2362 480 2388 διὰ
495 2362 545 2397 τῆς
565 2362 691 2396 ἰατρικῆς
711 2362 818 2388 ἀνανεοῖ
834 2361 868 2388 τὰ
893 2362 940 2388 ἁν-

155 2406 278 2441 θρώπινα
293 2407 417 2441 σώματα,
434 2407 556 2433 ποιοῦσιν
571 2407 652 2433 αὑτὸν
674 2409 742 2441 μετὰ
762 2406 808 2432 τοῦ
827 2406 939 2441 δράκον-

154 2460 211 2483 τος.
237 2452 367 2484 Θέλοντες
390 2451 436 2479 οὖν
453 2453 478 2478 οἱ
507 2452 562 2479 θεοὶ
590 2453 650 2479 ἀντὶ
678 2452 834 2486 ἀγάλματος
859 2452 938 2478 αὑτὸν

155 2497 322 2532 ἀνιερῶσαι,
351 2498 384 2524 δι’
411 2498 533 2532 ἀστέρων
566 2497 647 2523 αὑτὸν
674 2497 825 2532 ἀνιέρωσαν
845 2498 873 2522 ἐν
900 2497 938 2532 τῷ

154 2543 272 2578 οὐρανῷ.

349 2599 381 2631 ζ’.
403 2599 472 2633 Περὶ
488 2598 541 2626 τοῦ
555 2597 743 2632 Σαλμωνέως.

189 2645 354 2680 Σαλμωνεὺς
376 2646 470 2672 Αἰόλου
489 2645 536 2681 μὲν
550 2643 583 2680 ἦν
599 2645 666 2675 υἱὸς,
687 2644 813 2678 βασιλεὺς
828 2644 856 2670 δὲ
871 2643 938 2670 Θετ-

154 2691 253 2718 ταλῶν.
270 2688 354 2722 Οὗτος
377 2691 488 2726 ἀσεϐὴς,
512 2691 592 2726 φησιν
605 2710 612 2720 ,
627 2691 667 2721 εἰς
693 2690 770 2721 Θεοὺς
783 2690 937 2723 γενόμενος,

155 2738 322 2764 ποοσάπτων
343 2737 445 2773 ἅρματι
460 2737 562 2772 βύρσας
578 2737 662 2772 ξηρᾶς
682 2744 712 2762 τε
735 2736 781 2762 καὶ
799 2735 936 2770 σκληρὰς,

155 2784 201 2810 καὶ
213 2783 329 2819 λέϐητάς
339 2791 415 2814 τινας
427 2783 496 2818 μετὰ
507 2783 561 2809 τῶν
576 2782 692 2818 βυρσῶν,
702 2782 784 2816 ἦχους
797 2781 936 2808 ἀπετέλει·

156 2830 224 2864 μετὰ
241 2829 337 2864 χεῖράς
348 2837 378 2855 τε
394 2828 536 2864 βαστάζων
549 2828 695 2863 καιομένας
714 2828 858 2862 λαμπάδας
873 2828 938 2862 ἐμε-

154 2874 297 2908 γαλαύχει,
317 2873 442 2909 καθάπερ
463 2874 477 2899 ὁ
494 2874 560 2904 Ζευς
586 2873 699 2908 βροντᾷν
715 2881 744 2899 τε
772 2872 818 2898 καὶ
837 2872 937 2907 ἁστρὰ-

992 2314 1077 2340 ctutis
1091 2317 1228 2348 expertem
1245 2313 1380 2347 designat.
1395 2311 1497 2339 Ferunt
1514 2312 1585 2339 enim
1603 2320 1664 2339 eum
1694 2321 1774 2340 seue-

991 2363 1092 2386 ctutem
1101 2366 1210 2391 exuere,
1221 2363 1302 2393 atque
1311 2358 1344 2384 ad
1354 2358 1523 2392 juventutem
1534 2358 1772 2391 redire.Quouiam

992 2404 1075 2440 igitur
1090 2404 1268 2440 [Esculapius
1284 2405 1350 2432 artis
1367 2412 1424 2431 suae
1450 2412 1533 2438 opera
1561 2409 1587 2431 et
1614 2405 1772 2438 adjumeuto

992 2458 1106 2485 corpora
1122 2451 1239 2477 humana
1256 2454 1380 2482 renovat,
1392 2451 1494 2477 idcirco
1503 2458 1564 2477 eum
1575 2458 1636 2477 cum
1654 2450 1772 2477 dracone

991 2496 1147 2524 collocavit.
1165 2495 1205 2523 Dii
1224 2502 1312 2523 autem
1325 2504 1386 2523 eum
1411 2500 1508 2523 statua-
1529 2496 1589 2522 loco
1612 2503 1774 2523 consecrare

991 2542 1144 2576 cupientes,
1159 2549 1208 2576 per
1220 2542 1313 2569 stellas
1327 2542 1416 2576 ipsum
1433 2542 1459 2568 iu
1478 2542 1549 2568 C(L'lo
1564 2545 1771 2569 consecrarunt.

1142 2598 1167 2625 τ.
1190 2597 1227 2624 De
1240 2597 1381 2625 Salmonea
1395 2607 1408 2624 e
1423 2598 1493 2625 corio
1512 2602 1629 2624 tonante.

1027 2643 1191 2671 Salmoneus
1204 2642 1277 2670 ᾸΞοΙὶ
1291 2643 1364 2670 lilius
1380 2651 1428 2670 rex
1444 2643 1640 2671 Thessalorum
1656 2648 1716 2671 erat
1731 2645 1772 2671 vir

991 2690 1018 2716 in
1034 2690 1099 2716 deos
1111 2689 1211 2723 impius
1222 2696 1254 2715 ac
1268 2688 1402 2716 nefarius.
1422 2689 1470 2716 llic
1488 2689 1564 2716 coria
1577 2690 1700 2724 quiedaul
1719 2691 1774 2718 sic-

989 2743 1021 2762 ca
1034 2739 1061 2762 et
1073 2736 1139 2762 dura
1151 2742 1287 2762 consuons
1299 2738 1380 2769 atque
1392 2734 1612 2767 accommodans,
1624 2743 1656 2762 ac
1672 2736 1774 2764 lebetes

991 2782 1123 2815 quosdam
1138 2789 1200 2808 cum
1220 2781 1304 2808 coriis
1331 2781 1452 2815 pulsans,
1470 2788 1552 2807 sonos
1563 2781 1694 2815 quosdam
1710 2782 1774 2810 ede-

991 2826 1047 2857 bat,
1061 2831 1144 2861 atque
1158 2827 1284 2854 ardentes
1300 2827 1373 2853 l'aces
1385 2826 1512 2853 manibus
1525 2831 1636 2861 gestans
1653 2828 1773 2855 insolen-

992 2874 1032 2897 ter
1047 2871 1168 2905 jactabat
1184 2879 1213 2898 se
1232 2869 1307 2898 lovis
1336 2871 1429 2898 instar-
1447 2874 1544 2897 tonare
1562 2878 1594 2898 ae
1609 2870 1748 2906 fulgurare
1762 2882 1772 2902 .-

189 2931 246 2966 (53)
266 2930 327 2958 Hrc
348 2935 374 2958 et
399 2939 457 2965 qua:
482 2933 634 2966 sequuntur
662 2938 747 2965 usque
764 2930 797 2956 :ul
814 2929 885 2957 dicta
912 2929 945 2957 de
961 2929 1106 2957 Salmonco
1120 2931 1178 2958 sine
1192 2931 1368 2959 distinctione
1384 2932 1410 2959 in
1423 2930 1516 2958 Graeco
1529 2930 1700 2965 legebantur.
