2046 3131
289 185 356 214 1059

963 183 1105 211 NONNUS
1124 185 1233 212 ABBAS

1850 186 1919 214 10ίο

289 242 377 277 quoad
393 241 502 268 tandem
524 247 539 267 α
556 240 622 267 Jove
643 241 765 268 fulminis
784 241 838 267 ictu
860 248 1007 275 oppressus
1024 246 1075 268 est.

1132 251 1218 274 πτειν,
1232 243 1284 274 ἕως
1298 242 1350 268 ὑπὸ
1364 242 1424 273 Διὸς
1439 241 1622 277 κεραυνωθεὶς
1635 242 1756 277 ἀνῃρέθη
1766 249 1774 256 ⁵
1788 243 1836 269 καὶ
1855 251 1919 274 χατ-

289 287 383 315 Filiam
409 290 501 313 autem
528 286 700 320 impuberem
731 286 842 318 reliquit
862 286 972 312 nomine
994 286 1076 321 Tyro.

289 342 348 369 qua:
362 333 434 368 apud
449 337 575 368 patruum
595 332 732 367 Cepheum
747 332 862 360 educata
878 333 970 367 Enipei
986 333 1077 360 flumi-

289 381 330 407 nis
351 379 430 414 patrii
443 386 537 405 amore
558 378 673 412 ﬂagrare
689 379 782 414 cmpit.
801 379 879 412 Quod
893 387 954 405 cum
976 378 1077 413 Neptu~

289 435 340 453 nus
361 425 615 455 animadvertisset,
640 424 714 450 lluvii
738 424 946 451 similitudinem
975 424 1076 455 induit,

289 479 371 508 atque
384 472 482 507 Enipei
500 472 562 498 loco
579 479 609 498 ea
629 472 733 506 potitus
762 475 805 498 est
827 481 834 498 ς
859 479 893 498 ex
910 478 997 505 eoque
1011 479 1078 497 con-

289 527 386 554 gressu
410 518 514 545 Peliam
531 523 557 544 et
574 517 689 544 Neleum
715 518 843 551 concepit
867 524 970 551 eosque
1000 520 1078 543 utero

289 565 409 600 gerebat,
426 572 441 591 a
463 564 554 591 Criteo
571 567 665 598 postea
683 564 710 590 in
743 563 950 589 matrimonium
967 566 1077 596 accepta

289 615 341 642 est,
356 610 521 644 tandemque
538 610 654 644 peperit,
673 615 701 636 ut
713 609 823 643 quidem
850 612 910 635 erat
933 608 1077 634 hominum

262 660 265 662 '
290 657 392 693 opinio,
409 665 441 685 ex
458 657 563 686 Crileo,
584 663 678 683 revera
688 660 779 682 autem
793 663 824 682 ex
838 655 972 689 Neptuno.
983 653 1078 686 Quan-

290 711 370 740 quam
387 712 420 731 ex
433 703 493 738 ipso
503 709 612 738 quoque
629 701 721 729 Criteo
739 705 833 736 postea
848 701 950 727 liberos
963 700 1074 727 extulit.

495 769 522 795 8.
543 769 581 795 De
597 767 742 802 Babylonia
761 766 875 802 Zopyro.

324 839 423 866 Darius
433 838 578 865 Persarum
591 844 638 863 rex
646 843 707 863 cum
717 835 881 870 Babylonem
892 834 1021 860 diuturna
1030 832 1079 859 ob-

291 887 395 915 sidione
404 885 521 911 cinctam
531 882 673 913 tenuisset,
685 889 734 908 nec
743 889 802 907 eam
812 887 968 915 expugnare
976 883 1078 914 posset,

290 933 323 960 ob
341 932 423 966 idque
442 931 533 957 animo
558 932 715 964 angeretur,
748 927 873 962 Zopyrus
899 925 1023 961 quidam,
1036 925 1079 952 vir
1094 923 1115 950 Β

291 983 418 1007 strenuus
439 976 683 1011 magnitudineque
700 974 784 1001 animi
800 978 944 1008 praestans,
976 977 1006 999 ut
1032 980 1076 1000 res

290 1032 348 1060 ipsa
366 1024 527 1055 declaravit,
544 1030 594 1049 nec
607 1022 718 1048 obscuri
735 1021 806 1056 apud
820 1020 930 1046 Darium
945 1019 1075 1049 nominis.

290 1074 346 1099 haec
361 1071 552 1098 machinatur:
567 1069 658 1096 lnciso
677 1076 745 1095 naso
765 1071 847 1102 atque
861 1067 986 1097 auribus.
1008 1066 1078 1092 mul-

291 1120 381 1153 tisque
398 1117 449 1145 sibi
461 1116 573 1143 inﬂictis
587 1115 749 1142 verberibus
762 1114 794 1141 ad
807 1113 973 1148 Babylonios
986 1118 1077 1140 trans-

291 1163 369 1198 fugit,
384 1162 496 1198 perinde
516 1169 548 1188 ac
566 1160 740 1196 gravissimis
769 1160 880 1194 injuriis
901 1166 915 1185 a
933 1158 1014 1185 Dario
1039 1158 1079 1184 af-

291 1208 388 1236 fectus.
403 1207 442 1234 lta
459 1207 594 1234 simulans
611 1213 640 1232 se
654 1213 719 1240 erga
736 1204 902 1240 Babylonios
922 1205 1023 1239 optime
1042 1203 1079 1230 at—

291 1255 391 1283 tectutn
409 1261 480 1286 esse,
497 1253 552 1279 dux
571 1253 633 1279 belli
649 1252 684 1280 ab
700 1252 734 1279 iis
746 1255 867 1281 creatur.
884 1258 915 1277 ac
929 1251 1079 1277 certamine

291 1300 410 1336 quodam
427 1299 507 1329 inito.
526 1305 651 1333 magnam
672 1298 699 1324 in
716 1297 789 1324 Darii
812 1297 934 1324 exercitu
960 1299 1078 1329 stragem

291 1346 385 1374 edidit.
397 1345 457 1378 Qua
473 1353 502 1372 re
521 1343 717 1372 benevolentiae
735 1343 813 1369 ﬁdem
828 1341 900 1376 apud
920 1349 967 1368 eos
981 1346 1079 1368 nactus

292 1392 373 1420 Dario
387 1393 457 1419 diem
474 1391 634 1426 praestituit,
651 1397 705 1425 qua
721 1389 884 1422 Babylonem
900 1391 1077 1423 oppugnaret.

291 1437 320 1464 ln
335 1445 367 1465 ea
381 1437 472 1471 itaque
486 1435 644 1470 Babyloniis
655 1434 802 1469 persuasit,
823 1438 854 1460 ut
868 1433 920 1460 sibi
933 1432 1009 1459 urbis
1020 1433 1079 1458 cla-

292 1491 338 1510 vcs
346 1483 484 1510 traderent
501 1491 507 1509 2
524 1481 625 1516 quibus
643 1480 774 1515 acceptis,
796 1484 889 1514 portas
909 1478 1025 1513 aperuit,
1047 1485 1079 1504 ac

293 1528 389 1556 Persas
401 1527 560 1554 introduxit.
579 1526 615 1552 Ita
626 1526 652 1552 in
667 1525 740 1552 Darii
768 1525 911 1559 imperium
934 1524 1080 1551 ditionem-

292 1582 344 1609 qne
371 1573 483 1601 redacta
508 1578 548 1599 est
565 1572 697 1607 Babylon.
732 1571 794 1598 llaec
810 1570 964 1598 llerodotus
986 1570 1032 1597 lib.
1049 1577 1079 1596 Ill

293 1618 317 1646 Η
321 1619 397 1646 istor.

461 1685 488 1711 9.
511 1685 547 1711 De
564 1683 632 1719 Cyro
656 1682 824 1718 I’arysatidis
841 1683 908 1716 ﬁlio.

329 1743 428 1770 Darius
447 1743 536 1769 minor
560 1741 659 1768 Xerxis
677 1742 749 1767 ﬁlius
773 1749 805 1768 ex
829 1741 989 1776 Parysatide
1012 1741 1082 1768 ﬁlios

293 1790 363 1817 duos
378 1788 544 1824 procreavit.
567 1787 669 1823 Cyrum
701 1792 728 1814 et
751 1787 944 1814 Artaxerxem.
974 1786 1082 1814 Mortuo

293 1840 383 1864 autem
396 1836 478 1862 Dario
491 1834 525 1862 de
539 1833 652 1868 imperio
666 1832 765 1860 fratres
775 1832 989 1862 contendebant,
1001 1836 1083 1867 atque

294 1881 563 1916 Artaxerxiquidem
582 1884 612 1906 ut
636 1884 700 1906 natu
717 1879 814 1913 majori
828 1879 874 1912 jus
888 1879 1018 1913 temporis
1038 1886 1082 1905 re-

293 1936 376 1964 gnum
392 1927 550 1954 asserebat:
567 1925 666 1960 Cyrum
684 1930 774 1952 autem
786 1929 815 1951 ut
828 1925 964 1959 juniorein
978 1929 1004 1951 et
1017 1925 1083 1951 cha-

292 1975 392 2002 riorcm
408 1977 496 2000 mater
512 1971 675 2007 designabat
693 1971 837 2005 ;superior
859 1975 950 1998 tamen
972 1971 1082 1998 abaeta-

294 2024 347 2047 tem
365 2019 417 2046 fuit
433 2019 609 2050 Artaxerxes,
627 2017 827 2052 imperiumque
844 2017 972 2044 obtinuit.
995 2018 1082 2052 Cyrus

294 2066 385 2102 itaque
405 2065 549 2091 Artaxerxi
578 2065 691 2091 subesse
723 2064 820 2090 nolens
839 2071 853 2090 a
872 2064 954 2090 fratre
968 2071 1019 2090 suo
1039 2071 1083 2098 pe-

293 2113 336 2144 tit,
357 2117 386 2139 ut
402 2112 452 2139 sibi
469 2111 540 2138 Asia:
551 2111 700 2146 satrapiam
713 2118 746 2136 ac
761 2111 835 2136 velut
846 2110 1015 2144 provinciam
1035 2109 1082 2136 ad-

294 2156 509 2185 ministrandam
529 2155 701 2183 concedercl.
720 2155 797 2187 Quod
817 2163 879 2181 cum
897 2154 1081 2188 impetrasset.

295 2204 322 2230 in
344 2202 446 2230 Ioniam
463 2201 615 2231 descendit.
632 2201 741 2234 illicque
760 2200 929 2235 prrelectura:
949 2200 1013 2227 sedc
1031 2200 1083 2226 lixa

294 2250 328 2276 de
339 2249 454 2282 imperio
471 2255 568 2274 rursus
584 2247 705 2281 cogitare
721 2246 816 2281 cwpit,
833 2246 1011 2281 pcllcctisque
1032 2247 1083 2273 La—

1129 287 1204 314 ἑλιπε
1227 287 1366 322 θυγατέρα
1392 287 1512 322 ἀφήλικα
1524 286 1635 321 ὀνόματι
1651 286 1741 321 Τυρώ.
1757 286 1832 322 Αὕτη
1853 295 1920 322 τρα-

1129 336 1210 368 φεῖσα
1231 334 1284 360 ὑπὸ
1310 334 1356 360 τοῦ
1379 335 1444 360 ἰδίου
1465 334 1537 360 θείου
1560 334 1628 369 πρὸς
1654 335 1757 368 πατρὸς
1780 335 1920 369 Κηφέως,

1129 380 1236 415 ἠράσθη
1249 380 1296 406 τοῦ
1318 380 1452 415 ἐγχωρίου
1476 379 1600 414 ποταμοῦ
1619 380 1758 411 Ἐνιπέως.
1777 380 1872 414 Τούτῳ
1891 379 1920 406 δὲ

1128 427 1166 461 τῷ
1184 426 1299 462 ποταμῷ
1314 426 1456 461 ὁμοιωθεὶς
1469 427 1483 452 ὁ
1499 426 1634 452 Ποσειδὼν
1649 426 1806 457 συνεγένετο
1821 428 1854 461 τῇ
1869 426 1922 452 Τυ-

1131 474 1182 507 ροῖ,
1195 473 1241 499 καὶ
1255 472 1385 498 συνέλαϐε
1398 472 1444 498 τὸν
1457 472 1552 507 Νηλέα
1562 472 1608 498 καὶ
1620 472 1665 498 τὸν
1681 472 1790 498 Πελίαν.
1801 473 1920 506 Ἐγκυος

1128 519 1156 545 δὲ
1173 517 1240 545 οὖσα
1255 518 1382 554 ἐγαμήθη
1398 518 1450 544 ὑπὸ
1467 517 1610 553 Κρηθέως,
1627 519 1672 544 καὶ
1693 517 1805 553 ὕστερον
1825 518 1920 544 ἔτεκεν

1129 565 1146 600 ἡ
1165 564 1257 600 Τυρὼ,
1274 565 1312 600 τῷ
1329 565 1379 600 μὲν
1398 564 1487 590 δοκεῖν
1509 565 1540 590 ὲκ
1553 563 1695 599 Κρηθέως,
1711 566 1744 599 τῇ
1760 564 1787 591 δὲ
1805 564 1920 600 ἀληθείᾳ

1129 613 1161 638 ὲκ
1186 611 1368 643 Ποσειδῶνος·
1387 611 1501 646 ὕστερον
1517 611 1607 638 δὲκαὶ
1631 610 1661 643 ἐξ
1682 611 1765 638 αὑτοῦ
1787 611 1920 646 Κρηθέως

1130 658 1191 693 ἔσχε
1206 658 1289 685 παῖδα
1302 659 1318 693 ἡ
1334 657 1425 693 Τυρώ.

1341 769 1376 806 η’.
1397 771 1466 804 Περὶ
1484 770 1538 797 τοῦ
1552 771 1706 804 Ζωπύρου.

1166 840 1289 875 Δαρεῖος,
1309 839 1323 865 ὁ
1344 838 1457 874 Περσῶν
1475 839 1612 873 βασιλεὺς,
1634 838 1786 874 πολιορκῶν
1804 838 1854 874 τὴν
1869 839 1923 866 Ba.

1131 884 1238 911 ὃυλῶνα
1261 885 1307 911 ἐπὶ
1328 885 1424 920 χρόνον
1439 884 1534 916 πολὺν,
1558 885 1604 911 καὶ
1625 885 1814 921 δυσπορθήτου
1836 885 1922 922 οὓσης

1130 931 1224 964 αὐτῆς,
1244 931 1291 957 καὶ
1307 931 1486 966 ἀσχάλλοντος
1507 932 1552 957 ἐπὶ
1569 931 1651 957 πολὺν
1668 931 1773 967 καιρὸν.
1790 931 1922 968 Ζώπυρος

1129 987 1171 1009 τις
1188 978 1311 1013 ἀνδρεῖος
1326 977 1376 1012 τὴν
1400 977 1499 1012 ψυχὴν,
1519 977 1556 1009 ὡς
1571 977 1654 1009 ἔδειξε
1674 978 1704 1003 τὸ
1731 979 1857 1013 πρᾶγμα,
1873 978 1923 1005 καὶ

1129 1024 1181 1050 οὐκ
1190 1024 1282 1056 ἄδοξος
1293 1023 1368 1058 παρὰ
1384 1023 1423 1058 τῷ
1437 1024 1551 1059 Δαρείῳ,
1570 1024 1724 1058 μηχανᾶταί
1740 1032 1766 1049 τι
1786 1024 1920 1050 τοιοῦτον·

1130 1070 1223 1104 Κὸψας
1243 1069 1341 1096 ἑαυτοῦ
1362 1069 1411 1105 τὴν
1429 1071 1488 1105 ῥῖνα
1509 1070 1556 1096 καὶ
1571 1070 1604 1095 τὰ
1629 1067 1699 1100 ὦτα,
1725 1071 1772 1096 καὶ
1795 1071 1923 1105 μάστιξιν

1131 1115 1227 1142 ἑαυτὸν
1245 1115 1410 1147 καταξάνας,
1431 1115 1511 1149 δῆθεν
1531 1116 1677 1150 αὐτομολεῖ
1695 1117 1761 1152 πρὸς
1784 1118 1846 1148 τοὺς
1867 1118 1922 1144 Ba.-

1131 1160 1294 1191 ϐυλωνίους,
1314 1160 1352 1192 ὡς
1365 1160 1439 1187 δεινὰ
1464 1160 1606 1192 πεπονθὼς
1627 1162 1702 1197 παρὰ
1722 1161 1770 1188 τοῦ
1796 1163 1920 1198 Δαρείου.

1131 1205 1197 1233 Εἶτα
1214 1206 1357 1239 ἀπελθὼν,
1379 1209 1568 1242 προσποιεῖται
1592 1208 1693 1234 εὐνοεῖν
1714 1210 1770 1240 τοῖς
1794 1208 1924 1235 Βαϐυλω-

1131 1252 1208 1283 νίοις,
1223 1252 1269 1278 καὶ
1282 1251 1440 1278 ὑποτίθεται
1454 1253 1546 1284 αὐτοῖς
1569 1262 1629 1279 τινα
1644 1253 1714 1280 κατὰ
1727 1254 1774 1280 τοῦ
1789 1255 1902 1289 Δαρείου
1913 1263 1920 1269 ·

1132 1299 1179 1325 καὶ
1196 1298 1290 1330 ἁπλῶς
1310 1298 1402 1324 πίστιν
1417 1299 1531 1334 ὲγγεννᾷ
1544 1301 1599 1331 τοῖς
1622 1300 1815 1332 Βαϐυλωνίοις,
1840 1309 1923 1336 στρα-

1131 1344 1255 1378 τηγήσας
1271 1343 1340 1378 ὑπὲρ
1357 1342 1545 1375 Βαϐυλωνίων,
1568 1344 1615 1371 καὶ
1630 1344 1733 1371 ἀνελὼν
1747 1346 1861 1377 πολλοὺς
1874 1346 1923 1373 τοῦ

1131 1389 1256 1423 Δαρείου.
1274 1389 1386 1420 Συνθεὶς
1402 1389 1429 1416 δὲ
1447 1389 1572 1425 σύνθημα
1594 1391 1662 1425 μετὰ
1679 1392 1792 1427 Δαρείου
1815 1393 1924 1428 ἡμέραν

1132 1434 1298 1469 ὡρισμένην,
1311 1434 1340 1460 ἐν
1382 1434 1423 1460 δεῖ
1436 1434 1517 1461 αὑτὸν
1532 1435 1711 1470 πμσὸὣιλειν
1721 1438 1754 1472 τῇ
1769 1436 1924 1470 Βαδυλῶνι,

1132 1481 1161 1506 ὲν
1175 1480 1261 1516 ταύτῃ
1275 1480 1364 1507 πείθει
1380 1481 1445 1512 τοὺς
1466 1481 1655 1514 Βαϐυλωνίους
1669 1483 1761 1509 λαϐεῖν
1779 1483 1828 1515 τὰς
1848 1483 1926 1516 κλεῖς

1132 1526 1186 1552 τῶν
1200 1526 1302 1553 πυλῶν.
1318 1524 1384 1553 Εἶτα
1398 1526 1499 1558 λαϐὼν,
1520 1528 1620 1563 ἤνοιξε,
1645 1529 1692 1555 καὶ
1707 1530 1837 1563 εἰσήγαγε
1859 1532 1926 1562 τοὺς

1134 1572 1259 1607 Πέρσας’
1288 1573 1335 1599 καὶ
1357 1573 1444 1605 οὕτως
1468 1574 1603 1609 ἐχειρώθη
1624 1575 1640 1610 ὴ
1667 1575 1806 1603 Βαϐυλών.
1830 1576 1926 1604 Ταῦτα

1138 1617 1278 1652 Ἡρόδοτός
1295 1626 1377 1653 φησιν
1392 1619 1422 1644 ἐν
1436 1620 1468 1654 τῇ
1482 1619 1562 1656 τρίτῃ
1578 1619 1631 1646 τῶν
1649 1620 1804 1655 Ἰστοριῶν.

1221 1685 1255 1712 θ’.
1275 1686 1345 1720 Περὶ
1361 1685 1415 1713 τοῦ
1433 1687 1530 1721 Κύρου
1547 1688 1600 1714 τοῦ
1618 1689 1832 1723 Παρυσάτιδος.

1168 1742 1279 1777 Δαρεῖος
1294 1743 1308 1768 ὁ
1324 1743 1432 1778 μικρὸς.
1454 1745 1468 1769 ό
1483 1743 1540 1775 υίὸς
1566 1744 1679 1779 Ξέρξου,
1709 1746 1791 1780 γεννᾷ
1814 1746 1846 1771 ὲκ
1874 1746 1927 1782 τῆς

1133 1789 1321 1824 Παρυσάτιδος
1347 1789 1394 1815 δύο
1422 1790 1506 1821 υἱοὺς,
1532 1789 1623 1825 Κῦρον
1651 1791 1697 1817 καὶ
1728 1791 1925 1827 Ἀρταξέρξην.

1140 1833 1336 1866 Ἀποθανόντος
1359 1835 1387 1861 δὲ
1403 1835 1450 1861 τοῦ
1470 1836 1600 1871 Δαρείου,
1624 1836 1812 1871 ἡμφισϐήτουν
1831 1838 1856 1863 ot
1878 1837 1927 1864 δύο

1134 1881 1198 1916 περὶ
1222 1881 1272 1915 τῆς
1292 1881 1441 1916 βασιλείας.
1458 1882 1513 1908 Καὶ
1536 1882 1582 1909 τὸν
1598 1883 1646 1917 μὲν
1670 1883 1863 1919 Ἀρταξέρξην,
1886 1885 1926 1917 ὡς

1134 1926 1329 1962 πρεσϐύτερον,
1346 1925 1414 1962 ἦγεν
1430 1929 1443 1954 ὸ
1464 1929 1558 1964 χρόνος
1573 1929 1620 1954 ἐπὶ
1640 1928 1670 1954 τὸ
1689 1928 1863 1963 βασιλεῦσαιδ
1878 1930 1926 1956 τὸν

1133 1973 1162 1999 δὲ
1186 1973 1290 2008 Κῦρον,
1315 1973 1350 2005 ὡς
1365 1974 1498 2010 νεώτερον
1527 1975 1573 2001 καὶ
1595 1975 1772 2010 φιλούμενον.
1797 1977 1926 2013 ὴμήτηρ

1134 2020 1324 2055 προεϐάλλετο.
1346 2021 1504 2056 Ἑπικρατεῐ
1522 2021 1551 2047 δὲ
1567 2023 1581 2048 ὁ
1612 2021 1793 2058 Ἀρταξέρξης
1809 2023 1855 2048 διὰ
1877 2024 1926 2050 τὸν

1133 2068 1248 2104 χρόνον,
1279 2069 1326 2095 καὶ
1348 2068 1495 2103 βασιλεύει.
1526 2068 1556 2095 'O
1586 2066 1633 2095 οὖν
1658 2069 1748 2105 Κῦρος
1776 2070 1813 2105 μὴ
1838 2069 1927 2097 θέλων

1134 2113 1258 2140 ὑπείκειν
1281 2113 1319 2148 τῷ
1347 2113 1527 2149 Ἀρταξέρξῃ,
1556 2115 1626 2140 αἰτεῖ
1649 2114 1696 2140 τὸν
1718 2114 1782 2140 ἴδιον
1809 2114 1926 2149 ἀδελφὸν

1133 2158 1224 2184 δοῦναι
1241 2158 1315 2193 αὐτῷ
1330 2158 1379 2194 τὴν
1392 2159 1442 2194 τῆς
1462 2158 1554 2190 Ἀσίας
1569 2159 1747 2194 σατραπείαν.
1769 2157 1823 2186 οἷον
1839 2162 1928 2196 ὲπαρη

1134 2205 1246 2240 χότητα,
1260 2207 1306 2232 καὶ
1318 2205 1408 2232 λαϐὼν
1422 2205 1556 2241 κατῆλθεν
1566 2207 1612 2232 ἐπὶ
1624 2207 1673 2241 τὴν
1684 2207 1798 2233 Ἰωνίαν·
1811 2209 1928 2236 κάκεῖσε

1134 2252 1325 2287 καθεζόμενος,
1341 2253 1381 2284 εἰς
1396 2252 1499 2278 ἔννοιαν
1514 2252 1600 2279 ἐλθὼν
1616 2253 1696 2280 πάλιν
1707 2253 1757 2288 τῆς
1773 2253 1926 2288 βασιλείας,

295 2292 469 2320 cetlmmoniis
482 2292 646 2326 quibusdam
658 2291 775 2326 aliisque
788 2291 891 2318 Grmcis
903 2299 1016 2318 numero
1028 2293 1080 2318 cir-

1135 2298 1181 2324 καὶ
1198 2279 1293 2330 ττείσας
1306 2279 1532 2334 Δακεδαιμονίων
1549 2279 1649 2334 ἄνδρας
1664 2279 1755 2330 τινὰς..
1765 2279 1927 2331 satam-3;

294 2339 364 2365 eiler
377 2338 470 2365 decem
485 2338 693 2372 millibus,ipsis
706 2338 855 2372 persuasit.
873 2342 900 2364 ut
917 2337 980 2364 belli
993 2339 1082 2365 socie-

295 2388 376 2411 tatem
388 2391 451 2410 cum
466 2391 499 2410 eo
525 2383 626 2409 inirent
653 2384 799 2418 ipsumque
820 2389 1009 2418 sequerentur.
1037 2383 1084 2411 llis

295 2431 388 2465 itaque
414 2430 562 2456 comitatus
590 2430 622 2455 ad
657 2429 796 2457 Persidem
835 2437 921 2464 usque
962 2430 1084 2457 ascendit

293 2480 476 2511 consertoque
489 2476 561 2502 inter
581 2475 742 2503 Artaxerxis
761 2476 880 2511 Cyrique
897 2476 990 2511 copias
1015 2484 1084 2511 pne-

294 2522 332 2549 lio
347 2521 491 2548 victoriam
515 2521 636 2548 referunt
659 2522 722 2558 Cyri
749 2522 862 2554 milites,
891 2525 1000 2551 tametsi
1025 2532 1085 2559 pcr-

293 2567 393 2602 exiguo
408 2574 533 2598 numero,
558 2568 581 2594 si
597 2575 659 2594 cum
681 2568 841 2596 Artaxerxis
853 2570 974 2596 exercitu
991 2569 1085 2596 conle-

294 2615 400 2638 rantur.
420 2610 508 2638 Graeci
529 2613 601 2639 enim
634 2613 701 2640 aciei
731 2614 899 2642 instruenda:
925 2616 1084 2650 peritissimi

295 2662 382 2691 crant,
402 2665 434 2685 ac
459 2658 522 2685 licet
551 2660 692 2694 perpauci,
716 2664 775 2686 arte
799 2665 889 2688 tamen
914 2669 945 2688 ac
974 2661 1085 2688 solertia

295 2705 432 2739 ingentem
457 2704 577 2731 hostium
608 2706 814 2733 multitudinem
841 2707 1019 2741 superabant.
1050 2708 1084 2733 At

295 2750 384 2786 Cyrus
399 2751 473 2778 brevi
487 2751 603 2778 victoria
626 2752 716 2779 elatus
732 2757 815 2788 atque
842 2754 962 2781 insolens
982 2761 997 2780 e
1018 2754 1082 2788 pha-

296 2796 374 2831 lange
386 2805 434 2824 sua
451 2797 477 2824 in
493 2798 653 2826 Artaxerxis
668 2799 833 2834 phalangem
849 2800 980 2834 impetum
1006 2799 1083 2833 facit,

296 2846 326 2869 ut
343 2843 469 2871 videlicet
497 2844 677 2872 Artaxerxem
710 2846 799 2880 ipsum
825 2846 1015 2873 obtruncaret.
1045 2847 1083 2874 lla

1134 2343 1281 2378 Ἕλληνας,
1297 2344 1334 2376 ὡς
1350 2345 1475 2380 μυρίους,
1494 2344 1700 2372 συνακολουθεῖν
1713 2345 1798 2380 αὐτῷ.
1814 2345 1927 2372 Τούτων

1133 2387 1179 2415 οὖν
1205 2390 1475 2417 συνακολουθούντων
1502 2390 1616 2425 ἀνῆλθεν
1632 2391 1683 2422 ἓως
1711 2391 1854 2426 Περσίδος·
1878 2391 1928 2418 καὶ

1135 2435 1274 2470 συμϐολῆς
1297 2437 1444 2471 γενομένης
1473 2437 1576 2472 μεταξὺ
1599 2437 1654 2463 τῶν
1672 2437 1850 2472 Ἀρταξέρξου
1879 2437 1928 2464 καὶ

1134 2482 1187 2508 τῶν
1202 2481 1305 2517 Κύρου,
1323 2482 1436 2509 νικῶσιν
1457 2485 1482 2510 oi
1494 2484 1542 2510 τοῦ
1556 2483 1660 2519 Κύρου,
1679 2483 1726 2510 καὶ
1747 2483 1831 2510 ταῦτα
1848 2484 1928 2515 ὄντες

1135 2527 1203 2554 πολὺ
1218 2528 1354 2562 ἐλάχιστοι
1370 2529 1437 2564 πρὸς
1453 2529 1503 2564 τὴν
1525 2529 1703 2565 Ἀρταξέρξου
1719 2530 1878 2565 στρατείαν
1903 2531 1928 2556 οἱ

1134 2573 1189 2608 γὰρ
1208 2573 1340 2608 ’Έλληνες
1366 2573 1475 2608 ᾔδεισαν
1500 2573 1591 2605 καλῶς
1618 2573 1855 2609 παρατάττεσθαι·
1881 2574 1929 2600 καὶ

1134 2619 1221 2653 ὀλίγοι
1243 2619 1320 2650 ὄντες
1348 2620 1429 2656 τέχνῃ
1451 2619 1548 2646 ἐνίκων
1574 2620 1637 2651 τοὺς
1663 2619 1787 2652 πολλούς.
1807 2620 1836 2647 Ὁ
1863 2620 1930 2653 γοῦν

1136 2666 1227 2702 Κῦρος
1248 2667 1378 2702 ἐπαρθεὶς
1407 2668 1439 2702 τῇ
1464 2667 1543 2702 νίκῃ,
1565 2667 1674 2702 ἐφορμᾷ
1693 2667 1747 2692 ἀπὸ
1773 2667 1823 2701 τῆς
1845 2667 1929 2693 αὐτοῦ

1138 2711 1278 2744 φάλαγγος
1299 2711 1345 2737 ἐπὶ
1358 2712 1407 2746 τὴν
1434 2711 1564 2746 φάλαγγα
1592 2711 1638 2737 τοῦ
1670 2712 1866 2747 Ἀρταξέρξου,
1891 2712 1930 2741 ὡς

1137 2755 1218 2789 δῆθεν
1235 2756 1316 2782 αὑτὸν
1332 2757 1378 2782 τὸν
1404 2756 1584 2792 Ἀρταξέρξην
1602 2757 1792 2792 κατασφάξων,
1808 2757 1854 2783 καὶ
1871 2756 1928 2783 δια-

1139 2801 1279 2837 φθείρεται
1294 2801 1373 2836 μὸνος
1393 2802 1447 2828 ὤν’
1466 2803 1513 2829 καὶ
1531 2802 1602 2829 οὕτω
1615 2803 1728 2839 τελευτᾷ
1747 2803 1783 2839 μὴ
1803 2801 1926 2837 βασιλεύ-

1139 2856 1198 2879 σας.
1217 2847 1310 2874 Ταῦτα
1322 2848 1398 2882 λέγει
1409 2849 1422 2874 ὀ
1438 2848 1563 2883 Ξενοφῶν
1580 2851 1608 2875 ἐν
1622 2850 1678 2880 τοῖς
1691 2849 1889 2882 Ἑλληνικοῖς.

297 2888 372 2915 solus
397 2897 410 2914 a
435 2889 528 2917 multis
562 2890 716 2918 trucidatus
742 2895 794 2923 est,
820 2891 954 2926 regnique
978 2900 1027 2926 spe
1050 2892 1199 2920 frustratus
1231 2893 1323 2928 periit.
1346 2893 1409 2921 llatc
1432 2893 1581 2929 Xenophon
1607 2895 1634 2922 in
1654 2903 1745 2923 rerum
1769 2894 1925 2923 Graecarum

297 2935 433 2964 Historiis.
