2046 3131
133 192 197 219 ιοιι

353 252 378 276 ι’.
400 250 467 284 Περὶ
485 250 537 277 τοῦ
554 250 701 277 Ἱστιαίου.

171 314 297 346 Ἱστιαῖος
315 314 416 350 Σάμιος
435 315 483 350 μὲν
497 313 531 351 ’ἦν
547 315 580 342 vi!
591 315 686 349 γένος’
705 315 782 350 φίλος
802 314 830 341 δὲ
845 314 921 349 γενος

131 370 212 393 μενος
234 361 348 396 Δαρείου
374 362 419 387 τοῦ
447 361 559 397 Περσῶν
578 361 724 396 βασιλέως,
744 360 849 396 ἐλήφθη
874 361 919 387 ὑπ’

131 407 213 433 αὑτοῦ
231 408 260 433 ὲν
288 407 410 442 Περσίδι,
433 408 506 434 Ἐκεῖ
527 408 554 434 δὲ
571 407 765 443 διαιτώμενος,
787 407 920 442 ἐπεθύμει

132 454 197 479 ἰδεῖν
215 453 263 489 τὴν
278 454 382 480 οίκείαν
398 454 514 489 πατρίδα
524 462 531 469 ·
552 453 588 490 μὴ
605 453 788 489 ἀπολυόμενος
799 452 838 484 δὲ,
853 452 922 487 γρά-

131 508 176 533 φει
190 499 230 534 τῷ
245 499 302 535 ἰδίῳ
317 499 419 535 ἀνεψιῷ
436 500 474 535 τῷ
490 500 672 535 Ἀρισταγόρᾳ
688 499 835 535 μελετῆσαι
850 500 920 526 ἀπο-

131 546 246 572 στασίαν
257 555 264 561 ⁸
287 547 333 572 καὶ
357 546 445 572 πείθει
460 546 488 573 δὲ
506 547 551 572 καί
566 554 643 578 τινας
659 545 713 572 τῶν
738 545 834 572 Ἰώνων
857 554 921 571 συν-

130 593 293 627 αποστῆναι.
307 592 409 628 Γράφει
425 592 465 623 δὲ,
477 592 514 623 ὡς
530 592 566 627 μὴ
578 591 747 627 φωραθῆναι,
764 591 808 618 τὸν
821 592 921 626 τρόπον

129 639 224 665 τοῦτον
235 647 241 653 ·
261 638 358 665 Λαϐὼν
375 638 471 665 πιστὸν
486 639 611 674 οἰκέτην,
631 639 679 665 καὶ
696 639 791 665 τούτου
808 639 858 670 τὴν
875 646 921 664 κε-

128 685 218 720 φαλὴν
247 684 376 720 ξυρήσας,
402 686 566 720 ὲγχαράττει
586 687 620 720 τῇ
637 686 742 721 κεφαλῇ
760 685 774 712 ὃ
795 685 920 711 ἐϐούλετο

128 729 264 764 δηλῶσαι·
281 728 343 756 εἶτα
356 730 450 765 μέλανι
467 729 610 765 ἐγκαύστῳ
629 731 752 765 μελαίνει
769 730 818 766 τὴν
833 730 919 766 χάρα-

129 774 181 806 ξιν,
210 775 258 802 καὶ
284 775 389 810 άςρῆκεν
407 777 563 809 ἀνενεγκεῖν
587 776 636 807 τὰς
655 777 766 813 τρίχας·
788 777 835 802 καὶ
851 776 919 811 μετὰ

128 821 159 846 τὸ
171 821 292 856 κομάσαι
306 821 397 853 αὑτὸν,
409 821 570 856 ἀποπέμπει
583 821 669 856 λέγων
683 822 721 857 τῷ
734 822 827 858 οἰκέτῃ
838 822 918 849 πάλιν

128 868 218 894 ἐκεῖσε
242 868 468 904 ἁποξυρηθῆναι,
495 869 540 895 ἵνα
565 868 622 904 γνῴ
650 869 849 905 Ἀρισταγόρας
884 868 917 894 τὰ

540 191 584 218 AD
605 192 633 220 S.
652 190 815 220 GREGURII
835 187 941 218 ORAT.
964 187 985 216 ll
1004 188 1143 216 CONTRA
1164 187 1346 216 JULIANUMl

1689 189 1756 218 ιοιε

1149 246 1193 274 10.
1212 246 1250 273 De
1263 245 1414 273 Samiorum
1431 244 1580 279 tyrannide.

1007 315 1134 343 Histiaeus
1153 315 1291 342 Samiusa
1319 313 1401 340 Dario
1430 312 1574 340 Persarum
1605 320 1678 347 rege,
1711 313 1756 348 qui

970 369 1032 389 eum
1049 369 1141 389 amore
1154 359 1397 395 complectebatur,
1412 359 1439 384 in
1450 357 1561 384 Perside
1573 363 1694 385 retentus
1704 363 1756 392 est,

970 407 1080 442 illicque
1090 407 1192 442 degens
1200 405 1294 441 patria:
1306 405 1430 432 videndae
1442 403 1593 438 cupiditate
1612 403 1757 438 flagrabat.

970 453 1094 488 Cumque
1105 456 1286 480 commeatum
1303 459 1318 478 a
1337 458 1399 486 rege
1415 451 1562 485 impetrare
1583 457 1636 476 non
1653 453 1756 484 posset,

971 508 1033 528 cum
1050 501 1210 535 Aristagora
1227 498 1397 526 consobrino
1413 505 1464 524 suo
1490 505 1539 532 per
1562 497 1668 523 litteras
1689 496 1757 531 egit,

971 550 1001 574 ut
1020 547 1200 574 defectionem
1235 544 1395 576 moliretur,
1422 547 1504 578 atque
1548 543 1643 570 louum
1674 544 1756 570 etiam

970 593 1102 628 quosdam
1126 593 1159 619 ad
1187 592 1258 619 idem
1277 591 1384 618 facinus
1403 590 1574 617 sollicitaret.
1606 588 1652 616 Sic
1675 595 1756 624 porro

971 637 1224 674 scripsit28ervum
1236 637 1382 672 quemdam
1398 637 1479 671 cujus
1498 636 1576 663 fidem
1587 637 1756 671 exploratam

970 685 1098 717 habebat,
1121 684 1237 719 accepit.
1262 691 1379 718 rasaque
1407 683 1495 718 ipsius
1519 683 1619 717 capite.
1635 690 1666 710 ea
1697 690 1756 718 qua

969 732 1135 766 Aristagorm
1150 730 1304 765 significare
1322 730 1444 761 volebat,
1462 729 1515 764 ipsi
1531 729 1644 759 inussit.
1675 733 1756 763 atque

970 777 1007 804 ita
1029 785 1090 804 eum
1113 777 1248 810 tantisper
1276 775 1346 810 apud
1370 783 1399 803 se
1427 775 1527 807 tenuit,
1552 774 1643 810 quoad
1664 775 1756 802 crinel

971 824 1022 859 ipsi
1037 823 1122 851 renati
1135 827 1237 852 essent.
1253 829 1285 849 ac
1300 826 1356 848 tum
1381 822 1469 856 ipsum
1491 821 1602 854 emittit,
1624 821 1756 856 iubetque

970 875 1000 898 ut
1019 878 1082 897 cum
1100 870 1127 896 in
1144 869 1244 896 Ioniam
1255 869 1420 903 pervenerit,
1436 873 1518 902 caput
1534 867 1623 900 radat,
1644 872 1673 894 ut
1694 867 1755 894 Ari-

129 915 290 950 γράμματα.
311 914 457 949 Ἀναγνοὺς
474 915 563 942 τοίνυν
590 917 604 942 ὁ
627 915 842 951 Ἀρισταγόρας,
869 915 915 942 καὶ

969 922 1094 952 stagoras
1110 917 1214 943 litteras
1230 916 1310 950 legat.
1330 915 1503 950 Aristagoras
1521 915 1611 949 itaque
1628 914 1755 949 perlectis

129 959 224 994 μαθὼν
236 979 244 991 ,
263 960 373 995 ἐποίησε
389 960 437 995 τὴν
452 960 619 987 ἀποστασίαν
633 961 723 994 σχεδὸν
741 961 849 987 πάντων
862 960 917 986 τῶν

133 1004 242 1032 Ἰώνων.
261 1004 327 1032 Εἶτα
349 1006 479 1042 μανθάνει
501 1007 530 1033 ὲν
554 1006 690 1042 Περσίδιὸ
709 1006 850 1040 βασιλεὺς,
871 1007 918 1033 καὶ

129 1051 281 1086 σύμϐουλος
297 1053 402 1085 γίνεται
422 1052 460 1087 τῷ
486 1052 612 1087 Ἱστιαίῳ,
632 1052 670 1083 ὡς
685 1052 808 1087 Ἕλληνι,
832 1053 858 1078 τί
878 1053 919 1079 δεῖ

129 1097 258 1133 ποιῆσαι·
285 1099 333 1125 καὶ
358 1099 570 1133 συμϐουλεύεται
602 1099 678 1134 παρὰ
704 1098 749 1125 τοῦ
781 1099 917 1131 Ἰστιαίου,

130 1144 210 1169 αὐτὸν
228 1143 335 1178 πέμψαι
357 1145 395 1175 εὶς
413 1145 462 1179 τὴν
480 1144 582 1177 Ἀσίαν,
593 1145 630 1175 ὡς
644 1143 735 1170 ἱκανὸν
750 1144 814 1170 ὅντα
824 1144 918 1171 διαλῦ-

129 1198 174 1215 σαι
187 1190 221 1216 τὰ
235 1190 301 1224 περὶ
316 1191 365 1224 τῆς
381 1191 569 1222 ἀποστάσεως,
591 1189 691 1216 Ἐλθὼν
703 1188 750 1217 οὖν
764 1191 778 1217 ὁ
795 1190 919 1222 Ἱστιαῖος

129 1236 156 1261 ὲν
172 1237 206 1271 τῇ
231 1236 323 1272 Ἀσίᾳ,
341 1237 388 1262 καὶ
402 1236 440 1266 ὡς
467 1236 587 1268 ὕποπτος
613 1236 759 1271 γενόμενος
784 1236 847 1262 ὅλου
871 1236 918 1262 τοῦ

129 1282 309 1317 πράγματος,
333 1282 408 1318 παρὰ
431 1282 479 1308 τοῦ
513 1282 695 1317 Ἀρταφέρνου
724 1281 770 1307 τοῦ
794 1281 918 1317 ὑπάρχου

129 1327 253 1363 Σάρδεων
274 1329 375 1363 ἢκουσε
390 1329 493 1355 ταῦτα·
513 1328 597 1355 Τοῦτο
612 1329 642 1354 τὸ
669 1328 797 1363 ὑπόδημα
816 1327 918 1364 ἔρῤαψε

130 1372 179 1407 μὲν
198 1373 335 1404 Ἱστιαῖος,
348 1373 502 1408 ὑπεδήσατο
517 1374 544 1400 δὲ
563 1374 761 1409 Ἀρισταγόρας
773 1382 780 1388 '
793 1373 918 1408 ὑπόδημα

129 1419 165 1451 δὲ,
183 1418 233 1454 τὴν
256 1420 320 1454 ὃλην
337 1421 509 1455 κατασκευὴν
529 1420 617 1453 ἔλεγε.
637 1419 729 1447 Ταῦτα
743 1421 757 1446 ὁ
776 1419 918 1455 Ἡρόδοτος

130 1466 201 1500 λέγει
213 1467 243 1493 ὲν
255 1467 288 1502 τῇ
301 1466 368 1502 ἕκτῃ
381 1467 435 1493 τῶν
458 1467 615 1501 Ἰστοριῶν.

271 1632 316 1655 ια’.
337 1629 405 1662 Περὶ
426 1629 485 1654 τῶν
501 1628 764 1663 ἑκατονταχείρωγ.

163 1688 225 1714 ’Ότι
246 1687 375 1721 γεγόνασι
393 1686 439 1712 δύο
455 1686 526 1717 τινὲς
536 1706 542 1715 ,
558 1686 571 1711 ὁ
587 1685 672 1717 Κότος
687 1686 734 1712 καὶ
751 1686 764 1711 ὸ
779 1684 917 1720 Βριάρεως

128 1733 232 1768 ἔχοντες
247 1733 343 1760 ἑκατὸν
357 1734 450 1768 χεῖρας
462 1739 468 1746 ’
482 1733 528 1758 καὶ
535 1729 607 1758 οὗτοι
623 1732 691 1766 μετὰ
706 1731 760 1758 τῶν
772 1732 841 1758 θεῶν
852 1732 917 1759 ἐποι-

129 1780 247 1815 λέμησαν
262 1779 332 1814 πρὸς
349 1779 410 1810 τοὺς
424 1778 566 1811 Γίγαντας.

319 1845 364 1881 ιβ’.
386 1845 455 1879 Περὶ
473 1845 527 1879 τῆς
543 1845 722 1880 ἀμπώτιδος.

162 1903 318 1937 ’Δμπωτις,
335 1902 372 1933 ὼς
394 1902 444 1937 ἥδη
462 1903 527 1937 ἡμῖν
542 1902 664 1937 εἴρηται.
684 1901 792 1928 ἐναντία
806 1902 865 1929 ἐστὶ
884 1904 916 1938 τῇ

127 1947 218 1982 ῥαχίᾳ.
235 1944 328 1974 Ταῦτα
349 1947 378 1973 δὲ
394 1947 466 1981 πάθη
487 1948 547 1974 ἐστὶ
569 1947 707 1982 θαλάσσης
728 1948 824 1984 στενῆς
841 1957 918 1984 περι-

128 1993 314 2028 κλειομένηςῆ
330 1993 382 2019 ὑπὸ
394 1993 520 2029 νήσων,ἢ
536 1994 588 2020 ὑπὸ
601 1994 715 2028 γωνιῶν.
733 1994 874 2029 ’Δμπωτις
889 1995 917 2022 δέ

127 2040 202 2065 ἑστιν
217 2039 298 2065 οἱονεὶ
311 2039 449 2071 ἀνάπωτις
469 2040 516 2066 καὶ
530 2040 740 2076 ἀναρρόφη[σις]
757 2041 917 2068 ὑποστελλο-

128 2085 209 2119 μένου
224 2084 271 2112 τοῦ
292 2085 386 2116 ὕδατος
405 2087 444 2117 είς
463 2085 565 2121 μυχούς
580 2095 656 2118 τινας
668 2088 717 2122 τῆς
735 2088 917 2124 ὑποκειμένης

127 2134 188 2168 γῆς,
204 2134 252 2159 καὶ
269 2134 327 2168 μετ’
340 2133 430 2167 ὀλίγον
448 2133 530 2160 πάλιν
550 2134 739 2168 ἐκφοιτῶντος.
753 2135 788 2161 Τὸ
808 2135 857 2169 μὲν
871 2133 917 2162 οὖν

127 2179 311 2214 ὕποσταλῆναι
324 2178 354 2205 τὸ
376 2179 448 2215 ὕδωρ
469 2179 523 2206 ἔσω
535 2181 574 2211 εις
590 2180 624 2206 τὰ
640 2180 717 2207 κοῖλα
735 2180 783 2216 τῆς
799 2181 860 2216 γῆς,
875 2181 918 2207 λέ-

127 2232 204 2258 γεται
221 2225 348 2259 ἄμπωτις
361 2234 367 2240 -
376 2225 406 2251 τὸ
419 2225 447 2252 δὲ
462 2225 542 2252 πάλιν
554 2226 683 2261 ὲκρεῦσαι
693 2226 782 2259 τοῦτο,
796 2227 916 2254 καλεῖται

127 2271 220 2306 ραχία.
239 2271 346 2297 Γίνεται
360 2270 387 2298 δὲ
408 2271 486 2298 τοῦτο
503 2271 633 2303 πολλάκις
644 2272 693 2307 τῆς
706 2272 821 2307 ἡμέρας,
837 2273 916 2307 μάλι-

971 963 1147 998 cognitisque
1179 961 1281 988 Histiaei
1312 961 1412 987 litteris
1438 968 1533 987 omnes
1560 959 1755 994 propemodum

969 1008 1046 1035 Iones
1059 1008 1092 1035 ad
1107 1007 1286 1035 defectionem
1304 1006 1422 1041 impulit.
1443 1006 1519 1039 Quod
1537 1014 1598 1033 cum
1619 1007 1646 1032 in
1666 1005 1754 1033 Persi-

969 1055 1030 1082 dem
1048 1055 1082 1081 ad
1113 1062 1203 1089 regem
1228 1054 1340 1080 allatum
1365 1056 1449 1084 esset,
1472 1053 1530 1088 ipse
1558 1052 1699 1080 Histiaeum
1727 1056 1754 1079 ul

969 1101 1091 1128 Graacum
1110 1100 1248 1127 hominem
1267 1100 1293 1126 in
1313 1099 1460 1126 consilium
1488 1099 1610 1131 adhibet,
1632 1106 1754 1133 percun-

969 1152 1114 1182 ctaturque
1127 1146 1190 1182 quid
1204 1146 1276 1173 facto
1287 1153 1356 1180 opus
1367 1146 1413 1177 sit,
1428 1145 1525 1172 suadet
1539 1146 1585 1172 ille
1599 1145 1667 1180 regi,
1684 1149 1713 1172 ut
1727 1152 1754 1173 se

969 1195 996 1221 in
1011 1195 1102 1220 Asiam
1125 1194 1226 1221 mittat.
1247 1193 1364 1220 Tantum
1379 1193 1451 1219 enim
1468 1200 1497 1219 se
1509 1192 1564 1218 illic
1588 1192 1754 1218 auctoritate

969 1248 1001 1268 ac
1017 1240 1138 1275 potentia
1157 1239 1263 1271 ﬂorere,
1281 1244 1310 1265 ut
1326 1242 1413 1265 totum
1433 1237 1501 1265 illud
1517 1237 1679 1265 defectionis
1693 1245 1754 1264 con-

970 1287 1061 1314 silium
1074 1287 1154 1313 facile
1170 1286 1319 1320 infringere
1331 1289 1424 1319 queat.
1444 1284 1590 1312 Profectus
1617 1285 1700 1319 igitur
1727 1284 1754 1311 in

968 1334 1074 1364 Asiam,
1091 1333 1163 1368 apud
1181 1333 1380 1367 Artaphernem
1393 1331 1439 1366 qui
1457 1331 1557 1358 Sardes
1568 1339 1630 1358 cum
1641 1331 1754 1366 imperio

969 1381 1079 1408 tenebat
1094 1380 1121 1407 in
1135 1378 1324 1414 suspicionem
1334 1378 1418 1408 venit,
1432 1378 1512 1412 quasi
1530 1377 1612 1404 totius
1627 1377 1754 1412 roujura-

968 1427 1052 1454 tionis
1066 1426 1231 1453 architectus
1248 1427 1330 1452 esset.
1348 1424 1384 1450 Ac
1399 1424 1513 1458 proinde
1528 1423 1585 1450 haec
1599 1423 1632 1449 ab
1647 1430 1678 1450 eo
1704 1430 1754 1449 au-

968 1472 1036 1500 divit
1053 1481 1060 1499 :
1078 1471 1154 1498 llanc
1169 1473 1272 1497 vestem
1291 1469 1400 1496 consult
1417 1469 1526 1503 quidem
1554 1468 1692 1499 llistiarus.
1719 1468 1754 1495 in-

967 1519 1027 1546 duit
1042 1522 1132 1545 autem
1143 1517 1334 1551 Aristagoras;
1352 1523 1399 1551 per
1409 1521 1512 1543 vestem
1528 1515 1655 1543 videlicet
1671 1519 1755 1542 totam

968 1567 1041 1594 illam
1054 1565 1176 1592 fraudem
1195 1563 1411 1599 proditionisque
1429 1562 1572 1590 consilium
1590 1563 1754 1597 intelligens.

1220 1630 1261 1656 Η.
1285 1629 1325 1656 De
1343 1629 1507 1656 centimanis.

1002 1688 1126 1716 Diximus
1150 1687 1176 1713 in
1193 1685 1342 1720 superioris
1366 1685 1501 1712 orationis
1529 1685 1654 1713 historiis
1687 1685 1755 1713 duos

967 1735 1100 1771 quosdam
1110 1733 1280 1760 centimanos
1289 1731 1441 1762 exstitisse,
1450 1731 1559 1758 Cottum
1568 1735 1595 1758 et
1603 1730 1754 1761 Briareum,

969 1782 1015 1818 qui
1040 1788 1101 1808 cum
1117 1779 1171 1807 diis
1186 1779 1319 1805 adversus
1333 1778 1457 1813 gigantes
1475 1777 1576 1804 bellum
1597 1780 1754 1811 gesserunt.

1142 1848 1184 1874 19..
1201 1847 1239 1874 De
1254 1846 1459 1892 reciprocatione
1478 1844 1581 1880 Euripi.

1005 1907 1159 1941 Ἄμπωτις.
1174 1904 1269 1938 utjam
1287 1911 1301 1930 a
1323 1903 1402 1930 nobis
1422 1902 1524 1928 dictum
1542 1905 1595 1934 est,
1613 1901 1695 1937 ῥαχίᾳ
1712 1900 1754 1927 ad-

968 1957 1094 1980 versatur
1109 1962 1114 1979 :
1127 1955 1192 1979 sunt
1202 1954 1292 1977 autem
1303 1950 1344 1976 lue
1355 1949 1439 1976 maris
1452 1948 1610 1975 alfectiones
1623 1947 1754 1974 coarctati

968 2007 1001 2026 ac
1016 1998 1192 2026 circumclusi
1209 1998 1251 2024 vel
1269 1996 1302 2023 ab
1319 1996 1416 2023 insulis
1431 1996 1470 2022 vel
1488 2003 1502 2021 a
1518 1995 1615 2027 terris;
1629 1995 1754 2029 ἄμπωτις

968 2048 1057 2071 autem
1071 2048 1113 2071 est
1126 2044 1199 2071 velut
1211 2043 1326 2070 ebibitio
1339 2046 1420 2076 atque
1434 2041 1593 2070 cxsorbitio.
1610 2041 1755 2074 colligente

968 2089 1094 2116 videlicet
1113 2096 1174 2115 sese
1193 2095 1262 2122 aqua
1289 2087 1315 2113 iu
1331 2086 1465 2122 quosdam
1483 2090 1562 2113 terra:
1583 2085 1755 2119 subiacentis

968 2142 1104 2165 recessus,
1122 2142 1154 2162 ac
1170 2134 1300 2169 paulatim
1319 2140 1416 2160 rursus
1431 2132 1587 2167 eﬂ‘ugiente.
1607 2132 1673 2159 Cum
1689 2139 1754 2166 ergo

968 2182 995 2208 in
1009 2186 1087 2208 terra:
1100 2181 1231 2208 cavitates
1242 2187 1311 2213 aqua
1327 2187 1387 2207 sese
1404 2179 1522 2214 colligit,
1549 2178 1674 2213 ἄμπωτις
1687 2177 1755 2204 dici-

968 2231 1013 2253 tur
1036 2236 1043 2253 :
1063 2235 1125 2253 cum
1146 2231 1237 2254 autem
1260 2233 1357 2253 rursus
1374 2225 1471 2257 efﬂuit,
1489 2225 1640 2260 appellatur
1660 2224 1753 2259 ραχία.

968 2271 1046 2305 Quod
1060 2273 1171 2307 quidem
1201 2272 1253 2299 diei
1274 2273 1358 2300 unius
1377 2271 1467 2307 spatio
1484 2271 1629 2298 identidem
1646 2270 1755 2296 contin—

126 2305 178 2340 στα
197 2314 245 2341 ἐὰν
262 2316 313 2349 πνῇ
342 2315 451 2350 ἄνεμος.
475 2315 577 2351 Πάσχει
598 2316 627 2342 δὲ
648 2305 679 2342 re;
698 2305 784 2348 πάθος
806 2305 885 2344 too-ro
902 2319 916 2344 ὸ

968 2319 1015 2354 git,
1037 2305 1077 2346 ac_
1086 2318 1237 2353 praesertim
1256 2318 1339 2346 ﬂaiite
1361 2305 1453 2346 vento.
1473 2318 1562 2352 Atque
1580 2317 1616 2343 ita
1637 2316 1754 2343 alliciun-

125 2360 245 2396 Εὔριπος
262 2361 326 2396 περὶ
342 2361 392 2396 τὴν
413 2361 526 2388 Ἐλλάδα
537 2368 543 2374 ·
554 2362 595 2388 διὸ
617 2363 663 2389 καὶ
676 2362 796 2399 Εὔριπος
810 2364 917 2399 ὠνόμα-

126 2415 186 2432 σται
211 2407 294 2433 οίονεὶ
312 2408 326 2432 ό
343 2406 492 2442 εὖτρεπτος
514 2407 561 2433 καὶ
585 2408 704 2443 εὐχερῶς
732 2409 914 2443 περιπίπτων.

126 2451 172 2483 Εἰς
185 2452 279 2479 τοῦτον
295 2452 403 2486 λέγεται
426 2453 614 2488 Ἀριστοτέλης
626 2454 722 2480 ἑαυτὸν
739 2455 826 2490 ῥίψαι.
835 2455 916 2491 Εἴρη-

125 2505 168 2523 ται
180 2497 208 2524 δὲ
222 2499 288 2533 ἡμῖν
301 2498 379 2525 τοῦτο
394 2499 439 2525 καὶ
455 2499 482 2524 ὲν
497 2498 538 2533 τῷ
553 2502 576 2526 α’
587 2498 668 2535 λόγῳ.

261 2569 304 2600 ιγ’.
320 2566 390 2599 Περὶ
408 2565 468 2592 τῶν
498 2565 646 2593 Ἠλυσίων
661 2567 779 2594 πεδίων.

163 2624 268 2659 Ὥσπερ
280 2624 294 2649 ὸ
304 2623 494 2658 Χριστιανικὺς
507 2623 585 2658 λόγος
602 2624 754 2659 ὑπογράφει
771 2625 832 2652 τινὰ
845 2624 914 2652 εἶναι

125 2669 300 2705 παράδεισον,
315 2667 386 2694 οὕτω
403 2669 449 2694 καὶ
465 2669 489 2694 οἱ
505 2669 637 2704 ’Έλληνες
651 2669 838 2704 ὑπογράφουσί
854 2679 914 2697 τινα

125 2714 223 2750 χῶρον,
239 2714 269 2741 ὃν
288 2714 399 2741 καλοῦσι
415 2715 553 2751 Μακάρων
568 2715 675 2751 νήσους.
692 2716 811 2742 Καλοῦσι
826 2716 853 2743 δὲ
866 2717 914 2743 αὑ-

123 2760 170 2787 τὸν
185 2761 231 2788 καὶ
254 2761 379 2787 Ἠλύσιον
393 2761 494 2794 πεδίον,
511 2761 586 2796 παρὰ
606 2761 636 2787 τὸ
649 2761 808 2788 ἐλεύσεσθαι
824 2764 913 2789 ἐκεῖσε

122 2807 186 2838 τοὺς
200 2806 291 2838 καλῶς
303 2806 478 2841 βεϐιωκότας.
492 2807 521 2833 '0
529 2807 557 2833 δὲ
575 2807 761 2842 Ῥαδάμανθυς
773 2808 828 2839 υἱὸς
840 2808 914 2842 λέγε-

121 2862 166 2879 ται
178 2851 250 2880 εἶναι
262 2852 309 2879 τοῦ
320 2853 390 2884 Διὸς,
404 2853 477 2888 ἔχειν
489 2853 518 2880 δὲ
533 2853 582 2888 τὴν
592 2853 752 2889 δικαστικὴν
766 2854 856 2886 ἀξίαν.
867 2856 913 2881 καὶ

121 2899 242 2931 δικάζειν
262 2899 326 2928 τοὺς
348 2899 376 2924 ὲν
392 2898 490 2933 ’ᾍδου-
512 2899 558 2924 καὶ
577 2899 640 2930 τοὺς
661 2899 709 2933 μὲν
725 2898 816 2931 ἀξίους
831 2899 911 2925 κολά-

123 2952 202 2977 σεως,
219 2944 342 2979 πέμπειν
362 2943 435 2978 παρὰ
454 2944 498 2970 τὸν
511 2944 641 2971 κωκυτὸν
657 2945 702 2971 καὶ
717 2944 761 2970 τὸν
776 2945 911 2981 Πυριφλε-

967 2364 1096 2399 Euripus,
1111 2364 1157 2399 qui
1171 2364 1244 2391 circa
1258 2364 1390 2391 Graciam
1409 2367 1459 2392 est.
1482 2362 1560 2390 Unde
1577 2363 1659 2390 etiam
1675 2361 1755 2388 Euri-

966 2417 1017 2444 pus
1034 2414 1159 2440 vocatur,
1181 2410 1261 2444 quasi
1283 2409 1440 2445 εὖτρεπτος,
1460 2410 1594 2445 facileque
1613 2409 1639 2436 iu
1659 2408 1752 2435 orbem

965 2455 1105 2483 volubilis.
1115 2456 1143 2482 ln
1156 2464 1236 2490 queui
1247 2456 1409 2484 Aristoteles
1418 2465 1477 2483 sese
1486 2456 1652 2490 praecipitem
1665 2454 1754 2489 egisse

965 2501 1062 2534 fertur,
1079 2507 1108 2529 ut
1123 2501 1292 2537 priecedente
1306 2502 1430 2530 oratione
1443 2502 1573 2529 diximus.

1189 2569 1230 2595 15.
1249 2568 1286 2595 De
1300 2568 1398 2604 Elysiis
1416 2570 1526 2603 campis.

1000 2626 1236 2659 Quemadmodum
1258 2625 1416 2652 Christiana
1434 2625 1499 2653 fides
1523 2630 1605 2660 atque
1626 2626 1752 2653 doctrina

965 2673 1122 2707 paradisum
1141 2671 1285 2706 quemdam
1302 2671 1447 2704 describit,
1466 2672 1501 2697 ita
1516 2671 1631 2706 gentiles
1644 2679 1752 2706 quoque

965 2717 1088 2744 fictilium
1104 2718 1248 2752 quemdam
1267 2717 1354 2744 locum
1371 2717 1542 2751 describunt,
1564 2725 1644 2752 quem
1655 2717 1752 2744 Fortu-

965 2767 1090 2789 natorum
1109 2763 1212 2789 insulas
1230 2761 1664 2796 vocantsiveElysiumcampum,
1679 2762 1750 2796 quod

964 2808 1089 2835 videlicet
1102 2816 1134 2835 eo
1145 2809 1267 2839 veniant,
1281 2808 1328 2842 qui
1345 2808 1406 2834 vita:
1421 2808 1587 2834 curriculum
1600 2807 1714 2835 honeste
1724 2813 1751 2834 et

963 2862 1026 2881 cum
1040 2855 1138 2882 virtute
1151 2854 1339 2881 confecerunt.
1351 2855 1383 2881 At
1395 2853 1690 2882 veroRhadamantlius
1706 2853 1752 2882 Jo-

963 2900 1003 2926 vis
1022 2900 1091 2927 filius
1107 2909 1177 2931 esse,
1192 2902 1347 2936 judicisque
1356 2909 1467 2928 munere
1475 2901 1546 2936 apud
1561 2900 1662 2928 inferos
1676 2901 1749 2936 fungi

963 2946 1062 2973 dicitur
1082 2957 1087 2973 ;
1101 2951 1180 2981 atque
1191 2955 1237 2975 eos
1253 2947 1362 2982 quidem
1385 2947 1430 2982 qui
1445 2947 1579 2982 supplicio
1590 2947 1663 2982 digni
1676 2950 1750 2979 sunt,
