  <div class='ocr_page' id='page_1' title='image "/cluster/home/n/w/nwhite01/storage/ocr_20150623/36/njp.32101013202633/534.png"; bbox 0 0 2046 3131; ppageno 0'>
   <div class='ocr_carea' id='block_1_1' title="bbox 163 151 236 180">
    <p class='ocr_par' dir='ltr' id='par_1_1' title="bbox 163 151 236 180">
     <span class='ocr_line' id='line_1_1' title="bbox 163 151 236 180; baseline 0.027 -2"><span class='ocrx_word' id='word_1_1' title='bbox 163 151 177 178; x_wconf 76' lang='grc' dir='ltr'><strong>Ι</strong></span> <span class='ocrx_word' id='word_1_2' title='bbox 183 151 236 180; x_wconf 69' lang='grc'><strong>045</strong></span> 
     </span>
    </p>
   </div>
   <div class='ocr_carea' id='block_1_2' title="bbox 582 151 1400 182">
    <p class='ocr_par' dir='ltr' id='par_1_2' title="bbox 582 151 1400 182">
     <span class='ocr_line' id='line_1_2' title="bbox 582 151 1400 182; baseline 0.002 -3"><span class='ocrx_word' id='word_1_3' title='bbox 582 151 626 179; x_wconf 90' lang='lat' dir='ltr'><strong>AD</strong></span> <span class='ocrx_word' id='word_1_4' title='bbox 648 153 677 180; x_wconf 87' lang='lat' dir='ltr'><strong>S.</strong></span> <span class='ocrx_word' id='word_1_5' title='bbox 700 152 865 180; x_wconf 80' lang='lat' dir='ltr'><strong>GREGORII</strong></span> <span class='ocrx_word' id='word_1_6' title='bbox 885 152 991 181; x_wconf 81' lang='lat' dir='ltr'><strong>ORAT.</strong></span> <span class='ocrx_word' id='word_1_7' title='bbox 1012 153 1034 181; x_wconf 83' lang='lat' dir='ltr'><strong>ll</strong></span> <span class='ocrx_word' id='word_1_8' title='bbox 1055 151 1194 182; x_wconf 76' lang='lat' dir='ltr'><strong>CONTRA</strong></span> <span class='ocrx_word' id='word_1_9' title='bbox 1214 151 1400 181; x_wconf 78' lang='lat' dir='ltr'><strong>JULIANUM.</strong></span> 
     </span>
    </p>
   </div>
   <div class='ocr_carea' id='block_1_3' title="bbox 1719 152 1788 180">
    <p class='ocr_par' dir='ltr' id='par_1_3' title="bbox 1719 152 1788 180">
     <span class='ocr_line' id='line_1_3' title="bbox 1719 152 1788 180; baseline 0 0"><span class='ocrx_word' id='word_1_10' title='bbox 1719 152 1788 180; x_wconf 71' lang='grc'><strong>1046</strong></span> 
     </span>
    </p>
   </div>
   <div class='ocr_carea' id='block_1_4' title="bbox 161 207 963 245">
    <p class='ocr_par' dir='ltr' id='par_1_4' title="bbox 161 207 950 243">
     <span class='ocr_line' id='line_1_4' title="bbox 161 207 950 243; baseline 0.004 -10"><span class='ocrx_word' id='word_1_11' title='bbox 161 207 244 242; x_wconf 74' lang='grc' dir='ltr'>δῆθεν</span> <span class='ocrx_word' id='word_1_12' title='bbox 258 207 275 242; x_wconf 80' lang='grc' dir='ltr'><strong>ἡ</strong></span> <span class='ocrx_word' id='word_1_13' title='bbox 293 207 359 243; x_wconf 81' lang='grc' dir='ltr'>δρῦς</span> <span class='ocrx_word' id='word_1_14' title='bbox 369 216 375 221; x_wconf 89' lang='grc'><strong>·</strong></span> <span class='ocrx_word' id='word_1_15' title='bbox 385 207 432 234; x_wconf 74' lang='grc' dir='ltr'>καὶ</span> <span class='ocrx_word' id='word_1_16' title='bbox 445 207 536 234; x_wconf 75' lang='grc' dir='ltr'>λοιπὸν</span> <span class='ocrx_word' id='word_1_17' title='bbox 552 208 717 243; x_wconf 75' lang='grc' dir='ltr'><strong>ἐφθέγγοντο</strong></span> <span class='ocrx_word' id='word_1_18' title='bbox 729 210 755 236; x_wconf 88' lang='grc' dir='ltr'>αἱ</span> <span class='ocrx_word' id='word_1_19' title='bbox 763 211 891 243; x_wconf 84' lang='grc' dir='ltr'>γυναῖκες</span> <span class='ocrx_word' id='word_1_20' title='bbox 905 209 950 236; x_wconf 85' lang='grc' dir='ltr'><strong>λέ-</strong></span> 
     </span>
    </p>
   </div>
   <div class='ocr_carea' id='block_1_5' title="bbox 1001 207 1787 245">
    <p class='ocr_par' dir='ltr' id='par_1_5' title="bbox 1002 207 1787 245">
     <span class='ocr_line' id='line_1_5' title="bbox 1002 207 1787 245; baseline -0.005 -8"><span class='ocrx_word' id='word_1_21' title='bbox 1002 210 1107 237; x_wconf 87' lang='lat' dir='ltr'><strong>scilicet</strong></span> <span class='ocrx_word' id='word_1_22' title='bbox 1128 216 1258 245; x_wconf 83' lang='lat' dir='ltr'><strong>quercus,</strong></span> <span class='ocrx_word' id='word_1_23' title='bbox 1275 212 1424 244; x_wconf 78' lang='lat' dir='ltr'><strong>posteaque</strong></span> <span class='ocrx_word' id='word_1_24' title='bbox 1441 207 1623 243; x_wconf 76' lang='lat' dir='ltr'><strong>loquebantur</strong></span> <span class='ocrx_word' id='word_1_25' title='bbox 1646 207 1787 239; x_wconf 79' lang='lat' dir='ltr'><strong>mulieres,</strong></span> 
     </span>
    </p>
   </div>
   <div class='ocr_carea' id='block_1_6' title="bbox 160 254 954 292">
    <p class='ocr_par' dir='ltr' id='par_1_6' title="bbox 160 254 954 292">
     <span class='ocr_line' id='line_1_6' title="bbox 160 254 954 292; baseline 0.004 -13"><span class='ocrx_word' id='word_1_26' title='bbox 160 261 272 287; x_wconf 81' lang='grc' dir='ltr'>γουσαι,</span> <span class='ocrx_word' id='word_1_27' title='bbox 286 254 326 280; x_wconf 84' lang='grc' dir='ltr'>ὃτι</span> <span class='ocrx_word' id='word_1_28' title='bbox 342 254 410 280; x_wconf 80' lang='grc' dir='ltr'>Τάδε</span> <span class='ocrx_word' id='word_1_29' title='bbox 425 254 552 289; x_wconf 78' lang='grc' dir='ltr'><strong>προλέγει</strong></span> <span class='ocrx_word' id='word_1_30' title='bbox 565 257 578 281; x_wconf 81' lang='grc' dir='ltr'>ὁ</span> <span class='ocrx_word' id='word_1_31' title='bbox 589 256 665 288; x_wconf 68' lang='grc' dir='ltr'>Ζεύς,</span> <span class='ocrx_word' id='word_1_32' title='bbox 684 256 720 282; x_wconf 81' lang='grc' dir='ltr'>Τὸ</span> <span class='ocrx_word' id='word_1_33' title='bbox 737 256 764 282; x_wconf 83' lang='grc' dir='ltr'>δὲ</span> <span class='ocrx_word' id='word_1_34' title='bbox 779 255 899 292; x_wconf 74' lang='grc' dir='ltr'>περὶτοῦ</span> <span class='ocrx_word' id='word_1_35' title='bbox 911 255 954 282; x_wconf 85' lang='grc' dir='ltr'><strong>λέ-</strong></span> 
     </span>
    </p>
   </div>
   <div class='ocr_carea' id='block_1_7' title="bbox 161 300 953 338">
    <p class='ocr_par' dir='ltr' id='par_1_7' title="bbox 161 300 953 338">
     <span class='ocr_line' id='line_1_7' title="bbox 161 300 953 338; baseline 0.003 -12"><span class='ocrx_word' id='word_1_36' title='bbox 161 300 244 335; x_wconf 77' lang='grc' dir='ltr'>6ητος</span> <span class='ocrx_word' id='word_1_37' title='bbox 257 300 378 327; x_wconf 81' lang='grc' dir='ltr'>τοιοῦτόν</span> <span class='ocrx_word' id='word_1_38' title='bbox 390 301 464 327; x_wconf 76' lang='grc' dir='ltr'>ἐστιν</span> <span class='ocrx_word' id='word_1_39' title='bbox 473 309 479 315; x_wconf 68' lang='grc' dir='ltr'>ι</span> <span class='ocrx_word' id='word_1_40' title='bbox 500 301 543 327; x_wconf 83' lang='grc' dir='ltr'>Ἐν</span> <span class='ocrx_word' id='word_1_41' title='bbox 555 301 639 337; x_wconf 77' lang='grc' dir='ltr'>ταύτῃ</span> <span class='ocrx_word' id='word_1_42' title='bbox 653 303 685 336; x_wconf 85' lang='grc' dir='ltr'>τῇ</span> <span class='ocrx_word' id='word_1_43' title='bbox 701 301 814 338; x_wconf 83' lang='grc' dir='ltr'><strong>Δωδώνῃ</strong></span> <span class='ocrx_word' id='word_1_44' title='bbox 832 302 953 336; x_wconf 81' lang='grc' dir='ltr'>λέγεται,</span> 
     </span>
    </p>
   </div>
   <div class='ocr_carea' id='block_1_8' title="bbox 161 346 952 384">
    <p class='ocr_par' dir='ltr' id='par_1_8' title="bbox 161 346 952 384">
     <span class='ocr_line' id='line_1_8' title="bbox 161 346 952 384; baseline 0.004 -12"><span class='ocrx_word' id='word_1_45' title='bbox 161 346 204 372; x_wconf 78' lang='grc' dir='ltr'>ὃτι</span> <span class='ocrx_word' id='word_1_46' title='bbox 223 347 253 372; x_wconf 85' lang='grc' dir='ltr'>ὲν</span> <span class='ocrx_word' id='word_1_47' title='bbox 270 346 331 381; x_wconf 71' lang='grc' dir='ltr'>ὕψει</span> <span class='ocrx_word' id='word_1_48' title='bbox 347 347 401 372; x_wconf 72' lang='grc' dir='ltr'>τινὶ</span> <span class='ocrx_word' id='word_1_49' title='bbox 423 347 516 373; x_wconf 83' lang='grc' dir='ltr'><strong>ἵστατο</strong></span> <span class='ocrx_word' id='word_1_50' title='bbox 540 347 652 383; x_wconf 84' lang='grc' dir='ltr'>ἀνδριὰς</span> <span class='ocrx_word' id='word_1_51' title='bbox 679 348 819 383; x_wconf 79' lang='grc' dir='ltr'><strong>βαστάζων</strong></span> <span class='ocrx_word' id='word_1_52' title='bbox 845 348 952 384; x_wconf 76' lang='grc' dir='ltr'>ῥάϐδον,</span> 
     </span>
    </p>
   </div>
   <div class='ocr_carea' id='block_1_9' title="bbox 160 392 953 429">
    <p class='ocr_par' dir='ltr' id='par_1_9' title="bbox 160 392 953 429">
     <span class='ocr_line' id='line_1_9' title="bbox 160 392 953 429; baseline 0.003 -11"><span class='ocrx_word' id='word_1_53' title='bbox 160 393 211 418; x_wconf 74' lang='grc' dir='ltr'>καὶ</span> <span class='ocrx_word' id='word_1_54' title='bbox 235 392 301 427; x_wconf 86' lang='grc' dir='ltr'>παρ’</span> <span class='ocrx_word' id='word_1_55' title='bbox 312 392 392 418; x_wconf 81' lang='grc' dir='ltr'>αὑτὸν</span> <span class='ocrx_word' id='word_1_56' title='bbox 407 392 487 428; x_wconf 78' lang='grc' dir='ltr'>λέϐης</span> <span class='ocrx_word' id='word_1_57' title='bbox 502 401 543 424; x_wconf 87' lang='grc' dir='ltr'><strong>τις</strong></span> <span class='ocrx_word' id='word_1_58' title='bbox 562 393 663 420; x_wconf 82' lang='grc' dir='ltr'>ἵστατο.</span> <span class='ocrx_word' id='word_1_59' title='bbox 679 395 709 420; x_wconf 84' lang='grc' dir='ltr'><strong>Οῐ</strong></span> <span class='ocrx_word' id='word_1_60' title='bbox 723 392 769 420; x_wconf 80' lang='grc' dir='ltr'><strong>οὖν</strong></span> <span class='ocrx_word' id='word_1_61' title='bbox 785 394 953 429; x_wconf 87' lang='grc' dir='ltr'>μαντευόμε-</span> 
     </span>
    </p>
   </div>
   <div class='ocr_carea' id='block_1_10' title="bbox 161 437 951 474">
    <p class='ocr_par' dir='ltr' id='par_1_10' title="bbox 161 437 951 474">
     <span class='ocr_line' id='line_1_10' title="bbox 161 437 951 474; baseline 0.004 -12"><span class='ocrx_word' id='word_1_62' title='bbox 161 446 204 463; x_wconf 81' lang='grc' dir='ltr'><strong>νοι</strong></span> <span class='ocrx_word' id='word_1_63' title='bbox 216 459 223 470; x_wconf 83' lang='grc'><strong>,</strong></span> <span class='ocrx_word' id='word_1_64' title='bbox 241 437 356 472; x_wconf 77' lang='grc' dir='ltr'><strong>ἤρχοντο</strong></span> <span class='ocrx_word' id='word_1_65' title='bbox 379 437 453 472; x_wconf 83' lang='grc' dir='ltr'>παρὰ</span> <span class='ocrx_word' id='word_1_66' title='bbox 472 438 517 464; x_wconf 82' lang='grc' dir='ltr'>τὸν</span> <span class='ocrx_word' id='word_1_67' title='bbox 539 437 620 465; x_wconf 80' lang='grc' dir='ltr'>τόπον</span> <span class='ocrx_word' id='word_1_68' title='bbox 633 438 744 471; x_wconf 81' lang='grc' dir='ltr'>τοῦτον,</span> <span class='ocrx_word' id='word_1_69' title='bbox 764 439 811 465; x_wconf 78' lang='grc' dir='ltr'>καὶ</span> <span class='ocrx_word' id='word_1_70' title='bbox 829 438 951 474; x_wconf 75' lang='grc' dir='ltr'>ηὔχοντο.</span> 
     </span>
    </p>
   </div>
   <div class='ocr_carea' id='block_1_11' title="bbox 163 479 953 520">
    <p class='ocr_par' dir='ltr' id='par_1_11' title="bbox 163 479 953 520">
     <span class='ocr_line' id='line_1_11' title="bbox 163 479 953 520; baseline 0.006 -13"><span class='ocrx_word' id='word_1_71' title='bbox 163 482 229 508; x_wconf 86' lang='grc' dir='ltr'><strong>Ὀτε</strong></span> <span class='ocrx_word' id='word_1_72' title='bbox 239 479 286 508; x_wconf 80' lang='grc' dir='ltr'>οὖν</span> <span class='ocrx_word' id='word_1_73' title='bbox 297 481 375 517; x_wconf 79' lang='grc' dir='ltr'>ῆθελε</span> <span class='ocrx_word' id='word_1_74' title='bbox 389 483 585 518; x_wconf 83' lang='grc' dir='ltr'>χρησμῳδῆσαι</span> <span class='ocrx_word' id='word_1_75' title='bbox 605 484 695 515; x_wconf 86' lang='grc' dir='ltr'>αὐτοῖς</span> <span class='ocrx_word' id='word_1_76' title='bbox 707 486 720 510; x_wconf 82' lang='grc' dir='ltr'>ὁ</span> <span class='ocrx_word' id='word_1_77' title='bbox 731 484 801 516; x_wconf 82' lang='grc' dir='ltr'>θεὸς,</span> <span class='ocrx_word' id='word_1_78' title='bbox 816 486 830 511; x_wconf 86' lang='grc' dir='ltr'><strong><em>ὁ</em></strong></span> <span class='ocrx_word' id='word_1_79' title='bbox 843 485 953 520; x_wconf 83' lang='grc' dir='ltr'>ἀνδριὰς</span> 
     </span>
    </p>
   </div>
   <div class='ocr_carea' id='block_1_12' title="bbox 161 529 953 568">
    <p class='ocr_par' dir='ltr' id='par_1_12' title="bbox 161 529 953 568">
     <span class='ocr_line' id='line_1_12' title="bbox 161 529 953 568; baseline 0.005 -13"><span class='ocrx_word' id='word_1_80' title='bbox 161 529 267 560; x_wconf 76' lang='grc' dir='ltr'>ἐκεῖνος</span> <span class='ocrx_word' id='word_1_81' title='bbox 281 529 358 556; x_wconf 71' lang='grc' dir='ltr'>ἔπαιε</span> <span class='ocrx_word' id='word_1_82' title='bbox 374 531 407 565; x_wconf 83' lang='grc' dir='ltr'>τῇ</span> <span class='ocrx_word' id='word_1_83' title='bbox 424 530 515 566; x_wconf 71' lang='grc' dir='ltr'>ῥάϐδῳ</span> <span class='ocrx_word' id='word_1_84' title='bbox 530 531 576 558; x_wconf 84' lang='grc' dir='ltr'>τὸν</span> <span class='ocrx_word' id='word_1_85' title='bbox 590 530 690 566; x_wconf 72' lang='grc' dir='ltr'>λέϐητα</span> <span class='ocrx_word' id='word_1_86' title='bbox 700 540 706 546; x_wconf 92' lang='grc'><strong>·</strong></span> <span class='ocrx_word' id='word_1_87' title='bbox 721 529 778 558; x_wconf 84' lang='grc' dir='ltr'>εἶτα</span> <span class='ocrx_word' id='word_1_88' title='bbox 801 533 861 568; x_wconf 74' lang='grc' dir='ltr'>ἠχει</span> <span class='ocrx_word' id='word_1_89' title='bbox 880 534 893 559; x_wconf 86' lang='grc' dir='ltr'><strong>ὁ</strong></span> <span class='ocrx_word' id='word_1_90' title='bbox 909 533 953 560; x_wconf 63' lang='grc' dir='ltr'><strong>λέη</strong></span> 
     </span>
    </p>
   </div>
   <div class='ocr_carea' id='block_1_13' title="bbox 162 574 952 616">
    <p class='ocr_par' dir='ltr' id='par_1_13' title="bbox 162 574 952 616">
     <span class='ocr_line' id='line_1_13' title="bbox 162 574 952 616; baseline 0.006 -15"><span class='ocrx_word' id='word_1_91' title='bbox 162 574 224 609; x_wconf 81' lang='grc' dir='ltr'>6ης.</span> <span class='ocrx_word' id='word_1_92' title='bbox 243 576 289 602; x_wconf 64' lang='grc' dir='ltr'>καὶ.</span> <span class='ocrx_word' id='word_1_93' title='bbox 311 576 343 602; x_wconf 85' lang='grc' dir='ltr'>ἐκ</span> <span class='ocrx_word' id='word_1_94' title='bbox 362 576 408 603; x_wconf 76' lang='grc' dir='ltr'>τοῦ</span> <span class='ocrx_word' id='word_1_95' title='bbox 428 576 540 612; x_wconf 77' lang='grc' dir='ltr'>λέϐητος</span> <span class='ocrx_word' id='word_1_96' title='bbox 559 575 624 613; x_wconf 83' lang='grc' dir='ltr'>ἦχός</span> <span class='ocrx_word' id='word_1_97' title='bbox 637 587 680 609; x_wconf 85' lang='grc' dir='ltr'><strong>τις</strong></span> <span class='ocrx_word' id='word_1_98' title='bbox 695 579 850 606; x_wconf 84' lang='grc' dir='ltr'>ἀπετελεῖτο</span> <span class='ocrx_word' id='word_1_99' title='bbox 874 580 952 616; x_wconf 81' lang='grc' dir='ltr'>ἐναρ-</span> 
     </span>
    </p>
   </div>
   <div class='ocr_carea' id='block_1_14' title="bbox 165 620 952 661">
    <p class='ocr_par' dir='ltr' id='par_1_14' title="bbox 165 620 952 661">
     <span class='ocr_line' id='line_1_14' title="bbox 165 620 952 661; baseline 0.009 -15"><span class='ocrx_word' id='word_1_100' title='bbox 165 620 257 654; x_wconf 85' lang='grc' dir='ltr'>μόνιος</span> <span class='ocrx_word' id='word_1_101' title='bbox 270 630 277 636; x_wconf 90' lang='grc'>·</span> <span class='ocrx_word' id='word_1_102' title='bbox 293 621 339 648; x_wconf 77' lang='grc' dir='ltr'><strong>καὶ</strong></span> <span class='ocrx_word' id='word_1_103' title='bbox 355 622 530 658; x_wconf 76' lang='grc' dir='ltr'><strong>ἐνεφοροῦντο</strong></span> <span class='ocrx_word' id='word_1_104' title='bbox 544 625 571 650; x_wconf 82' lang='grc' dir='ltr'>αἱ</span> <span class='ocrx_word' id='word_1_105' title='bbox 585 625 764 661; x_wconf 84' lang='grc' dir='ltr'>προφήτιδες,</span> <span class='ocrx_word' id='word_1_106' title='bbox 788 626 835 652; x_wconf 84' lang='grc' dir='ltr'>καὶ</span> <span class='ocrx_word' id='word_1_107' title='bbox 860 626 952 661; x_wconf 77' lang='grc' dir='ltr'>ἔλεγον</span> 
     </span>
    </p>
   </div>
   <div class='ocr_carea' id='block_1_15' title="bbox 162 665 584 702">
    <p class='ocr_par' dir='ltr' id='par_1_15' title="bbox 162 665 584 702">
     <span class='ocr_line' id='line_1_15' title="bbox 162 665 584 702; baseline 0.007 -10"><span class='ocrx_word' id='word_1_108' title='bbox 162 665 181 692; x_wconf 82' lang='grc' dir='ltr'>ἃ</span> <span class='ocrx_word' id='word_1_109' title='bbox 198 667 287 698; x_wconf 78' lang='grc' dir='ltr'>αὐτοῖς</span> <span class='ocrx_word' id='word_1_110' title='bbox 302 668 316 693; x_wconf 83' lang='grc' dir='ltr'><strong>ό</strong></span> <span class='ocrx_word' id='word_1_111' title='bbox 331 667 435 702; x_wconf 85' lang='grc' dir='ltr'>δαίμων</span> <span class='ocrx_word' id='word_1_112' title='bbox 448 668 584 696; x_wconf 81' lang='grc' dir='ltr'>ὲνέδαλλε,</span> 
     </span>
    </p>
   </div>
   <div class='ocr_carea' id='block_1_16' title="bbox 387 766 731 802">
    <p class='ocr_par' dir='ltr' id='par_1_16' title="bbox 387 766 731 802">
     <span class='ocr_line' id='line_1_16' title="bbox 387 766 731 802; baseline 0.012 -10"><span class='ocrx_word' id='word_1_113' title='bbox 387 769 421 792; x_wconf 84' lang='grc' dir='ltr'>κ’.</span> <span class='ocrx_word' id='word_1_114' title='bbox 438 766 507 801; x_wconf 78' lang='grc' dir='ltr'>Περὶ</span> <span class='ocrx_word' id='word_1_115' title='bbox 528 767 583 801; x_wconf 83' lang='grc' dir='ltr'>τῆς</span> <span class='ocrx_word' id='word_1_116' title='bbox 609 769 731 802; x_wconf 83' lang='grc' dir='ltr'>Πυθίας.</span> 
     </span>
    </p>
   </div>
   <div class='ocr_carea' id='block_1_17' title="bbox 198 809 949 853">
    <p class='ocr_par' dir='ltr' id='par_1_17' title="bbox 198 809 949 853">
     <span class='ocr_line' id='line_1_17' title="bbox 198 809 949 853; baseline 0.012 -18"><span class='ocrx_word' id='word_1_117' title='bbox 198 809 296 842; x_wconf 77' lang='grc' dir='ltr'>Φωκὶς,</span> <span class='ocrx_word' id='word_1_118' title='bbox 309 809 386 846; x_wconf 79' lang='grc' dir='ltr'>χώρα</span> <span class='ocrx_word' id='word_1_119' title='bbox 402 812 477 838; x_wconf 78' lang='grc' dir='ltr'>ἐστὶν</span> <span class='ocrx_word' id='word_1_120' title='bbox 493 814 522 839; x_wconf 82' lang='grc' dir='ltr'>ὲν</span> <span class='ocrx_word' id='word_1_121' title='bbox 540 815 572 848; x_wconf 81' lang='grc' dir='ltr'>τῇ</span> <span class='ocrx_word' id='word_1_122' title='bbox 598 814 714 842; x_wconf 80' lang='grc' dir='ltr'>Ἑλλάδι.</span> <span class='ocrx_word' id='word_1_123' title='bbox 737 816 780 841; x_wconf 85' lang='grc' dir='ltr'>Ἐν</span> <span class='ocrx_word' id='word_1_124' title='bbox 795 815 879 853; x_wconf 74' lang='grc' dir='ltr'>ταύτῃ</span> <span class='ocrx_word' id='word_1_125' title='bbox 894 817 949 846; x_wconf 75' lang='grc' dir='ltr'>ἐστὶ</span> 
     </span>
    </p>
   </div>
   <div class='ocr_carea' id='block_1_18' title="bbox 163 854 950 897">
    <p class='ocr_par' dir='ltr' id='par_1_18' title="bbox 163 854 950 897">
     <span class='ocr_line' id='line_1_18' title="bbox 163 854 950 897; baseline 0.014 -18"><span class='ocrx_word' id='word_1_126' title='bbox 163 854 240 886; x_wconf 82' lang='grc' dir='ltr'>πόλις</span> <span class='ocrx_word' id='word_1_127' title='bbox 260 856 414 892; x_wconf 81' lang='grc' dir='ltr'><strong>καλουμένη</strong></span> <span class='ocrx_word' id='word_1_128' title='bbox 437 858 543 893; x_wconf 83' lang='grc' dir='ltr'>Δελφοί.</span> <span class='ocrx_word' id='word_1_129' title='bbox 563 860 605 885; x_wconf 85' lang='grc' dir='ltr'>Ἐν</span> <span class='ocrx_word' id='word_1_130' title='bbox 622 860 707 896; x_wconf 83' lang='grc' dir='ltr'>ταύτῃ</span> <span class='ocrx_word' id='word_1_131' title='bbox 720 861 793 888; x_wconf 70' lang='grc' dir='ltr'>ἐστὶν</span> <span class='ocrx_word' id='word_1_132' title='bbox 814 863 885 897; x_wconf 73' lang='grc' dir='ltr'>ἱερὸν</span> <span class='ocrx_word' id='word_1_133' title='bbox 903 863 950 890; x_wconf 79' lang='grc' dir='ltr'>τοῦ</span> 
     </span>
    </p>
   </div>
   <div class='ocr_carea' id='block_1_19' title="bbox 172 898 951 943">
    <p class='ocr_par' dir='ltr' id='par_1_19' title="bbox 172 898 951 943">
     <span class='ocr_line' id='line_1_19' title="bbox 172 898 951 943; baseline 0.013 -19"><span class='ocrx_word' id='word_1_134' title='bbox 172 898 351 932; x_wconf 77' lang='grc' dir='ltr'>’Δπόλλωνος,</span> <span class='ocrx_word' id='word_1_135' title='bbox 364 901 378 927; x_wconf 83' lang='grc' dir='ltr'><strong><em>ὃ</em></strong></span> <span class='ocrx_word' id='word_1_136' title='bbox 388 901 509 929; x_wconf 86' lang='grc' dir='ltr'>καλεῖται</span> <span class='ocrx_word' id='word_1_137' title='bbox 526 903 615 929; x_wconf 88' lang='grc' dir='ltr'>Πυθώ.</span> <span class='ocrx_word' id='word_1_138' title='bbox 629 905 672 931; x_wconf 85' lang='grc' dir='ltr'>Ἐν</span> <span class='ocrx_word' id='word_1_139' title='bbox 688 906 775 941; x_wconf 77' lang='grc' dir='ltr'>τούτῳ</span> <span class='ocrx_word' id='word_1_140' title='bbox 789 907 828 942; x_wconf 83' lang='grc' dir='ltr'>τῷ</span> <span class='ocrx_word' id='word_1_141' title='bbox 843 907 907 943; x_wconf 71' lang='grc' dir='ltr'>ἱερῷ</span> <span class='ocrx_word' id='word_1_142' title='bbox 917 905 951 943; x_wconf 83' lang='grc' dir='ltr'>ἦν</span> 
     </span>
    </p>
   </div>
   <div class='ocr_carea' id='block_1_20' title="bbox 162 947 950 988">
    <p class='ocr_par' dir='ltr' id='par_1_20' title="bbox 162 947 950 988">
     <span class='ocr_line' id='line_1_20' title="bbox 162 947 950 988; baseline 0.01 -16"><span class='ocrx_word' id='word_1_143' title='bbox 162 947 313 981; x_wconf 83' lang='grc' dir='ltr'>ὸτρίπους,</span> <span class='ocrx_word' id='word_1_144' title='bbox 331 948 377 975; x_wconf 81' lang='grc' dir='ltr'>καὶ</span> <span class='ocrx_word' id='word_1_145' title='bbox 403 949 432 975; x_wconf 77' lang='grc' dir='ltr'>αἱ</span> <span class='ocrx_word' id='word_1_146' title='bbox 449 949 540 984; x_wconf 64' lang='grc' dir='ltr'>’ψῆφοι</span> <span class='ocrx_word' id='word_1_147' title='bbox 565 951 593 976; x_wconf 84' lang='grc' dir='ltr'>αἱ</span> <span class='ocrx_word' id='word_1_148' title='bbox 615 952 753 985; x_wconf 86' lang='grc' dir='ltr'>μαντικαί.</span> <span class='ocrx_word' id='word_1_149' title='bbox 777 953 831 979; x_wconf 79' lang='grc' dir='ltr'>Καὶ</span> <span class='ocrx_word' id='word_1_150' title='bbox 855 955 883 980; x_wconf 84' lang='grc' dir='ltr'>αἱ</span> <span class='ocrx_word' id='word_1_151' title='bbox 901 954 950 988; x_wconf 80' lang='grc' dir='ltr'>μὲν</span> 
     </span>
    </p>
   </div>
   <div class='ocr_carea' id='block_1_21' title="bbox 163 993 950 1034">
    <p class='ocr_par' dir='ltr' id='par_1_21' title="bbox 163 993 950 1034">
     <span class='ocr_line' id='line_1_21' title="bbox 163 993 950 1034; baseline 0.01 -16"><span class='ocrx_word' id='word_1_152' title='bbox 163 993 293 1026; x_wconf 80' lang='grc' dir='ltr'>μαντικαὶ</span> <span class='ocrx_word' id='word_1_153' title='bbox 304 993 388 1029; x_wconf 80' lang='grc' dir='ltr'>ψῆφοι</span> <span class='ocrx_word' id='word_1_154' title='bbox 400 993 470 1030; x_wconf 86' lang='grc' dir='ltr'>ἦσαν</span> <span class='ocrx_word' id='word_1_155' title='bbox 480 997 509 1022; x_wconf 82' lang='grc' dir='ltr'>ὲν</span> <span class='ocrx_word' id='word_1_156' title='bbox 517 997 550 1032; x_wconf 81' lang='grc' dir='ltr'>τῇ</span> <span class='ocrx_word' id='word_1_157' title='bbox 562 998 644 1033; x_wconf 80' lang='grc' dir='ltr'>φιάλῃ</span> <span class='ocrx_word' id='word_1_158' title='bbox 654 998 700 1024; x_wconf 78' lang='grc' dir='ltr'>τοῦ</span> <span class='ocrx_word' id='word_1_159' title='bbox 710 1000 842 1034; x_wconf 77' lang='grc' dir='ltr'>τρίποδος.</span> <span class='ocrx_word' id='word_1_160' title='bbox 856 1000 950 1026; x_wconf 84' lang='grc' dir='ltr'>Ἡνίκα</span> 
     </span>
    </p>
   </div>
   <div class='ocr_carea' id='block_1_22' title="bbox 161 1036 950 1079">
    <p class='ocr_par' dir='ltr' id='par_1_22' title="bbox 161 1036 950 1079">
     <span class='ocr_line' id='line_1_22' title="bbox 161 1036 950 1079; baseline 0.011 -16"><span class='ocrx_word' id='word_1_161' title='bbox 161 1036 209 1064; x_wconf 82' lang='grc' dir='ltr'>οὖν</span> <span class='ocrx_word' id='word_1_162' title='bbox 225 1038 239 1064; x_wconf 82' lang='grc' dir='ltr'>ὁ</span> <span class='ocrx_word' id='word_1_163' title='bbox 255 1040 455 1075; x_wconf 76' lang='grc' dir='ltr'>μαντευόμενος</span> <span class='ocrx_word' id='word_1_164' title='bbox 483 1042 576 1077; x_wconf 73' lang='grc' dir='ltr'>ἠρώτα</span> <span class='ocrx_word' id='word_1_165' title='bbox 603 1045 667 1079; x_wconf 76' lang='grc' dir='ltr'>περὶ</span> <span class='ocrx_word' id='word_1_166' title='bbox 693 1045 743 1079; x_wconf 73' lang='grc' dir='ltr'>τῆς</span> <span class='ocrx_word' id='word_1_167' title='bbox 769 1046 908 1079; x_wconf 81' lang='grc' dir='ltr'>μαντείας,</span> <span class='ocrx_word' id='word_1_168' title='bbox 923 1047 950 1072; x_wconf 83' lang='grc' dir='ltr'>αἱ</span> 
     </span>
    </p>
   </div>
   <div class='ocr_carea' id='block_1_23' title="bbox 162 1083 951 1126">
    <p class='ocr_par' dir='ltr' id='par_1_23' title="bbox 162 1083 951 1126">
     <span class='ocr_line' id='line_1_23' title="bbox 162 1083 951 1126; baseline 0.011 -17"><span class='ocrx_word' id='word_1_169' title='bbox 162 1083 246 1118; x_wconf 77' lang='grc' dir='ltr'>ψῆφοι</span> <span class='ocrx_word' id='word_1_170' title='bbox 263 1084 376 1119; x_wconf 84' lang='grc' dir='ltr'>ἥλλοντο</span> <span class='ocrx_word' id='word_1_171' title='bbox 391 1087 436 1112; x_wconf 81' lang='grc' dir='ltr'><strong>καὶ</strong></span> <span class='ocrx_word' id='word_1_172' title='bbox 453 1087 590 1114; x_wconf 75' lang='grc' dir='ltr'>ἐκινοῦντο</span> <span class='ocrx_word' id='word_1_173' title='bbox 609 1089 638 1115; x_wconf 81' lang='grc' dir='ltr'>ἐν</span> <span class='ocrx_word' id='word_1_174' title='bbox 657 1091 688 1124; x_wconf 82' lang='grc' dir='ltr'>τῇ</span> <span class='ocrx_word' id='word_1_175' title='bbox 711 1090 804 1126; x_wconf 84' lang='grc' dir='ltr'>φιάλῃ,</span> <span class='ocrx_word' id='word_1_176' title='bbox 823 1091 889 1117; x_wconf 83' lang='grc' dir='ltr'><strong>Τότε</strong></span> <span class='ocrx_word' id='word_1_177' title='bbox 905 1090 951 1118; x_wconf 86' lang='grc' dir='ltr'>οὖν</span> 
     </span>
    </p>
   </div>
   <div class='ocr_carea' id='block_1_24' title="bbox 162 1129 950 1171">
    <p class='ocr_par' dir='ltr' id='par_1_24' title="bbox 162 1129 950 1171">
     <span class='ocr_line' id='line_1_24' title="bbox 162 1129 950 1171; baseline 0.011 -16"><span class='ocrx_word' id='word_1_178' title='bbox 162 1130 179 1164; x_wconf 84' lang='grc' dir='ltr'><strong>ἠ</strong></span> <span class='ocrx_word' id='word_1_179' title='bbox 197 1129 345 1166; x_wconf 78' lang='grc' dir='ltr'><strong>[προφῆτις</strong></span> <span class='ocrx_word' id='word_1_180' title='bbox 370 1133 412 1159; x_wconf 86' lang='lat' dir='ltr'><strong>vel</strong></span> <span class='ocrx_word' id='word_1_181' title='bbox 439 1133 535 1169; x_wconf 83' lang='grc' dir='ltr'>ἱέρεια]</span> <span class='ocrx_word' id='word_1_182' title='bbox 563 1135 735 1171; x_wconf 74' lang='grc' dir='ltr'>ἐνεφορεῖτο,</span> <span class='ocrx_word' id='word_1_183' title='bbox 755 1137 800 1163; x_wconf 75' lang='grc' dir='ltr'><strong>καὶ</strong></span> <span class='ocrx_word' id='word_1_184' title='bbox 827 1137 950 1171; x_wconf 80' lang='grc' dir='ltr'>ἔλεγενᾶ</span> 
     </span>
    </p>
   </div>
   <div class='ocr_carea' id='block_1_25' title="bbox 162 1174 948 1218">
    <p class='ocr_par' dir='ltr' id='par_1_25' title="bbox 162 1174 948 1218">
     <span class='ocr_line' id='line_1_25' title="bbox 162 1174 948 1218; baseline 0.013 -18"><span class='ocrx_word' id='word_1_185' title='bbox 162 1174 257 1209; x_wconf 68' lang='grc' dir='ltr'>ἦθελεν</span> <span class='ocrx_word' id='word_1_186' title='bbox 271 1177 285 1202; x_wconf 79' lang='grc' dir='ltr'>ὁ</span> <span class='ocrx_word' id='word_1_187' title='bbox 305 1176 442 1204; x_wconf 79' lang='grc' dir='ltr'>Ἀπόλλων</span> <span class='ocrx_word' id='word_1_188' title='bbox 456 1187 462 1193; x_wconf 88' lang='grc'><strong><em>-</em></strong></span> <span class='ocrx_word' id='word_1_189' title='bbox 480 1179 604 1206; x_wconf 77' lang='grc' dir='ltr'>ἐκαλεῖτο</span> <span class='ocrx_word' id='word_1_190' title='bbox 621 1181 649 1207; x_wconf 88' lang='grc' dir='ltr'>δὲ</span> <span class='ocrx_word' id='word_1_191' title='bbox 664 1182 680 1217; x_wconf 83' lang='grc' dir='ltr'>ἡ</span> <span class='ocrx_word' id='word_1_192' title='bbox 698 1183 833 1218; x_wconf 77' lang='grc' dir='ltr'>προφῆτις</span> <span class='ocrx_word' id='word_1_193' title='bbox 851 1183 948 1210; x_wconf 90' lang='grc' dir='ltr'>Πυθία.</span> 
     </span>
    </p>
   </div>
   <div class='ocr_carea' id='block_1_26' title="bbox 161 1220 951 1265">
    <p class='ocr_par' dir='ltr' id='par_1_26' title="bbox 161 1220 951 1265">
     <span class='ocr_line' id='line_1_26' title="bbox 161 1220 951 1265; baseline 0.011 -19"><span class='ocrx_word' id='word_1_194' title='bbox 161 1220 270 1256; x_wconf 81' lang='grc' dir='ltr'>Ταύτην</span> <span class='ocrx_word' id='word_1_195' title='bbox 286 1221 454 1258; x_wconf 83' lang='grc' dir='ltr'>πληροῦσθαι</span> <span class='ocrx_word' id='word_1_196' title='bbox 479 1223 556 1252; x_wconf 83' lang='grc' dir='ltr'>εἶπεν</span> <span class='ocrx_word' id='word_1_197' title='bbox 577 1227 692 1254; x_wconf 79' lang='grc' dir='ltr'>ἐνταῦθα</span> <span class='ocrx_word' id='word_1_198' title='bbox 710 1229 756 1254; x_wconf 69' lang='grc' dir='ltr'>καὶ</span> <span class='ocrx_word' id='word_1_199' title='bbox 773 1230 951 1265; x_wconf 76' lang='grc' dir='ltr'>ἐμφορεῖσθαι</span> 
     </span>
    </p>
   </div>
   <div class='ocr_carea' id='block_1_27' title="bbox 161 1266 417 1296">
    <p class='ocr_par' dir='ltr' id='par_1_27' title="bbox 161 1266 417 1296">
     <span class='ocr_line' id='line_1_27' title="bbox 161 1266 417 1296; baseline 0.02 -5"><span class='ocrx_word' id='word_1_200' title='bbox 161 1266 208 1292; x_wconf 74' lang='grc' dir='ltr'>καὶ</span> <span class='ocrx_word' id='word_1_201' title='bbox 218 1266 417 1296; x_wconf 78' lang='grc' dir='ltr'>ὲνθουσιᾶσθαι.</span> 
     </span>
    </p>
   </div>
   <div class='ocr_carea' id='block_1_28' title="bbox 348 1327 757 1364">
    <p class='ocr_par' dir='ltr' id='par_1_28' title="bbox 348 1327 757 1364">
     <span class='ocr_line' id='line_1_28' title="bbox 348 1327 757 1364; baseline 0.012 -12"><span class='ocrx_word' id='word_1_202' title='bbox 348 1329 400 1352; x_wconf 86' lang='grc' dir='ltr'>κα’.</span> <span class='ocrx_word' id='word_1_203' title='bbox 419 1328 488 1362; x_wconf 77' lang='grc' dir='ltr'>Περὶ</span> <span class='ocrx_word' id='word_1_204' title='bbox 503 1327 557 1362; x_wconf 75' lang='grc' dir='ltr'>τῆς</span> <span class='ocrx_word' id='word_1_205' title='bbox 573 1330 757 1364; x_wconf 79' lang='grc' dir='ltr'><strong>Κασταλίας.</strong></span> 
     </span>
    </p>
   </div>
   <div class='ocr_carea' id='block_1_29' title="bbox 194 1369 950 1413">
    <p class='ocr_par' dir='ltr' id='par_1_29' title="bbox 194 1369 950 1413">
     <span class='ocr_line' id='line_1_29' title="bbox 194 1369 950 1413; baseline 0.009 -16"><span class='ocrx_word' id='word_1_206' title='bbox 194 1370 274 1407; x_wconf 83' lang='grc' dir='ltr'>Πηγὴ</span> <span class='ocrx_word' id='word_1_207' title='bbox 289 1369 323 1407; x_wconf 81' lang='grc' dir='ltr'>ἦν</span> <span class='ocrx_word' id='word_1_208' title='bbox 336 1372 364 1398; x_wconf 80' lang='grc' dir='ltr'>ὲν</span> <span class='ocrx_word' id='word_1_209' title='bbox 376 1373 468 1410; x_wconf 82' lang='grc' dir='ltr'>Δάφνῃ</span> <span class='ocrx_word' id='word_1_210' title='bbox 481 1376 512 1410; x_wconf 85' lang='grc' dir='ltr'><strong>τῇ</strong></span> <span class='ocrx_word' id='word_1_211' title='bbox 529 1375 599 1402; x_wconf 78' lang='grc' dir='ltr'>κατὰ</span> <span class='ocrx_word' id='word_1_212' title='bbox 615 1377 788 1411; x_wconf 78' lang='grc' dir='ltr'>Ἀντιόχειαν,</span> <span class='ocrx_word' id='word_1_213' title='bbox 803 1377 831 1403; x_wconf 80' lang='grc' dir='ltr'>ἐν</span> <span class='ocrx_word' id='word_1_214' title='bbox 873 1377 950 1412; x_wconf 77' lang='grc' dir='ltr'><strong>λέγε⁹</strong></span> 
     </span>
    </p>
   </div>
   <div class='ocr_carea' id='block_1_30' title="bbox 163 1416 950 1457">
    <p class='ocr_par' dir='ltr' id='par_1_30' title="bbox 163 1416 950 1457">
     <span class='ocr_line' id='line_1_30' title="bbox 163 1416 950 1457; baseline 0.01 -17"><span class='ocrx_word' id='word_1_215' title='bbox 163 1422 206 1441; x_wconf 80' lang='grc' dir='ltr'><strong>ται</strong></span> <span class='ocrx_word' id='word_1_216' title='bbox 232 1416 278 1442; x_wconf 82' lang='grc' dir='ltr'>τὸν</span> <span class='ocrx_word' id='word_1_217' title='bbox 303 1417 456 1445; x_wconf 79' lang='grc' dir='ltr'>Ἀπόλλωνα</span> <span class='ocrx_word' id='word_1_218' title='bbox 483 1421 661 1456; x_wconf 77' lang='grc' dir='ltr'>παρεδρεύειν</span> <span class='ocrx_word' id='word_1_219' title='bbox 674 1443 680 1453; x_wconf 86' lang='grc'><strong>,</strong></span> <span class='ocrx_word' id='word_1_220' title='bbox 696 1422 743 1448; x_wconf 70' lang='grc' dir='ltr'>καὶ</span> <span class='ocrx_word' id='word_1_221' title='bbox 762 1422 890 1457; x_wconf 81' lang='grc' dir='ltr'>μαντείας</span> <span class='ocrx_word' id='word_1_222' title='bbox 904 1423 950 1449; x_wconf 68' lang='grc' dir='ltr'><strong>καὶ</strong></span> 
     </span>
    </p>
   </div>
   <div class='ocr_carea' id='block_1_31' title="bbox 161 1462 950 1502">
    <p class='ocr_par' dir='ltr' id='par_1_31' title="bbox 161 1462 950 1502">
     <span class='ocr_line' id='line_1_31' title="bbox 161 1462 950 1502; baseline 0.009 -15"><span class='ocrx_word' id='word_1_223' title='bbox 161 1462 302 1497; x_wconf 74' lang='grc' dir='ltr'>χρησμοὺς</span> <span class='ocrx_word' id='word_1_224' title='bbox 313 1464 369 1495; x_wconf 82' lang='grc' dir='ltr'>τοῖς</span> <span class='ocrx_word' id='word_1_225' title='bbox 381 1464 546 1500; x_wconf 80' lang='grc' dir='ltr'>ἐρχομένοις,</span> <span class='ocrx_word' id='word_1_226' title='bbox 558 1467 622 1501; x_wconf 77' lang='grc' dir='ltr'>περὶ</span> <span class='ocrx_word' id='word_1_227' title='bbox 630 1466 660 1492; x_wconf 74' lang='grc' dir='ltr'>τὸ</span> <span class='ocrx_word' id='word_1_228' title='bbox 669 1466 740 1502; x_wconf 72' lang='grc' dir='ltr'>ὕδωρ</span> <span class='ocrx_word' id='word_1_229' title='bbox 751 1466 879 1500; x_wconf 75' lang='grc' dir='ltr'>λέγεσθαι</span> <span class='ocrx_word' id='word_1_230' title='bbox 889 1476 895 1482; x_wconf 91' lang='grc'><strong>·</strong></span> <span class='ocrx_word' id='word_1_231' title='bbox 907 1467 950 1494; x_wconf 74' lang='grc' dir='ltr'><strong>λέ-</strong></span> 
     </span>
    </p>
   </div>
   <div class='ocr_carea' id='block_1_32' title="bbox 166 1508 948 1548">
    <p class='ocr_par' dir='ltr' id='par_1_32' title="bbox 166 1508 948 1548">
     <span class='ocr_line' id='line_1_32' title="bbox 166 1508 948 1548; baseline 0.01 -16"><span class='ocrx_word' id='word_1_232' title='bbox 166 1515 238 1540; x_wconf 62' lang='grc' dir='ltr'>γεται</span> <span class='ocrx_word' id='word_1_233' title='bbox 248 1508 285 1538; x_wconf 80' lang='grc' dir='ltr'><strong>δὲ.</strong></span> <span class='ocrx_word' id='word_1_234' title='bbox 295 1509 336 1535; x_wconf 77' lang='grc' dir='ltr'>ὅτι</span> <span class='ocrx_word' id='word_1_235' title='bbox 351 1510 431 1544; x_wconf 84' lang='grc' dir='ltr'>ἡνίκα</span> <span class='ocrx_word' id='word_1_236' title='bbox 443 1511 604 1545; x_wconf 76' lang='grc' dir='ltr'>ἐμαντεύετο</span> <span class='ocrx_word' id='word_1_237' title='bbox 613 1521 653 1543; x_wconf 79' lang='grc' dir='ltr'><strong>τις</strong></span> <span class='ocrx_word' id='word_1_238' title='bbox 662 1514 690 1538; x_wconf 72' lang='grc' dir='ltr'>ἐν</span> <span class='ocrx_word' id='word_1_239' title='bbox 704 1512 742 1547; x_wconf 83' lang='grc' dir='ltr'>τῷ</span> <span class='ocrx_word' id='word_1_240' title='bbox 757 1513 830 1548; x_wconf 82' lang='grc' dir='ltr'>τόπῳ</span> <span class='ocrx_word' id='word_1_241' title='bbox 847 1513 948 1548; x_wconf 78' lang='grc' dir='ltr'>τούτῳ,</span> 
     </span>
    </p>
   </div>
   <div class='ocr_carea' id='block_1_33' title="bbox 1004 252 1788 290">
    <p class='ocr_par' dir='ltr' id='par_1_33' title="bbox 1004 252 1788 290">
     <span class='ocr_line' id='line_1_33' title="bbox 1004 252 1788 290; baseline -0.004 -8"><span class='ocrx_word' id='word_1_242' title='bbox 1004 255 1124 290; x_wconf 88' lang='lat' dir='ltr'><strong>quidque</strong></span> <span class='ocrx_word' id='word_1_243' title='bbox 1143 255 1246 282; x_wconf 88' lang='lat' dir='ltr'><strong>diceret</strong></span> <span class='ocrx_word' id='word_1_244' title='bbox 1267 254 1388 290; x_wconf 88' lang='lat' dir='ltr'><strong>Jupiter,</strong></span> <span class='ocrx_word' id='word_1_245' title='bbox 1412 253 1617 282; x_wconf 90' lang='lat' dir='ltr'><strong>renuntiabant.</strong></span> <span class='ocrx_word' id='word_1_246' title='bbox 1642 252 1680 280; x_wconf 91' lang='lat' dir='ltr'><strong>De</strong></span> <span class='ocrx_word' id='word_1_247' title='bbox 1702 252 1788 279; x_wconf 89' lang='lat' dir='ltr'><strong>lebete</strong></span> 
     </span>
    </p>
   </div>
   <div class='ocr_carea' id='block_1_34' title="bbox 1004 298 1788 329">
    <p class='ocr_par' dir='ltr' id='par_1_34' title="bbox 1004 298 1788 329">
     <span class='ocr_line' id='line_1_34' title="bbox 1004 298 1788 329; baseline -0.005 -1"><span class='ocrx_word' id='word_1_248' title='bbox 1004 305 1095 329; x_wconf 89' lang='lat' dir='ltr'><strong>autem</strong></span> <span class='ocrx_word' id='word_1_249' title='bbox 1110 301 1147 328; x_wconf 91' lang='lat' dir='ltr'><strong>ita</strong></span> <span class='ocrx_word' id='word_1_250' title='bbox 1160 309 1190 328; x_wconf 88' lang='lat' dir='ltr'><strong>se</strong></span> <span class='ocrx_word' id='word_1_251' title='bbox 1205 300 1286 328; x_wconf 82' lang='lat' dir='ltr'><strong>habet</strong></span> <span class='ocrx_word' id='word_1_252' title='bbox 1302 300 1418 327; x_wconf 84' lang='lat' dir='ltr'><strong>historia</strong></span> <span class='ocrx_word' id='word_1_253' title='bbox 1433 309 1439 326; x_wconf 90' lang='lat'><strong>:</strong></span> <span class='ocrx_word' id='word_1_254' title='bbox 1458 299 1488 326; x_wconf 92' lang='lat' dir='ltr'><strong>ln</strong></span> <span class='ocrx_word' id='word_1_255' title='bbox 1501 298 1596 327; x_wconf 87' lang='lat' dir='ltr'><strong>eadem</strong></span> <span class='ocrx_word' id='word_1_256' title='bbox 1611 298 1679 325; x_wconf 83' lang='lat' dir='ltr'><strong>urbe</strong></span> <span class='ocrx_word' id='word_1_257' title='bbox 1697 301 1788 325; x_wconf 86' lang='lat' dir='ltr'><strong>statua</strong></span> 
     </span>
    </p>
   </div>
   <div class='ocr_carea' id='block_1_35' title="bbox 1003 345 1788 381">
    <p class='ocr_par' dir='ltr' id='par_1_35' title="bbox 1003 345 1788 381">
     <span class='ocr_line' id='line_1_35' title="bbox 1003 345 1788 381; baseline -0.003 -7"><span class='ocrx_word' id='word_1_258' title='bbox 1003 347 1128 381; x_wconf 68' lang='lat' dir='ltr'><strong>quaedam</strong></span> <span class='ocrx_word' id='word_1_259' title='bbox 1149 350 1209 374; x_wconf 86' lang='lat' dir='ltr'><strong>erat</strong></span> <span class='ocrx_word' id='word_1_260' title='bbox 1224 347 1252 373; x_wconf 91' lang='lat' dir='ltr'><strong>in</strong></span> <span class='ocrx_word' id='word_1_261' title='bbox 1267 346 1379 374; x_wconf 88' lang='lat' dir='ltr'><strong>sublimi</strong></span> <span class='ocrx_word' id='word_1_262' title='bbox 1391 346 1509 381; x_wconf 88' lang='lat' dir='ltr'><strong>quodam</strong></span> <span class='ocrx_word' id='word_1_263' title='bbox 1526 345 1587 373; x_wconf 90' lang='lat' dir='ltr'><strong>loco</strong></span> <span class='ocrx_word' id='word_1_264' title='bbox 1611 349 1711 378; x_wconf 87' lang='lat' dir='ltr'><strong>erecta,</strong></span> <span class='ocrx_word' id='word_1_265' title='bbox 1728 345 1788 372; x_wconf 90' lang='lat' dir='ltr'><strong>vir-</strong></span> 
     </span>
    </p>
   </div>
   <div class='ocr_carea' id='block_1_36' title="bbox 1002 390 1786 428">
    <p class='ocr_par' dir='ltr' id='par_1_36' title="bbox 1002 390 1786 428">
     <span class='ocr_line' id='line_1_36' title="bbox 1002 390 1786 428; baseline -0.003 -9"><span class='ocrx_word' id='word_1_266' title='bbox 1002 400 1063 428; x_wconf 76' lang='lat' dir='ltr'><strong>gam</strong></span> <span class='ocrx_word' id='word_1_267' title='bbox 1078 397 1198 427; x_wconf 76' lang='lat' dir='ltr'><strong>gestans,</strong></span> <span class='ocrx_word' id='word_1_268' title='bbox 1217 392 1291 420; x_wconf 91' lang='lat' dir='ltr'><strong>circa</strong></span> <span class='ocrx_word' id='word_1_269' title='bbox 1307 399 1390 427; x_wconf 89' lang='lat' dir='ltr'><strong>quam</strong></span> <span class='ocrx_word' id='word_1_270' title='bbox 1411 391 1485 420; x_wconf 90' lang='lat' dir='ltr'><strong>lebes</strong></span> <span class='ocrx_word' id='word_1_271' title='bbox 1503 390 1614 426; x_wconf 89' lang='lat' dir='ltr'><strong>quidam</strong></span> <span class='ocrx_word' id='word_1_272' title='bbox 1631 390 1702 418; x_wconf 84' lang='lat' dir='ltr'><strong>ﬁxus</strong></span> <span class='ocrx_word' id='word_1_273' title='bbox 1715 394 1786 418; x_wconf 88' lang='lat' dir='ltr'><strong>erat.</strong></span> 
     </span>
    </p>
   </div>
   <div class='ocr_carea' id='block_1_37' title="bbox 1003 436 1788 474">
    <p class='ocr_par' dir='ltr' id='par_1_37' title="bbox 1003 436 1788 474">
     <span class='ocr_line' id='line_1_37' title="bbox 1003 436 1788 474; baseline -0.005 -8"><span class='ocrx_word' id='word_1_274' title='bbox 1003 438 1074 474; x_wconf 78' lang='lat' dir='ltr'><strong>Ergo</strong></span> <span class='ocrx_word' id='word_1_275' title='bbox 1088 439 1136 474; x_wconf 87' lang='lat' dir='ltr'><strong>qui</strong></span> <span class='ocrx_word' id='word_1_276' title='bbox 1150 439 1292 466; x_wconf 88' lang='lat' dir='ltr'><strong>oraculum</strong></span> <span class='ocrx_word' id='word_1_277' title='bbox 1307 437 1499 469; x_wconf 85' lang='lat' dir='ltr'><strong>consulebant,</strong></span> <span class='ocrx_word' id='word_1_278' title='bbox 1511 436 1544 464; x_wconf 89' lang='lat' dir='ltr'><strong>ad</strong></span> <span class='ocrx_word' id='word_1_279' title='bbox 1564 436 1638 463; x_wconf 90' lang='lat' dir='ltr'><strong>hunc</strong></span> <span class='ocrx_word' id='word_1_280' title='bbox 1656 436 1745 463; x_wconf 77' lang='lat' dir='ltr'><strong>locum</strong></span> <span class='ocrx_word' id='word_1_281' title='bbox 1757 443 1788 463; x_wconf 87' lang='lat' dir='ltr'><strong>se</strong></span> 
     </span>
    </p>
   </div>
   <div class='ocr_carea' id='block_1_38' title="bbox 1003 481 1787 518">
    <p class='ocr_par' dir='ltr' id='par_1_38' title="bbox 1003 481 1787 518">
     <span class='ocr_line' id='line_1_38' title="bbox 1003 481 1787 518; baseline -0.004 -8"><span class='ocrx_word' id='word_1_282' title='bbox 1003 483 1191 517; x_wconf 80' lang='lat' dir='ltr'><strong>conferebant,</strong></span> <span class='ocrx_word' id='word_1_283' title='bbox 1203 491 1355 518; x_wconf 84' lang='lat' dir='ltr'><strong>precesque</strong></span> <span class='ocrx_word' id='word_1_284' title='bbox 1372 481 1610 510; x_wconf 79' lang='lat' dir='ltr'><strong>fundebant.Cum</strong></span> <span class='ocrx_word' id='word_1_285' title='bbox 1625 481 1708 517; x_wconf 70' lang='lat' dir='ltr'><strong>igitur</strong></span> <span class='ocrx_word' id='word_1_286' title='bbox 1719 481 1787 516; x_wconf 82' lang='lat' dir='ltr'><strong>ipsis</strong></span> 
     </span>
    </p>
   </div>
   <div class='ocr_carea' id='block_1_39' title="bbox 1003 529 1786 565">
    <p class='ocr_par' dir='ltr' id='par_1_39' title="bbox 1003 529 1786 565">
     <span class='ocr_line' id='line_1_39' title="bbox 1003 529 1786 565; baseline -0.005 -8"><span class='ocrx_word' id='word_1_287' title='bbox 1003 537 1133 565; x_wconf 77' lang='lat' dir='ltr'><strong>responsa</strong></span> <span class='ocrx_word' id='word_1_288' title='bbox 1148 531 1214 558; x_wconf 87' lang='lat' dir='ltr'><strong>dare</strong></span> <span class='ocrx_word' id='word_1_289' title='bbox 1227 531 1308 558; x_wconf 78' lang='lat' dir='ltr'><strong>vellet</strong></span> <span class='ocrx_word' id='word_1_290' title='bbox 1323 530 1401 562; x_wconf 82' lang='lat' dir='ltr'><strong>deus,</strong></span> <span class='ocrx_word' id='word_1_291' title='bbox 1419 534 1510 558; x_wconf 85' lang='lat' dir='ltr'><strong>statua</strong></span> <span class='ocrx_word' id='word_1_292' title='bbox 1524 530 1570 556; x_wconf 89' lang='lat' dir='ltr'><strong>illa</strong></span> <span class='ocrx_word' id='word_1_293' title='bbox 1582 529 1697 556; x_wconf 89' lang='lat' dir='ltr'><strong>lebetcm</strong></span> <span class='ocrx_word' id='word_1_294' title='bbox 1711 529 1786 563; x_wconf 77' lang='lat' dir='ltr'><strong>virga</strong></span> 
     </span>
    </p>
   </div>
   <div class='ocr_carea' id='block_1_40' title="bbox 1001 575 1786 610">
    <p class='ocr_par' dir='ltr' id='par_1_40' title="bbox 1001 575 1786 610">
     <span class='ocr_line' id='line_1_40' title="bbox 1001 575 1786 610; baseline -0.004 -7"><span class='ocrx_word' id='word_1_295' title='bbox 1001 575 1129 607; x_wconf 76' lang='lat' dir='ltr'><strong>feriebat,</strong></span> <span class='ocrx_word' id='word_1_296' title='bbox 1151 583 1183 603; x_wconf 86' lang='lat' dir='ltr'><strong>ac</strong></span> <span class='ocrx_word' id='word_1_297' title='bbox 1199 576 1333 604; x_wconf 87' lang='lat' dir='ltr'><strong>tinniebat</strong></span> <span class='ocrx_word' id='word_1_298' title='bbox 1349 576 1433 609; x_wconf 86' lang='lat' dir='ltr'><strong>lebes,</strong></span> <span class='ocrx_word' id='word_1_299' title='bbox 1448 575 1656 610; x_wconf 85' lang='lat' dir='ltr'><strong>concinnusque</strong></span> <span class='ocrx_word' id='word_1_300' title='bbox 1677 575 1786 609; x_wconf 89' lang='lat' dir='ltr'><strong>quidam</strong></span> 
     </span>
    </p>
   </div>
   <div class='ocr_carea' id='block_1_41' title="bbox 1002 619 1787 650">
    <p class='ocr_par' dir='ltr' id='par_1_41' title="bbox 1002 619 1787 650">
     <span class='ocr_line' id='line_1_41' title="bbox 1002 619 1787 650; baseline -0.004 -1"><span class='ocrx_word' id='word_1_301' title='bbox 1002 630 1089 650; x_wconf 87' lang='lat' dir='ltr'><strong>sonus</strong></span> <span class='ocrx_word' id='word_1_302' title='bbox 1106 629 1140 649; x_wconf 80' lang='lat' dir='ltr'><strong>ex</strong></span> <span class='ocrx_word' id='word_1_303' title='bbox 1158 629 1191 649; x_wconf 86' lang='lat' dir='ltr'><strong>eo</strong></span> <span class='ocrx_word' id='word_1_304' title='bbox 1205 621 1348 649; x_wconf 84' lang='lat' dir='ltr'><strong>edebatur.</strong></span> <span class='ocrx_word' id='word_1_305' title='bbox 1365 621 1436 648; x_wconf 89' lang='lat' dir='ltr'><strong>Tum</strong></span> <span class='ocrx_word' id='word_1_306' title='bbox 1450 629 1515 648; x_wconf 87' lang='lat' dir='ltr'><strong>vero</strong></span> <span class='ocrx_word' id='word_1_307' title='bbox 1531 621 1643 648; x_wconf 88' lang='lat' dir='ltr'><strong>numine</strong></span> <span class='ocrx_word' id='word_1_308' title='bbox 1657 619 1787 647; x_wconf 77' lang='lat' dir='ltr'><strong>amaban-</strong></span> 
     </span>
    </p>
   </div>
   <div class='ocr_carea' id='block_1_42' title="bbox 1002 665 1786 703">
    <p class='ocr_par' dir='ltr' id='par_1_42' title="bbox 1002 665 1786 703">
     <span class='ocr_line' id='line_1_42' title="bbox 1002 665 1786 703; baseline -0.004 -9"><span class='ocrx_word' id='word_1_309' title='bbox 1002 673 1047 695; x_wconf 86' lang='lat' dir='ltr'><strong>tur</strong></span> <span class='ocrx_word' id='word_1_310' title='bbox 1062 667 1254 702; x_wconf 76' lang='lat' dir='ltr'><strong>prophetissae,</strong></span> <span class='ocrx_word' id='word_1_311' title='bbox 1275 675 1391 703; x_wconf 78' lang='lat' dir='ltr'><strong>quaeque</strong></span> <span class='ocrx_word' id='word_1_312' title='bbox 1407 668 1476 701; x_wconf 90' lang='lat' dir='ltr'><strong>ipsis</strong></span> <span class='ocrx_word' id='word_1_313' title='bbox 1490 667 1597 694; x_wconf 83' lang='lat' dir='ltr'><strong>daemon</strong></span> <span class='ocrx_word' id='word_1_314' title='bbox 1613 665 1786 702; x_wconf 76' lang='lat' dir='ltr'><strong>suggerebat,</strong></span> 
     </span>
    </p>
   </div>
   <div class='ocr_carea' id='block_1_43' title="bbox 1002 712 1193 749">
    <p class='ocr_par' dir='ltr' id='par_1_43' title="bbox 1002 712 1193 749">
     <span class='ocr_line' id='line_1_43' title="bbox 1002 712 1193 749; baseline 0.005 -10"><span class='ocrx_word' id='word_1_315' title='bbox 1002 712 1193 749; x_wconf 86' lang='lat' dir='ltr'><strong>loquebantur.</strong></span> 
     </span>
    </p>
   </div>
   <div class='ocr_carea' id='block_1_44' title="bbox 1279 768 1505 804">
    <p class='ocr_par' dir='ltr' id='par_1_44' title="bbox 1279 768 1505 804">
     <span class='ocr_line' id='line_1_44' title="bbox 1279 768 1505 804; baseline 0.004 -9"><span class='ocrx_word' id='word_1_316' title='bbox 1279 769 1326 796; x_wconf 68' lang='lat' dir='ltr'><strong>eo.</strong></span> <span class='ocrx_word' id='word_1_317' title='bbox 1342 769 1379 796; x_wconf 84' lang='lat' dir='ltr'><strong>De</strong></span> <span class='ocrx_word' id='word_1_318' title='bbox 1397 768 1505 804; x_wconf 77' lang='lat' dir='ltr'><strong>Pythia.</strong></span> 
     </span>
    </p>
   </div>
   <div class='ocr_carea' id='block_1_45' title="bbox 1037 813 1787 850">
    <p class='ocr_par' dir='ltr' id='par_1_45' title="bbox 1037 813 1787 850">
     <span class='ocr_line' id='line_1_45' title="bbox 1037 813 1787 850; baseline -0.001 -9"><span class='ocrx_word' id='word_1_319' title='bbox 1037 813 1066 842; x_wconf 85' lang='lat' dir='ltr'><strong>lu</strong></span> <span class='ocrx_word' id='word_1_320' title='bbox 1084 814 1214 846; x_wconf 85' lang='lat' dir='ltr'><strong>Phocide,</strong></span> <span class='ocrx_word' id='word_1_321' title='bbox 1228 814 1410 849; x_wconf 60' lang='lat' dir='ltr'><strong>quaaGraaciae</strong></span> <span class='ocrx_word' id='word_1_322' title='bbox 1427 814 1504 850; x_wconf 76' lang='lat' dir='ltr'><strong>regio</strong></span> <span class='ocrx_word' id='word_1_323' title='bbox 1519 819 1571 846; x_wconf 86' lang='lat' dir='ltr'><strong>est,</strong></span> <span class='ocrx_word' id='word_1_324' title='bbox 1588 813 1787 848; x_wconf 77' lang='lat' dir='ltr'><strong>Delphos.urbs</strong></span> 
     </span>
    </p>
   </div>
   <div class='ocr_carea' id='block_1_46' title="bbox 1005 857 1784 898">
    <p class='ocr_par' dir='ltr' id='par_1_46' title="bbox 1005 857 1784 898">
     <span class='ocr_line' id='line_1_46' title="bbox 1005 857 1784 898; baseline -0.004 -10"><span class='ocrx_word' id='word_1_325' title='bbox 1005 865 1077 892; x_wconf 85' lang='lat' dir='ltr'><strong>erat,</strong></span> <span class='ocrx_word' id='word_1_326' title='bbox 1095 862 1123 888; x_wconf 90' lang='lat' dir='ltr'><strong>in</strong></span> <span class='ocrx_word' id='word_1_327' title='bbox 1136 868 1223 895; x_wconf 88' lang='lat' dir='ltr'><strong>eaque</strong></span> <span class='ocrx_word' id='word_1_328' title='bbox 1244 860 1378 896; x_wconf 86' lang='lat' dir='ltr'><strong>Apollinis</strong></span> <span class='ocrx_word' id='word_1_329' title='bbox 1396 860 1537 894; x_wconf 84' lang='lat' dir='ltr'><strong>templum,</strong></span> <span class='ocrx_word' id='word_1_330' title='bbox 1558 859 1668 886; x_wconf 90' lang='lat' dir='ltr'><strong>nomine</strong></span> <span class='ocrx_word' id='word_1_331' title='bbox 1688 857 1784 898; x_wconf 72' lang='lat' dir='ltr'><strong>Pytho.</strong></span> 
     </span>
    </p>
   </div>
   <div class='ocr_carea' id='block_1_47' title="bbox 967 896 1786 941">
    <p class='ocr_par' dir='ltr' id='par_1_47' title="bbox 967 896 1786 941">
     <span class='ocr_line' id='line_1_47' title="bbox 967 896 1786 941; baseline -0.004 -7"><span class='ocrx_word' id='word_1_332' title='bbox 967 896 988 923; x_wconf 75' lang='grc' dir='ltr'>Β</span> <span class='ocrx_word' id='word_1_333' title='bbox 1002 907 1032 934; x_wconf 94' lang='lat' dir='ltr'><strong>ln</strong></span> <span class='ocrx_word' id='word_1_334' title='bbox 1048 907 1101 934; x_wconf 93' lang='lat' dir='ltr'><strong>hoc</strong></span> <span class='ocrx_word' id='word_1_335' title='bbox 1116 913 1198 941; x_wconf 85' lang='lat' dir='ltr'><strong>porro</strong></span> <span class='ocrx_word' id='word_1_336' title='bbox 1213 906 1314 940; x_wconf 90' lang='lat' dir='ltr'><strong>templo</strong></span> <span class='ocrx_word' id='word_1_337' title='bbox 1333 906 1423 940; x_wconf 87' lang='lat' dir='ltr'><strong>tripus</strong></span> <span class='ocrx_word' id='word_1_338' title='bbox 1439 910 1508 939; x_wconf 81' lang='lat' dir='ltr'><strong>erat,</strong></span> <span class='ocrx_word' id='word_1_339' title='bbox 1527 905 1681 940; x_wconf 72' lang='lat' dir='ltr'><strong>calculique</strong></span> <span class='ocrx_word' id='word_1_340' title='bbox 1692 896 1786 932; x_wconf 76' lang='lat' dir='ltr'><strong>vatici-</strong></span> 
     </span>
    </p>
   </div>
   <div class='ocr_carea' id='block_1_48' title="bbox 1002 951 1786 988">
    <p class='ocr_par' dir='ltr' id='par_1_48' title="bbox 1002 951 1786 988">
     <span class='ocr_line' id='line_1_48' title="bbox 1002 951 1786 988; baseline -0.003 -8"><span class='ocrx_word' id='word_1_341' title='bbox 1002 953 1039 980; x_wconf 90' lang='lat' dir='ltr'><strong>nii</strong></span> <span class='ocrx_word' id='word_1_342' title='bbox 1055 953 1082 980; x_wconf 91' lang='lat' dir='ltr'><strong>in</strong></span> <span class='ocrx_word' id='word_1_343' title='bbox 1103 952 1219 987; x_wconf 88' lang='lat' dir='ltr'><strong>tripodis</strong></span> <span class='ocrx_word' id='word_1_344' title='bbox 1244 953 1346 987; x_wconf 89' lang='lat' dir='ltr'><strong>phiala.</strong></span> <span class='ocrx_word' id='word_1_345' title='bbox 1369 952 1437 980; x_wconf 91' lang='lat' dir='ltr'><strong>Cum</strong></span> <span class='ocrx_word' id='word_1_346' title='bbox 1456 960 1520 988; x_wconf 76' lang='lat' dir='ltr'><strong>ergo</strong></span> <span class='ocrx_word' id='word_1_347' title='bbox 1537 952 1560 980; x_wconf 90' lang='lat' dir='ltr'><strong>is</strong></span> <span class='ocrx_word' id='word_1_348' title='bbox 1575 952 1622 987; x_wconf 93' lang='lat' dir='ltr'><strong>qui</strong></span> <span class='ocrx_word' id='word_1_349' title='bbox 1641 951 1786 978; x_wconf 80' lang='lat' dir='ltr'><strong>oraculum</strong></span> 
     </span>
    </p>
   </div>
   <div class='ocr_carea' id='block_1_49' title="bbox 1002 998 1786 1034">
    <p class='ocr_par' dir='ltr' id='par_1_49' title="bbox 1002 998 1786 1034">
     <span class='ocr_line' id='line_1_49' title="bbox 1002 998 1786 1034; baseline -0.003 -8"><span class='ocrx_word' id='word_1_350' title='bbox 1002 999 1104 1030; x_wconf 81' lang='lat' dir='ltr'><strong>adibat,</strong></span> <span class='ocrx_word' id='word_1_351' title='bbox 1121 1006 1282 1033; x_wconf 85' lang='lat' dir='ltr'><strong>responsum</strong></span> <span class='ocrx_word' id='word_1_352' title='bbox 1301 999 1420 1033; x_wconf 78' lang='lat' dir='ltr'><strong>petebat,</strong></span> <span class='ocrx_word' id='word_1_353' title='bbox 1438 999 1535 1026; x_wconf 89' lang='lat' dir='ltr'><strong>calculi</strong></span> <span class='ocrx_word' id='word_1_354' title='bbox 1559 998 1738 1034; x_wconf 86' lang='lat' dir='ltr'><strong>prosiliebant</strong></span> <span class='ocrx_word' id='word_1_355' title='bbox 1754 1004 1786 1024; x_wconf 88' lang='lat' dir='ltr'><strong>ac</strong></span> 
     </span>
    </p>
   </div>
   <div class='ocr_carea' id='block_1_50' title="bbox 1002 1041 1785 1078">
    <p class='ocr_par' dir='ltr' id='par_1_50' title="bbox 1002 1041 1785 1078">
     <span class='ocr_line' id='line_1_50' title="bbox 1002 1041 1785 1078; baseline -0.005 -7"><span class='ocrx_word' id='word_1_356' title='bbox 1002 1045 1179 1071; x_wconf 78' lang='lat' dir='ltr'><strong>movebantur</strong></span> <span class='ocrx_word' id='word_1_357' title='bbox 1196 1052 1202 1070; x_wconf 87' lang='lat'><strong><em>:</em></strong></span> <span class='ocrx_word' id='word_1_358' title='bbox 1221 1051 1251 1070; x_wconf 85' lang='lat' dir='ltr'><strong>ae</strong></span> <span class='ocrx_word' id='word_1_359' title='bbox 1274 1047 1331 1070; x_wconf 88' lang='lat' dir='ltr'><strong>tum</strong></span> <span class='ocrx_word' id='word_1_360' title='bbox 1358 1043 1543 1078; x_wconf 84' lang='lat' dir='ltr'><strong>prophetissa,</strong></span> <span class='ocrx_word' id='word_1_361' title='bbox 1558 1050 1639 1078; x_wconf 91' lang='lat' dir='ltr'><strong>quam</strong></span> <span class='ocrx_word' id='word_1_362' title='bbox 1660 1041 1785 1077; x_wconf 82' lang='lat' dir='ltr'><strong>Pythiam</strong></span> 
     </span>
    </p>
   </div>
   <div class='ocr_carea' id='block_1_51' title="bbox 1001 1088 1786 1124">
    <p class='ocr_par' dir='ltr' id='par_1_51' title="bbox 1001 1088 1786 1124">
     <span class='ocr_line' id='line_1_51' title="bbox 1001 1088 1786 1124; baseline -0.005 -6"><span class='ocrx_word' id='word_1_363' title='bbox 1001 1091 1170 1118; x_wconf 87' lang='lat' dir='ltr'><strong>sacerdotem</strong></span> <span class='ocrx_word' id='word_1_364' title='bbox 1187 1089 1332 1121; x_wconf 84' lang='lat' dir='ltr'><strong>vocabant.</strong></span> <span class='ocrx_word' id='word_1_365' title='bbox 1352 1089 1464 1116; x_wconf 90' lang='lat' dir='ltr'><strong>numine</strong></span> <span class='ocrx_word' id='word_1_366' title='bbox 1479 1089 1653 1124; x_wconf 85' lang='lat' dir='ltr'><strong>implebatur,</strong></span> <span class='ocrx_word' id='word_1_367' title='bbox 1665 1088 1786 1115; x_wconf 86' lang='lat' dir='ltr'><strong>dicebat-</strong></span> 
     </span>
    </p>
   </div>
   <div class='ocr_carea' id='block_1_52' title="bbox 1001 1134 1787 1171">
    <p class='ocr_par' dir='ltr' id='par_1_52' title="bbox 1001 1134 1787 1171">
     <span class='ocr_line' id='line_1_52' title="bbox 1001 1134 1787 1171; baseline -0.004 -8"><span class='ocrx_word' id='word_1_368' title='bbox 1001 1144 1054 1171; x_wconf 89' lang='lat' dir='ltr'><strong>que</strong></span> <span class='ocrx_word' id='word_1_369' title='bbox 1071 1136 1205 1170; x_wconf 80' lang='lat' dir='ltr'><strong>quidquid</strong></span> <span class='ocrx_word' id='word_1_370' title='bbox 1220 1135 1338 1171; x_wconf 79' lang='lat' dir='ltr'><strong>Apollini</strong></span> <span class='ocrx_word' id='word_1_371' title='bbox 1351 1135 1531 1162; x_wconf 87' lang='lat' dir='ltr'><strong>collibuisset.</strong></span> <span class='ocrx_word' id='word_1_372' title='bbox 1550 1135 1628 1167; x_wconf 86' lang='lat' dir='ltr'><strong>Quod</strong></span> <span class='ocrx_word' id='word_1_373' title='bbox 1650 1134 1722 1162; x_wconf 89' lang='lat' dir='ltr'><strong>enim</strong></span> <span class='ocrx_word' id='word_1_374' title='bbox 1736 1135 1787 1160; x_wconf 84' lang='lat' dir='ltr'><strong>hoc</strong></span> 
     </span>
    </p>
   </div>
   <div class='ocr_carea' id='block_1_53' title="bbox 1001 1179 1787 1217">
    <p class='ocr_par' dir='ltr' id='par_1_53' title="bbox 1001 1179 1787 1217">
     <span class='ocr_line' id='line_1_53' title="bbox 1001 1179 1787 1217; baseline -0.004 -8"><span class='ocrx_word' id='word_1_375' title='bbox 1001 1183 1061 1209; x_wconf 90' lang='lat' dir='ltr'><strong>loco</strong></span> <span class='ocrx_word' id='word_1_376' title='bbox 1077 1182 1226 1217; x_wconf 81' lang='lat' dir='ltr'><strong>Gregorius</strong></span> <span class='ocrx_word' id='word_1_377' title='bbox 1243 1189 1302 1209; x_wconf 88' lang='lat' dir='ltr'><strong>eam</strong></span> <span class='ocrx_word' id='word_1_378' title='bbox 1319 1181 1426 1216; x_wconf 90' lang='lat' dir='ltr'><strong>impleri</strong></span> <span class='ocrx_word' id='word_1_379' title='bbox 1440 1182 1488 1213; x_wconf 88' lang='lat' dir='ltr'><strong>ait,</strong></span> <span class='ocrx_word' id='word_1_380' title='bbox 1503 1180 1573 1208; x_wconf 84' lang='lat' dir='ltr'><strong>idem</strong></span> <span class='ocrx_word' id='word_1_381' title='bbox 1591 1185 1634 1208; x_wconf 88' lang='lat' dir='ltr'><strong>est</strong></span> <span class='ocrx_word' id='word_1_382' title='bbox 1649 1179 1720 1216; x_wconf 88' lang='lat' dir='ltr'><strong>quod</strong></span> <span class='ocrx_word' id='word_1_383' title='bbox 1737 1188 1787 1206; x_wconf 90' lang='lat' dir='ltr'><strong>nu-</strong></span> 
     </span>
    </p>
   </div>
   <div class='ocr_carea' id='block_1_54' title="bbox 1001 1227 1187 1255">
    <p class='ocr_par' dir='ltr' id='par_1_54' title="bbox 1001 1227 1187 1255">
     <span class='ocr_line' id='line_1_54' title="bbox 1001 1227 1187 1255; baseline 0.005 -1"><span class='ocrx_word' id='word_1_384' title='bbox 1001 1229 1075 1255; x_wconf 87' lang='lat' dir='ltr'><strong>mine</strong></span> <span class='ocrx_word' id='word_1_385' title='bbox 1089 1227 1187 1255; x_wconf 70' lang='lat' dir='ltr'><strong>afﬂari.</strong></span> 
     </span>
    </p>
   </div>
   <div class='ocr_carea' id='block_1_55' title="bbox 1270 1326 1515 1355">
    <p class='ocr_par' dir='ltr' id='par_1_55' title="bbox 1270 1326 1515 1355">
     <span class='ocr_line' id='line_1_55' title="bbox 1270 1326 1515 1355; baseline -0.008 0"><span class='ocrx_word' id='word_1_386' title='bbox 1270 1328 1314 1355; x_wconf 75' lang='lat'><strong>21.</strong></span> <span class='ocrx_word' id='word_1_387' title='bbox 1334 1327 1371 1354; x_wconf 88' lang='lat' dir='ltr'><strong>De</strong></span> <span class='ocrx_word' id='word_1_388' title='bbox 1384 1326 1515 1354; x_wconf 73' lang='lat' dir='ltr'><strong>Castalia.</strong></span> 
     </span>
    </p>
   </div>
   <div class='ocr_carea' id='block_1_56' title="bbox 1035 1371 1785 1406">
    <p class='ocr_par' dir='ltr' id='par_1_56' title="bbox 1035 1371 1785 1406">
     <span class='ocr_line' id='line_1_56' title="bbox 1035 1371 1785 1406; baseline -0.008 -3"><span class='ocrx_word' id='word_1_389' title='bbox 1035 1375 1152 1403; x_wconf 87' lang='lat' dir='ltr'><strong>Castalia</strong></span> <span class='ocrx_word' id='word_1_390' title='bbox 1177 1374 1238 1402; x_wconf 85' lang='lat' dir='ltr'><strong>fons</strong></span> <span class='ocrx_word' id='word_1_391' title='bbox 1260 1378 1319 1401; x_wconf 88' lang='lat' dir='ltr'><strong>erat</strong></span> <span class='ocrx_word' id='word_1_392' title='bbox 1336 1374 1363 1400; x_wconf 94' lang='lat' dir='ltr'><strong>in</strong></span> <span class='ocrx_word' id='word_1_393' title='bbox 1385 1373 1540 1405; x_wconf 86' lang='lat' dir='ltr'><strong>Antiochia,</strong></span> <span class='ocrx_word' id='word_1_394' title='bbox 1566 1372 1610 1398; x_wconf 90' lang='lat' dir='ltr'><strong>cui</strong></span> <span class='ocrx_word' id='word_1_395' title='bbox 1632 1371 1785 1406; x_wconf 84' lang='lat' dir='ltr'><strong>Apollinem</strong></span> 
     </span>
    </p>
   </div>
   <div class='ocr_carea' id='block_1_57' title="bbox 1001 1416 1787 1452">
    <p class='ocr_par' dir='ltr' id='par_1_57' title="bbox 1001 1416 1787 1452">
     <span class='ocr_line' id='line_1_57' title="bbox 1001 1416 1787 1452; baseline -0.009 -3"><span class='ocrx_word' id='word_1_396' title='bbox 1001 1421 1124 1449; x_wconf 82' lang='lat' dir='ltr'><strong>assidere</strong></span> <span class='ocrx_word' id='word_1_397' title='bbox 1140 1423 1247 1448; x_wconf 89' lang='lat' dir='ltr'><strong>veteres</strong></span> <span class='ocrx_word' id='word_1_398' title='bbox 1259 1419 1398 1449; x_wconf 86' lang='lat' dir='ltr'><strong>dicebant,</strong></span> <span class='ocrx_word' id='word_1_399' title='bbox 1419 1422 1499 1452; x_wconf 89' lang='lat' dir='ltr'><strong>atque</strong></span> <span class='ocrx_word' id='word_1_400' title='bbox 1515 1417 1625 1443; x_wconf 89' lang='lat' dir='ltr'><strong>oracula</strong></span> <span class='ocrx_word' id='word_1_401' title='bbox 1639 1416 1672 1443; x_wconf 87' lang='lat' dir='ltr'><strong>ad</strong></span> <span class='ocrx_word' id='word_1_402' title='bbox 1688 1423 1787 1451; x_wconf 87' lang='lat' dir='ltr'><strong>aquam</strong></span> 
     </span>
    </p>
   </div>
   <div class='ocr_carea' id='block_1_58' title="bbox 1000 1462 1787 1501">
    <p class='ocr_par' dir='ltr' id='par_1_58' title="bbox 1000 1462 1787 1501">
     <span class='ocr_line' id='line_1_58' title="bbox 1000 1462 1787 1501; baseline -0.01 -5"><span class='ocrx_word' id='word_1_403' title='bbox 1000 1468 1090 1495; x_wconf 86' lang='lat' dir='ltr'><strong>edere.</strong></span> <span class='ocrx_word' id='word_1_404' title='bbox 1107 1467 1230 1501; x_wconf 83' lang='lat' dir='ltr'><strong>Cumque</strong></span> <span class='ocrx_word' id='word_1_405' title='bbox 1243 1472 1276 1492; x_wconf 90' lang='lat' dir='ltr'><strong>eo</strong></span> <span class='ocrx_word' id='word_1_406' title='bbox 1285 1464 1395 1500; x_wconf 92' lang='lat' dir='ltr'><strong>quidam</strong></span> <span class='ocrx_word' id='word_1_407' title='bbox 1411 1464 1516 1491; x_wconf 88' lang='lat' dir='ltr'><strong>oraculi</strong></span> <span class='ocrx_word' id='word_1_408' title='bbox 1529 1462 1691 1490; x_wconf 89' lang='lat' dir='ltr'><strong>consulendi</strong></span> <span class='ocrx_word' id='word_1_409' title='bbox 1704 1469 1787 1489; x_wconf 77' lang='lat' dir='ltr'><strong>causa</strong></span> 
     </span>
    </p>
   </div>
   <div class='ocr_carea' id='block_1_59' title="bbox 1001 1507 1787 1545">
    <p class='ocr_par' dir='ltr' id='par_1_59' title="bbox 1001 1507 1787 1545">
     <span class='ocr_line' id='line_1_59' title="bbox 1001 1507 1787 1545; baseline -0.006 -4"><span class='ocrx_word' id='word_1_410' title='bbox 1001 1521 1030 1541; x_wconf 91' lang='lat' dir='ltr'><strong>se</strong></span> <span class='ocrx_word' id='word_1_411' title='bbox 1045 1512 1235 1543; x_wconf 84' lang='lat' dir='ltr'><strong>conterebant,</strong></span> <span class='ocrx_word' id='word_1_412' title='bbox 1249 1519 1318 1545; x_wconf 75' lang='lat' dir='ltr'><strong>aqua</strong></span> <span class='ocrx_word' id='word_1_413' title='bbox 1336 1511 1391 1543; x_wconf 85' lang='lat' dir='ltr'><strong>illa,</strong></span> <span class='ocrx_word' id='word_1_414' title='bbox 1407 1516 1437 1538; x_wconf 90' lang='lat' dir='ltr'><strong>ut</strong></span> <span class='ocrx_word' id='word_1_415' title='bbox 1452 1510 1553 1542; x_wconf 82' lang='lat' dir='ltr'><strong>terunt,</strong></span> <span class='ocrx_word' id='word_1_416' title='bbox 1571 1516 1652 1536; x_wconf 89' lang='lat' dir='ltr'><strong>auras</strong></span> <span class='ocrx_word' id='word_1_417' title='bbox 1665 1513 1692 1536; x_wconf 87' lang='lat' dir='ltr'><strong>et</strong></span> <span class='ocrx_word' id='word_1_418' title='bbox 1707 1507 1787 1536; x_wconf 82' lang='lat' dir='ltr'><strong>ﬂatus</strong></span> 
     </span>
    </p>
   </div>
   <div class='ocr_carea' id='block_1_60' title="bbox 161 1551 963 1593">
    <p class='ocr_par' dir='ltr' id='par_1_60' title="bbox 161 1551 952 1592">
     <span class='ocr_line' id='line_1_60' title="bbox 161 1551 952 1592; baseline 0.011 -15"><span class='ocrx_word' id='word_1_419' title='bbox 161 1551 247 1587; x_wconf 72' lang='grc' dir='ltr'>αὔρας</span> <span class='ocrx_word' id='word_1_420' title='bbox 258 1553 334 1585; x_wconf 82' lang='grc' dir='ltr'>τινὰς</span> <span class='ocrx_word' id='word_1_421' title='bbox 348 1555 394 1580; x_wconf 79' lang='grc' dir='ltr'>καὶ</span> <span class='ocrx_word' id='word_1_422' title='bbox 410 1555 495 1587; x_wconf 86' lang='grc' dir='ltr'>πνοὰς</span> <span class='ocrx_word' id='word_1_423' title='bbox 505 1556 535 1582; x_wconf 84' lang='grc' dir='ltr'>τὸ</span> <span class='ocrx_word' id='word_1_424' title='bbox 543 1556 614 1592; x_wconf 77' lang='grc' dir='ltr'>ὕδωρ</span> <span class='ocrx_word' id='word_1_425' title='bbox 626 1557 756 1589; x_wconf 77' lang='grc' dir='ltr'>ἀνεδίδου,</span> <span class='ocrx_word' id='word_1_426' title='bbox 771 1559 816 1585; x_wconf 76' lang='grc' dir='ltr'><strong>καὶ</strong></span> <span class='ocrx_word' id='word_1_427' title='bbox 833 1559 952 1586; x_wconf 59' lang='grc' dir='ltr'>ἀναδιδοα</span> 
     </span>
    </p>
   </div>
   <div class='ocr_carea' id='block_1_61' title="bbox 1001 1551 1788 1593">
    <p class='ocr_par' dir='ltr' id='par_1_61' title="bbox 1003 1554 1788 1593">
     <span class='ocr_line' id='line_1_61' title="bbox 1003 1554 1788 1593; baseline -0.006 -7"><span class='ocrx_word' id='word_1_428' title='bbox 1003 1559 1146 1586; x_wconf 86' lang='lat' dir='ltr'><strong>emittebat</strong></span> <span class='ocrx_word' id='word_1_429' title='bbox 1166 1567 1171 1584; x_wconf 86' lang='lat'><strong>:</strong></span> <span class='ocrx_word' id='word_1_430' title='bbox 1194 1565 1225 1584; x_wconf 86' lang='lat' dir='ltr'><strong>ac</strong></span> <span class='ocrx_word' id='word_1_431' title='bbox 1243 1562 1308 1593; x_wconf 76' lang='lat' dir='ltr'><strong>tum</strong></span> <span class='ocrx_word' id='word_1_432' title='bbox 1331 1556 1498 1588; x_wconf 87' lang='lat' dir='ltr'><strong>sacerdotes,</strong></span> <span class='ocrx_word' id='word_1_433' title='bbox 1523 1556 1571 1591; x_wconf 87' lang='lat' dir='ltr'><strong>qui</strong></span> <span class='ocrx_word' id='word_1_434' title='bbox 1587 1555 1661 1583; x_wconf 89' lang='lat' dir='ltr'><strong>circa</strong></span> <span class='ocrx_word' id='word_1_435' title='bbox 1684 1554 1788 1582; x_wconf 81' lang='lat' dir='ltr'><strong>fontem</strong></span> 
     </span>
    </p>
   </div>
   <div class='ocr_carea' id='block_1_62' title="bbox 163 1598 950 1641">
    <p class='ocr_par' dir='ltr' id='par_1_62' title="bbox 163 1598 950 1641">
     <span class='ocr_line' id='line_1_62' title="bbox 163 1598 950 1641; baseline 0.009 -16"><span class='ocrx_word' id='word_1_436' title='bbox 163 1598 251 1632; x_wconf 86' lang='grc' dir='ltr'>μένων</span> <span class='ocrx_word' id='word_1_437' title='bbox 265 1600 319 1626; x_wconf 84' lang='grc' dir='ltr'>τῶν</span> <span class='ocrx_word' id='word_1_438' title='bbox 329 1601 458 1628; x_wconf 76' lang='grc' dir='ltr'>τοιούτων</span> <span class='ocrx_word' id='word_1_439' title='bbox 473 1604 645 1638; x_wconf 75' lang='grc' dir='ltr'>πνευμάτων,</span> <span class='ocrx_word' id='word_1_440' title='bbox 655 1605 679 1630; x_wconf 90' lang='grc' dir='ltr'><strong>οί</strong></span> <span class='ocrx_word' id='word_1_441' title='bbox 695 1604 777 1640; x_wconf 79' lang='grc' dir='ltr'>ἱερεῖς</span> <span class='ocrx_word' id='word_1_442' title='bbox 792 1606 816 1631; x_wconf 81' lang='grc' dir='ltr'>οἱ</span> <span class='ocrx_word' id='word_1_443' title='bbox 828 1606 891 1641; x_wconf 76' lang='grc' dir='ltr'>περὶ</span> <span class='ocrx_word' id='word_1_444' title='bbox 902 1606 950 1641; x_wconf 81' lang='grc' dir='ltr'>τὴν</span> 
     </span>
    </p>
   </div>
   <div class='ocr_carea' id='block_1_63' title="bbox 162 1645 864 1686">
    <p class='ocr_par' dir='ltr' id='par_1_63' title="bbox 162 1645 864 1686">
     <span class='ocr_line' id='line_1_63' title="bbox 162 1645 864 1686; baseline 0.01 -16"><span class='ocrx_word' id='word_1_445' title='bbox 162 1645 252 1680; x_wconf 81' lang='grc' dir='ltr'>πηγὴν</span> <span class='ocrx_word' id='word_1_446' title='bbox 265 1645 454 1679; x_wconf 73' lang='grc' dir='ltr'>ἐνθουσιῶντες</span> <span class='ocrx_word' id='word_1_447' title='bbox 465 1647 566 1682; x_wconf 74' lang='grc' dir='ltr'>ἔλεγον,</span> <span class='ocrx_word' id='word_1_448' title='bbox 582 1648 600 1675; x_wconf 78' lang='grc' dir='ltr'><strong>ἃ.</strong></span> <span class='ocrx_word' id='word_1_449' title='bbox 616 1649 711 1684; x_wconf 76' lang='grc' dir='ltr'>ἤθελεν</span> <span class='ocrx_word' id='word_1_450' title='bbox 723 1651 737 1676; x_wconf 84' lang='grc' dir='ltr'><strong>ὀ</strong></span> <span class='ocrx_word' id='word_1_451' title='bbox 751 1650 864 1686; x_wconf 86' lang='grc' dir='ltr'>δαίμων.</span> 
     </span>
    </p>
   </div>
   <div class='ocr_carea' id='block_1_64' title="bbox 272 1701 844 1739">
    <p class='ocr_par' dir='ltr' id='par_1_64' title="bbox 272 1701 844 1739">
     <span class='ocr_line' id='line_1_64' title="bbox 272 1701 844 1739; baseline 0.009 -12"><span class='ocrx_word' id='word_1_452' title='bbox 272 1701 324 1736; x_wconf 80' lang='grc' dir='ltr'>κβ’.</span> <span class='ocrx_word' id='word_1_453' title='bbox 343 1702 412 1736; x_wconf 78' lang='grc' dir='ltr'>Περὶ</span> <span class='ocrx_word' id='word_1_454' title='bbox 433 1703 486 1729; x_wconf 85' lang='grc' dir='ltr'>τοῦ</span> <span class='ocrx_word' id='word_1_455' title='bbox 508 1704 695 1737; x_wconf 72' lang='grc' dir='ltr'>Ἀπόλλωνος</span> <span class='ocrx_word' id='word_1_456' title='bbox 713 1705 844 1739; x_wconf 71' lang='grc' dir='ltr'>ἀφώνου.</span> 
     </span>
    </p>
   </div>
   <div class='ocr_carea' id='block_1_65' title="bbox 196 1747 952 1785">
    <p class='ocr_par' dir='ltr' id='par_1_65' title="bbox 196 1747 952 1785">
     <span class='ocr_line' id='line_1_65' title="bbox 196 1747 952 1785; baseline 0.008 -13"><span class='ocrx_word' id='word_1_457' title='bbox 196 1747 263 1782; x_wconf 73' lang='grc' dir='ltr'>Περὶ</span> <span class='ocrx_word' id='word_1_458' title='bbox 281 1747 375 1774; x_wconf 78' lang='grc' dir='ltr'>τούτου</span> <span class='ocrx_word' id='word_1_459' title='bbox 396 1749 486 1775; x_wconf 75' lang='grc' dir='ltr'>τοίνυν</span> <span class='ocrx_word' id='word_1_460' title='bbox 507 1749 552 1775; x_wconf 83' lang='grc' dir='ltr'>τοῦ</span> <span class='ocrx_word' id='word_1_461' title='bbox 569 1749 724 1785; x_wconf 75' lang='grc' dir='ltr'>ἀνδριάντος</span> <span class='ocrx_word' id='word_1_462' title='bbox 744 1750 799 1777; x_wconf 73' lang='grc' dir='ltr'>ποῦ</span> <span class='ocrx_word' id='word_1_463' title='bbox 811 1760 840 1778; x_wconf 84' lang='grc' dir='ltr'><strong>τε</strong></span> <span class='ocrx_word' id='word_1_464' title='bbox 860 1752 952 1778; x_wconf 80' lang='grc' dir='ltr'>ἵστατο</span> 
     </span>
    </p>
   </div>
   <div class='ocr_carea' id='block_1_66' title="bbox 163 1793 951 1832">
    <p class='ocr_par' dir='ltr' id='par_1_66' title="bbox 163 1793 951 1832">
     <span class='ocr_line' id='line_1_66' title="bbox 163 1793 951 1832; baseline 0.008 -13"><span class='ocrx_word' id='word_1_465' title='bbox 163 1793 209 1819; x_wconf 80' lang='grc' dir='ltr'>καὶ</span> <span class='ocrx_word' id='word_1_466' title='bbox 225 1793 284 1825; x_wconf 84' lang='grc' dir='ltr'><strong>πῶς</strong></span> <span class='ocrx_word' id='word_1_467' title='bbox 300 1794 458 1829; x_wconf 75' lang='grc' dir='ltr'>ἐφθέγγετο,</span> <span class='ocrx_word' id='word_1_468' title='bbox 478 1796 558 1830; x_wconf 82' lang='grc' dir='ltr'>ἡμεῖς</span> <span class='ocrx_word' id='word_1_469' title='bbox 577 1796 626 1830; x_wconf 76' lang='grc' dir='ltr'>οὐχ</span> <span class='ocrx_word' id='word_1_470' title='bbox 650 1798 841 1832; x_wconf 80' lang='grc' dir='ltr'>ἱστορήσαμεν.</span> <span class='ocrx_word' id='word_1_471' title='bbox 860 1799 906 1824; x_wconf 82' lang='grc' dir='ltr'>Δεῖ</span> <span class='ocrx_word' id='word_1_472' title='bbox 923 1799 951 1825; x_wconf 77' lang='grc' dir='ltr'>δὲ</span> 
     </span>
    </p>
   </div>
   <div class='ocr_carea' id='block_1_67' title="bbox 164 1838 951 1876">
    <p class='ocr_par' dir='ltr' id='par_1_67' title="bbox 164 1838 951 1876">
     <span class='ocr_line' id='line_1_67' title="bbox 164 1838 951 1876; baseline 0.008 -12"><span class='ocrx_word' id='word_1_473' title='bbox 164 1838 283 1874; x_wconf 84' lang='grc' dir='ltr'>νομιζειν</span> <span class='ocrx_word' id='word_1_474' title='bbox 301 1838 370 1867; x_wconf 72' lang='grc' dir='ltr'>εἶναι</span> <span class='ocrx_word' id='word_1_475' title='bbox 390 1841 436 1867; x_wconf 85' lang='grc' dir='ltr'>τὸν</span> <span class='ocrx_word' id='word_1_476' title='bbox 453 1842 599 1876; x_wconf 80' lang='grc' dir='ltr'>ἀνδριάντα</span> <span class='ocrx_word' id='word_1_477' title='bbox 618 1843 646 1869; x_wconf 76' lang='grc' dir='ltr'>ἐν</span> <span class='ocrx_word' id='word_1_478' title='bbox 669 1843 788 1876; x_wconf 79' lang='grc' dir='ltr'>Δελφοῖς,</span> <span class='ocrx_word' id='word_1_479' title='bbox 807 1844 853 1870; x_wconf 70' lang='grc' dir='ltr'>καὶ</span> <span class='ocrx_word' id='word_1_480' title='bbox 870 1845 951 1870; x_wconf 74' lang='grc' dir='ltr'>αὐτὸν</span> 
     </span>
    </p>
   </div>
   <div class='ocr_carea' id='block_1_68' title="bbox 163 1886 949 1926">
    <p class='ocr_par' dir='ltr' id='par_1_68' title="bbox 163 1886 949 1926">
     <span class='ocr_line' id='line_1_68' title="bbox 163 1886 949 1926; baseline 0.011 -15"><span class='ocrx_word' id='word_1_481' title='bbox 163 1886 254 1921; x_wconf 74' lang='grc' dir='ltr'>φωνὴν</span> <span class='ocrx_word' id='word_1_482' title='bbox 281 1886 416 1922; x_wconf 86' lang='grc' dir='ltr'>ἄναρθρον</span> <span class='ocrx_word' id='word_1_483' title='bbox 442 1887 651 1922; x_wconf 82' lang='grc' dir='ltr'>ἀποπέμποντα.</span> <span class='ocrx_word' id='word_1_484' title='bbox 672 1889 778 1916; x_wconf 80' lang='grc' dir='ltr'>Ειδέναι</span> <span class='ocrx_word' id='word_1_485' title='bbox 797 1890 851 1925; x_wconf 86' lang='grc' dir='ltr'><strong>γὰρ</strong></span> <span class='ocrx_word' id='word_1_486' title='bbox 880 1889 949 1926; x_wconf 79' lang='grc' dir='ltr'>χρὴ.</span> 
     </span>
    </p>
   </div>
   <div class='ocr_carea' id='block_1_69' title="bbox 163 1932 951 1972">
    <p class='ocr_par' dir='ltr' id='par_1_69' title="bbox 163 1932 951 1972">
     <span class='ocr_line' id='line_1_69' title="bbox 163 1932 951 1972; baseline 0.006 -14"><span class='ocrx_word' id='word_1_487' title='bbox 163 1932 203 1958; x_wconf 69' lang='grc' dir='ltr'><strong>δτι</strong></span> <span class='ocrx_word' id='word_1_488' title='bbox 220 1933 247 1958; x_wconf 89' lang='grc' dir='ltr'>αἱ</span> <span class='ocrx_word' id='word_1_489' title='bbox 263 1932 317 1958; x_wconf 85' lang='grc' dir='ltr'>τῶν</span> <span class='ocrx_word' id='word_1_490' title='bbox 338 1933 472 1968; x_wconf 77' lang='grc' dir='ltr'>δαιμόνων</span> <span class='ocrx_word' id='word_1_491' title='bbox 488 1935 574 1967; x_wconf 84' lang='grc' dir='ltr'>φωναὶ</span> <span class='ocrx_word' id='word_1_492' title='bbox 594 1934 723 1970; x_wconf 74' lang='grc' dir='ltr'>ἄναρθροι</span> <span class='ocrx_word' id='word_1_493' title='bbox 745 1937 797 1962; x_wconf 77' lang='grc' dir='ltr'>εἰσι</span> <span class='ocrx_word' id='word_1_494' title='bbox 811 1936 854 1962; x_wconf 77' lang='grc' dir='ltr'><strong>διὰ</strong></span> <span class='ocrx_word' id='word_1_495' title='bbox 869 1937 900 1963; x_wconf 76' lang='grc' dir='ltr'>τὸ</span> <span class='ocrx_word' id='word_1_496' title='bbox 914 1937 951 1972; x_wconf 83' lang='grc' dir='ltr'>μὴ</span> 
     </span>
    </p>
   </div>
   <div class='ocr_carea' id='block_1_70' title="bbox 164 1976 952 2017">
    <p class='ocr_par' dir='ltr' id='par_1_70' title="bbox 164 1976 952 2017">
     <span class='ocr_line' id='line_1_70' title="bbox 164 1976 952 2017; baseline 0.008 -14"><span class='ocrx_word' id='word_1_497' title='bbox 164 1976 234 2011; x_wconf 73' lang='grc' dir='ltr'>ἔχειν</span> <span class='ocrx_word' id='word_1_498' title='bbox 255 1977 358 2013; x_wconf 76' lang='grc' dir='ltr'>ὄργανα</span> <span class='ocrx_word' id='word_1_499' title='bbox 374 1979 530 2014; x_wconf 75' lang='grc' dir='ltr'>φιονητικὰ,</span> <span class='ocrx_word' id='word_1_500' title='bbox 544 1980 616 2012; x_wconf 78' lang='grc' dir='ltr'>ὅπως</span> <span class='ocrx_word' id='word_1_501' title='bbox 637 1980 827 2008; x_wconf 86' lang='grc' dir='ltr'>διατυπώσωσι</span> <span class='ocrx_word' id='word_1_502' title='bbox 844 1982 892 2017; x_wconf 83' lang='grc' dir='ltr'>τὴν</span> <span class='ocrx_word' id='word_1_503' title='bbox 910 1982 952 2015; x_wconf 44' lang='grc' dir='ltr'><strong>ἐξ-</strong></span> 
     </span>
    </p>
   </div>
   <div class='ocr_carea' id='block_1_71' title="bbox 165 2024 428 2060">
    <p class='ocr_par' dir='ltr' id='par_1_71' title="bbox 165 2024 428 2060">
     <span class='ocr_line' id='line_1_71' title="bbox 165 2024 428 2060; baseline 0.011 -12"><span class='ocrx_word' id='word_1_504' title='bbox 165 2024 313 2059; x_wconf 80' lang='grc' dir='ltr'>ερχομένην</span> <span class='ocrx_word' id='word_1_505' title='bbox 326 2026 428 2060; x_wconf 83' lang='grc' dir='ltr'>φωνήν.</span> 
     </span>
    </p>
   </div>
   <div class='ocr_carea' id='block_1_72' title="bbox 371 2081 742 2118">
    <p class='ocr_par' dir='ltr' id='par_1_72' title="bbox 371 2081 742 2118">
     <span class='ocr_line' id='line_1_72' title="bbox 371 2081 742 2118; baseline 0.008 -11"><span class='ocrx_word' id='word_1_506' title='bbox 371 2081 423 2115; x_wconf 86' lang='grc' dir='ltr'>κγ’.</span> <span class='ocrx_word' id='word_1_507' title='bbox 447 2082 515 2115; x_wconf 83' lang='grc' dir='ltr'>Περὶ</span> <span class='ocrx_word' id='word_1_508' title='bbox 537 2081 591 2115; x_wconf 80' lang='grc' dir='ltr'>τῆς</span> <span class='ocrx_word' id='word_1_509' title='bbox 611 2083 742 2118; x_wconf 60' lang='grc' dir='ltr'>Δάφνης.</span> 
     </span>
    </p>
   </div>
   <div class='ocr_carea' id='block_1_73' title="bbox 197 2126 950 2162">
    <p class='ocr_par' dir='ltr' id='par_1_73' title="bbox 197 2126 950 2162">
     <span class='ocr_line' id='line_1_73' title="bbox 197 2126 950 2162; baseline 0.007 -11"><span class='ocrx_word' id='word_1_510' title='bbox 197 2126 304 2161; x_wconf 83' lang='grc' dir='ltr'>Δάφνη,</span> <span class='ocrx_word' id='word_1_511' title='bbox 320 2127 400 2160; x_wconf 77' lang='grc' dir='ltr'>φησὶ,</span> <span class='ocrx_word' id='word_1_512' title='bbox 413 2127 481 2162; x_wconf 80' lang='grc' dir='ltr'>κόρη</span> <span class='ocrx_word' id='word_1_513' title='bbox 503 2128 636 2162; x_wconf 77' lang='grc' dir='ltr'>ὑπῆρχεν,</span> <span class='ocrx_word' id='word_1_514' title='bbox 655 2129 687 2154; x_wconf 77' lang='grc' dir='ltr'>ἐκ</span> <span class='ocrx_word' id='word_1_515' title='bbox 703 2129 827 2160; x_wconf 81' lang='grc' dir='ltr'>Λάδωνος</span> <span class='ocrx_word' id='word_1_516' title='bbox 840 2129 886 2156; x_wconf 84' lang='grc' dir='ltr'>τοῦ</span> <span class='ocrx_word' id='word_1_517' title='bbox 901 2138 950 2156; x_wconf 84' lang='grc' dir='ltr'>πο-</span> 
     </span>
    </p>
   </div>
   <div class='ocr_carea' id='block_1_74' title="bbox 165 2170 952 2212">
    <p class='ocr_par' dir='ltr' id='par_1_74' title="bbox 165 2170 952 2212">
     <span class='ocr_line' id='line_1_74' title="bbox 165 2170 952 2212; baseline 0.008 -15"><span class='ocrx_word' id='word_1_518' title='bbox 165 2170 250 2206; x_wconf 80' lang='grc' dir='ltr'>ταμοῦ</span> <span class='ocrx_word' id='word_1_519' title='bbox 271 2172 318 2198; x_wconf 73' lang='grc' dir='ltr'><strong>καὶ</strong></span> <span class='ocrx_word' id='word_1_520' title='bbox 337 2172 390 2206; x_wconf 81' lang='grc' dir='ltr'><strong>Γῆς</strong></span> <span class='ocrx_word' id='word_1_521' title='bbox 406 2172 457 2206; x_wconf 78' lang='grc' dir='ltr'>γῆς</span> <span class='ocrx_word' id='word_1_522' title='bbox 471 2172 520 2207; x_wconf 82' lang='grc' dir='ltr'>τὴν</span> <span class='ocrx_word' id='word_1_523' title='bbox 540 2173 645 2206; x_wconf 78' lang='grc' dir='ltr'>γένεσιν</span> <span class='ocrx_word' id='word_1_524' title='bbox 668 2175 849 2210; x_wconf 78' lang='grc' dir='ltr'>εὐτυχήσασα.</span> <span class='ocrx_word' id='word_1_525' title='bbox 865 2175 952 2212; x_wconf 74' lang='grc' dir='ltr'>Αὕτη,</span> 
     </span>
    </p>
   </div>
   <div class='ocr_carea' id='block_1_75' title="bbox 1002 1601 1746 1640">
    <p class='ocr_par' dir='ltr' id='par_1_75' title="bbox 1002 1601 1746 1640">
     <span class='ocr_line' id='line_1_75' title="bbox 1002 1601 1746 1640; baseline -0.007 -7"><span class='ocrx_word' id='word_1_526' title='bbox 1002 1609 1090 1637; x_wconf 87' lang='lat' dir='ltr'><strong>erant,</strong></span> <span class='ocrx_word' id='word_1_527' title='bbox 1108 1612 1168 1640; x_wconf 60' lang='lat' dir='ltr'><strong>quae</strong></span> <span class='ocrx_word' id='word_1_528' title='bbox 1180 1604 1312 1631; x_wconf 70' lang='lat' dir='ltr'><strong>daemonis</strong></span> <span class='ocrx_word' id='word_1_529' title='bbox 1332 1603 1459 1630; x_wconf 83' lang='lat' dir='ltr'><strong>voluntas</strong></span> <span class='ocrx_word' id='word_1_530' title='bbox 1475 1602 1595 1635; x_wconf 87' lang='lat' dir='ltr'><strong>tulisset,</strong></span> <span class='ocrx_word' id='word_1_531' title='bbox 1607 1601 1746 1629; x_wconf 81' lang='lat' dir='ltr'><strong>dicebant.</strong></span> 
     </span>
    </p>
   </div>
   <div class='ocr_carea' id='block_1_76' title="bbox 1246 1701 1538 1728">
    <p class='ocr_par' dir='ltr' id='par_1_76' title="bbox 1246 1701 1538 1728">
     <span class='ocr_line' id='line_1_76' title="bbox 1246 1701 1538 1728; baseline 0 -1"><span class='ocrx_word' id='word_1_532' title='bbox 1246 1701 1291 1727; x_wconf 55' lang='grc' dir='ltr'><strong>εν.</strong></span> <span class='ocrx_word' id='word_1_533' title='bbox 1305 1701 1343 1728; x_wconf 86' lang='lat' dir='ltr'><strong>De</strong></span> <span class='ocrx_word' id='word_1_534' title='bbox 1355 1705 1446 1727; x_wconf 68' lang='lat' dir='ltr'><strong>statua</strong></span> <span class='ocrx_word' id='word_1_535' title='bbox 1455 1705 1538 1727; x_wconf 84' lang='lat' dir='ltr'><strong>muta.</strong></span> 
     </span>
    </p>
   </div>
   <div class='ocr_carea' id='block_1_77' title="bbox 1038 1745 1789 1781">
    <p class='ocr_par' dir='ltr' id='par_1_77' title="bbox 1038 1745 1789 1781">
     <span class='ocr_line' id='line_1_77' title="bbox 1038 1745 1789 1781; baseline -0.005 -6"><span class='ocrx_word' id='word_1_536' title='bbox 1038 1748 1075 1775; x_wconf 89' lang='lat' dir='ltr'><strong>De</strong></span> <span class='ocrx_word' id='word_1_537' title='bbox 1095 1747 1146 1774; x_wconf 85' lang='lat' dir='ltr'><strong>hac</strong></span> <span class='ocrx_word' id='word_1_538' title='bbox 1160 1752 1260 1779; x_wconf 84' lang='lat' dir='ltr'><strong>statua,</strong></span> <span class='ocrx_word' id='word_1_539' title='bbox 1277 1755 1327 1774; x_wconf 89' lang='lat' dir='ltr'><strong>nec</strong></span> <span class='ocrx_word' id='word_1_540' title='bbox 1341 1754 1396 1781; x_wconf 92' lang='lat' dir='ltr'><strong>quo</strong></span> <span class='ocrx_word' id='word_1_541' title='bbox 1415 1750 1552 1781; x_wconf 88' lang='lat' dir='ltr'><strong>tempore,</strong></span> <span class='ocrx_word' id='word_1_542' title='bbox 1570 1752 1621 1773; x_wconf 89' lang='lat' dir='ltr'><strong>nec</strong></span> <span class='ocrx_word' id='word_1_543' title='bbox 1637 1745 1683 1772; x_wconf 90' lang='lat' dir='ltr'><strong>ubi</strong></span> <span class='ocrx_word' id='word_1_544' title='bbox 1697 1748 1789 1772; x_wconf 82' lang='lat' dir='ltr'><strong>erecta</strong></span> 
     </span>
    </p>
   </div>
   <div class='ocr_carea' id='block_1_78' title="bbox 1002 1789 1790 1829">
    <p class='ocr_par' dir='ltr' id='par_1_78' title="bbox 1002 1789 1790 1829">
     <span class='ocr_line' id='line_1_78' title="bbox 1002 1789 1790 1829; baseline -0.005 -7"><span class='ocrx_word' id='word_1_545' title='bbox 1002 1794 1095 1826; x_wconf 79' lang='lat' dir='ltr'><strong>fuerit,</strong></span> <span class='ocrx_word' id='word_1_546' title='bbox 1116 1802 1167 1822; x_wconf 86' lang='lat' dir='ltr'><strong>nec</strong></span> <span class='ocrx_word' id='word_1_547' title='bbox 1181 1793 1319 1829; x_wconf 91' lang='lat' dir='ltr'><strong>quomodo</strong></span> <span class='ocrx_word' id='word_1_548' title='bbox 1335 1793 1509 1828; x_wconf 86' lang='lat' dir='ltr'><strong>loquebatur,</strong></span> <span class='ocrx_word' id='word_1_549' title='bbox 1526 1789 1676 1826; x_wconf 74' lang='lat' dir='ltr'><strong>quidquam</strong></span> <span class='ocrx_word' id='word_1_550' title='bbox 1701 1790 1790 1818; x_wconf 85' lang='lat' dir='ltr'><strong>histo-</strong></span> 
     </span>
    </p>
   </div>
   <div class='ocr_carea' id='block_1_79' title="bbox 1001 1836 1788 1875">
    <p class='ocr_par' dir='ltr' id='par_1_79' title="bbox 1001 1836 1788 1875">
     <span class='ocr_line' id='line_1_79' title="bbox 1001 1836 1788 1875; baseline -0.006 -8"><span class='ocrx_word' id='word_1_551' title='bbox 1001 1841 1050 1868; x_wconf 85' lang='lat' dir='ltr'><strong>riis</strong></span> <span class='ocrx_word' id='word_1_552' title='bbox 1068 1840 1204 1875; x_wconf 89' lang='lat' dir='ltr'><strong>proditum</strong></span> <span class='ocrx_word' id='word_1_553' title='bbox 1221 1839 1383 1874; x_wconf 90' lang='lat' dir='ltr'><strong>reperimus.</strong></span> <span class='ocrx_word' id='word_1_554' title='bbox 1400 1836 1683 1874; x_wconf 39' lang='lat' dir='ltr'><strong>Existimanduuscst</strong></span> <span class='ocrx_word' id='word_1_555' title='bbox 1696 1841 1788 1863; x_wconf 91' lang='lat' dir='ltr'><strong>autem</strong></span> 
     </span>
    </p>
   </div>
   <div class='ocr_carea' id='block_1_80' title="bbox 1002 1881 1835 1923">
    <p class='ocr_par' dir='ltr' id='par_1_80' title="bbox 1002 1881 1835 1923">
     <span class='ocr_line' id='line_1_80' title="bbox 1002 1881 1835 1923; baseline -0.007 -10"><span class='ocrx_word' id='word_1_556' title='bbox 1002 1885 1161 1921; x_wconf 86' lang='lat' dir='ltr'><strong>Delphicam</strong></span> <span class='ocrx_word' id='word_1_557' title='bbox 1172 1892 1282 1920; x_wconf 91' lang='lat' dir='ltr'><strong>quoque</strong></span> <span class='ocrx_word' id='word_1_558' title='bbox 1297 1887 1428 1916; x_wconf 82' lang='lat' dir='ltr'><strong>statuam,</strong></span> <span class='ocrx_word' id='word_1_559' title='bbox 1447 1890 1509 1909; x_wconf 92' lang='lat' dir='ltr'><strong>cum</strong></span> <span class='ocrx_word' id='word_1_560' title='bbox 1528 1881 1610 1909; x_wconf 88' lang='lat' dir='ltr'><strong>verba</strong></span> <span class='ocrx_word' id='word_1_561' title='bbox 1622 1881 1734 1911; x_wconf 82' lang='lat' dir='ltr'><strong>faceret,</strong></span> <span class='ocrx_word' id='word_1_562' title='bbox 1748 1881 1790 1908; x_wconf 88' lang='lat' dir='ltr'><strong>in-</strong></span> <span class='ocrx_word' id='word_1_563' title='bbox 1828 1916 1835 1923; x_wconf 48' lang='lat'><em>.</em></span> 
     </span>
    </p>
   </div>
   <div class='ocr_carea' id='block_1_81' title="bbox 1002 1927 1790 1963">
    <p class='ocr_par' dir='ltr' id='par_1_81' title="bbox 1002 1927 1790 1963">
     <span class='ocr_line' id='line_1_81' title="bbox 1002 1927 1790 1963; baseline -0.009 -3"><span class='ocrx_word' id='word_1_564' title='bbox 1002 1932 1161 1960; x_wconf 85' lang='lat' dir='ltr'><strong>articulatas</strong></span> <span class='ocrx_word' id='word_1_565' title='bbox 1174 1939 1256 1958; x_wconf 90' lang='lat' dir='ltr'><strong>voces</strong></span> <span class='ocrx_word' id='word_1_566' title='bbox 1265 1930 1409 1957; x_wconf 76' lang='lat' dir='ltr'><strong>extulisse.</strong></span> <span class='ocrx_word' id='word_1_567' title='bbox 1425 1928 1512 1956; x_wconf 81' lang='lat' dir='ltr'><strong>Voces</strong></span> <span class='ocrx_word' id='word_1_568' title='bbox 1525 1929 1626 1963; x_wconf 81' lang='lat' dir='ltr'><strong>quippe</strong></span> <span class='ocrx_word' id='word_1_569' title='bbox 1637 1927 1790 1954; x_wconf 64' lang='lat' dir='ltr'><strong>damonum</strong></span> 
     </span>
    </p>
   </div>
   <div class='ocr_carea' id='block_1_82' title="bbox 1003 1972 1790 2010">
    <p class='ocr_par' dir='ltr' id='par_1_82' title="bbox 1003 1972 1790 2010">
     <span class='ocr_line' id='line_1_82' title="bbox 1003 1972 1790 2010; baseline -0.008 -4"><span class='ocrx_word' id='word_1_570' title='bbox 1003 1979 1114 2006; x_wconf 88' lang='lat' dir='ltr'><strong>minitne</strong></span> <span class='ocrx_word' id='word_1_571' title='bbox 1130 1978 1280 2005; x_wconf 71' lang='lat' dir='ltr'><strong>at‘ticulatze</strong></span> <span class='ocrx_word' id='word_1_572' title='bbox 1297 1980 1371 2007; x_wconf 87' lang='lat' dir='ltr'><strong>sunt,</strong></span> <span class='ocrx_word' id='word_1_573' title='bbox 1384 1984 1416 2003; x_wconf 85' lang='lat' dir='ltr'><strong>eo</strong></span> <span class='ocrx_word' id='word_1_574' title='bbox 1430 1974 1502 2010; x_wconf 88' lang='lat' dir='ltr'><strong>quod</strong></span> <span class='ocrx_word' id='word_1_575' title='bbox 1516 1972 1658 2002; x_wconf 64' lang='lat' dir='ltr'><strong>vocAlihus</strong></span> <span class='ocrx_word' id='word_1_576' title='bbox 1667 1972 1790 2008; x_wconf 80' lang='lat' dir='ltr'><strong>organis.</strong></span> 
     </span>
    </p>
   </div>
   <div class='ocr_carea' id='block_1_83' title="bbox 1002 2022 1704 2062">
    <p class='ocr_par' dir='ltr' id='par_1_83' title="bbox 1002 2022 1704 2062">
     <span class='ocr_line' id='line_1_83' title="bbox 1002 2022 1704 2062; baseline -0.007 -10"><span class='ocrx_word' id='word_1_577' title='bbox 1002 2025 1102 2062; x_wconf 88' lang='lat' dir='ltr'><strong>quibus</strong></span> <span class='ocrx_word' id='word_1_578' title='bbox 1116 2028 1248 2052; x_wconf 84' lang='lat' dir='ltr'><strong>exeuntes</strong></span> <span class='ocrx_word' id='word_1_579' title='bbox 1265 2031 1349 2050; x_wconf 84' lang='lat' dir='ltr'><strong>voces</strong></span> <span class='ocrx_word' id='word_1_580' title='bbox 1363 2022 1568 2057; x_wconf 87' lang='lat' dir='ltr'><strong>imprimantur,</strong></span> <span class='ocrx_word' id='word_1_581' title='bbox 1581 2024 1704 2048; x_wconf 82' lang='lat' dir='ltr'><strong>careant.</strong></span> 
     </span>
    </p>
   </div>
   <div class='ocr_carea' id='block_1_84' title="bbox 1289 2079 1507 2107">
    <p class='ocr_par' dir='ltr' id='par_1_84' title="bbox 1289 2079 1507 2107">
     <span class='ocr_line' id='line_1_84' title="bbox 1289 2079 1507 2107; baseline -0.009 -1"><span class='ocrx_word' id='word_1_582' title='bbox 1289 2080 1335 2107; x_wconf 71' lang='grc'><strong>25.</strong></span> <span class='ocrx_word' id='word_1_583' title='bbox 1351 2079 1389 2106; x_wconf 85' lang='lat' dir='ltr'><strong>De</strong></span> <span class='ocrx_word' id='word_1_584' title='bbox 1403 2079 1494 2106; x_wconf 81' lang='lat' dir='ltr'><strong>Laure</strong></span> <span class='ocrx_word' id='word_1_585' title='bbox 1501 2098 1507 2104; x_wconf 90' lang='lat'><strong>.</strong></span> 
     </span>
    </p>
   </div>
   <div class='ocr_carea' id='block_1_85' title="bbox 1038 2124 1793 2162">
    <p class='ocr_par' dir='ltr' id='par_1_85' title="bbox 1038 2124 1793 2162">
     <span class='ocr_line' id='line_1_85' title="bbox 1038 2124 1793 2162; baseline -0.003 -8"><span class='ocrx_word' id='word_1_586' title='bbox 1038 2127 1162 2162; x_wconf 89' lang='lat' dir='ltr'><strong>Daphne.</strong></span> <span class='ocrx_word' id='word_1_587' title='bbox 1181 2131 1210 2154; x_wconf 93' lang='lat' dir='ltr'><strong>ut</strong></span> <span class='ocrx_word' id='word_1_588' title='bbox 1228 2126 1319 2154; x_wconf 82' lang='lat' dir='ltr'><strong>terunt</strong></span> <span class='ocrx_word' id='word_1_589' title='bbox 1337 2125 1448 2158; x_wconf 71' lang='lat' dir='ltr'><strong>fabul-.e,</strong></span> <span class='ocrx_word' id='word_1_590' title='bbox 1464 2124 1583 2152; x_wconf 85' lang='lat' dir='ltr'><strong>Ladonis</strong></span> <span class='ocrx_word' id='word_1_591' title='bbox 1593 2125 1683 2151; x_wconf 89' lang='lat' dir='ltr'><strong>amnis</strong></span> <span class='ocrx_word' id='word_1_592' title='bbox 1697 2124 1752 2156; x_wconf 81' lang='lat'><strong>(55)</strong></span> <span class='ocrx_word' id='word_1_593' title='bbox 1766 2129 1793 2152; x_wconf 83' lang='lat' dir='ltr'><strong>et</strong></span> 
     </span>
    </p>
   </div>
   <div class='ocr_carea' id='block_1_86' title="bbox 1003 2169 1793 2205">
    <p class='ocr_par' dir='ltr' id='par_1_86' title="bbox 1003 2169 1793 2205">
     <span class='ocr_line' id='line_1_86' title="bbox 1003 2169 1793 2205; baseline -0.003 -5"><span class='ocrx_word' id='word_1_594' title='bbox 1003 2172 1093 2200; x_wconf 73' lang='lat' dir='ltr'><strong>Terrae</strong></span> <span class='ocrx_word' id='word_1_595' title='bbox 1110 2171 1163 2200; x_wconf 82' lang='lat' dir='ltr'><strong>ﬁlia</strong></span> <span class='ocrx_word' id='word_1_596' title='bbox 1179 2177 1248 2199; x_wconf 89' lang='lat' dir='ltr'><strong>erat.</strong></span> <span class='ocrx_word' id='word_1_597' title='bbox 1270 2171 1334 2198; x_wconf 69' lang='lat' dir='ltr'><strong>Haec</strong></span> <span class='ocrx_word' id='word_1_598' title='bbox 1350 2171 1449 2199; x_wconf 82' lang='lat' dir='ltr'><strong>eximia</strong></span> <span class='ocrx_word' id='word_1_599' title='bbox 1468 2171 1561 2197; x_wconf 63' lang='lat' dir='ltr'><strong>formas</strong></span> <span class='ocrx_word' id='word_1_600' title='bbox 1587 2169 1793 2205; x_wconf 79' lang='lat' dir='ltr'><strong>pulchritudine</strong></span> 
     </span>
    </p>
   </div>
   <div class='ocr_carea' id='block_1_87' title="bbox 166 2213 963 2260">
    <p class='ocr_par' dir='ltr' id='par_1_87' title="bbox 166 2217 952 2257">
     <span class='ocr_line' id='line_1_87' title="bbox 166 2217 952 2257; baseline 0.009 -15"><span class='ocrx_word' id='word_1_601' title='bbox 166 2217 244 2252; x_wconf 76' lang='grc' dir='ltr'>φησὶ,</span> <span class='ocrx_word' id='word_1_602' title='bbox 264 2217 431 2255; x_wconf 71' lang='grc' dir='ltr'>περικαλλὴς</span> <span class='ocrx_word' id='word_1_603' title='bbox 447 2227 475 2244; x_wconf 88' lang='grc' dir='ltr'><strong>τε</strong></span> <span class='ocrx_word' id='word_1_604' title='bbox 491 2217 557 2245; x_wconf 83' lang='grc' dir='ltr'>οὖσα</span> <span class='ocrx_word' id='word_1_605' title='bbox 574 2219 612 2254; x_wconf 81' lang='grc' dir='ltr'>τῷ</span> <span class='ocrx_word' id='word_1_606' title='bbox 635 2220 709 2252; x_wconf 74' lang='grc' dir='ltr'>εῖδει,</span> <span class='ocrx_word' id='word_1_607' title='bbox 723 2221 768 2247; x_wconf 75' lang='grc' dir='ltr'>καὶ</span> <span class='ocrx_word' id='word_1_608' title='bbox 781 2221 952 2257; x_wconf 82' lang='grc' dir='ltr'>ὡραϊζομὲνη</span> 
     </span>
    </p>
   </div>
   <div class='ocr_carea' id='block_1_88' title="bbox 1001 2213 1792 2260">
    <p class='ocr_par' dir='ltr' id='par_1_88' title="bbox 1005 2213 1792 2252">
     <span class='ocr_line' id='line_1_88' title="bbox 1005 2213 1792 2252; baseline -0.005 -8"><span class='ocrx_word' id='word_1_609' title='bbox 1005 2222 1086 2252; x_wconf 88' lang='lat' dir='ltr'><strong>atque</strong></span> <span class='ocrx_word' id='word_1_610' title='bbox 1116 2216 1253 2252; x_wconf 78' lang='lat' dir='ltr'><strong>elegantia</strong></span> <span class='ocrx_word' id='word_1_611' title='bbox 1285 2216 1441 2251; x_wconf 81' lang='lat' dir='ltr'><strong>Apollinem</strong></span> <span class='ocrx_word' id='word_1_612' title='bbox 1480 2223 1573 2242; x_wconf 87' lang='lat' dir='ltr'><strong>amore</strong></span> <span class='ocrx_word' id='word_1_613' title='bbox 1606 2213 1792 2246; x_wconf 81' lang='lat' dir='ltr'><strong>inﬂammavit,</strong></span> 
     </span>
    </p>
   </div>
   <div class='ocr_carea' id='block_1_89' title="bbox 165 2263 954 2301">
    <p class='ocr_par' dir='ltr' id='par_1_89' title="bbox 165 2263 954 2301">
     <span class='ocr_line' id='line_1_89' title="bbox 165 2263 954 2301; baseline 0.008 -12"><span class='ocrx_word' id='word_1_614' title='bbox 165 2265 222 2295; x_wconf 84' lang='grc' dir='ltr'>ταῖς</span> <span class='ocrx_word' id='word_1_615' title='bbox 234 2263 330 2298; x_wconf 64' lang='grc' dir='ltr'>ὕψεσι,</span> <span class='ocrx_word' id='word_1_616' title='bbox 348 2265 387 2296; x_wconf 84' lang='grc' dir='ltr'>εἰς</span> <span class='ocrx_word' id='word_1_617' title='bbox 405 2264 494 2300; x_wconf 78' lang='grc' dir='ltr'>ἔρωτα</span> <span class='ocrx_word' id='word_1_618' title='bbox 519 2266 627 2301; x_wconf 68' lang='grc' dir='ltr'>ἐκίνησε</span> <span class='ocrx_word' id='word_1_619' title='bbox 646 2266 692 2292; x_wconf 77' lang='grc' dir='ltr'>τὸν</span> <span class='ocrx_word' id='word_1_620' title='bbox 716 2267 870 2294; x_wconf 72' lang='grc' dir='ltr'>Ἀπόλλωνα</span> <span class='ocrx_word' id='word_1_621' title='bbox 882 2276 887 2282; x_wconf 83' lang='lat'>&#39;</span> <span class='ocrx_word' id='word_1_622' title='bbox 901 2269 954 2295; x_wconf 73' lang='grc' dir='ltr'><strong>οδε</strong></span> 
     </span>
    </p>
   </div>
   <div class='ocr_carea' id='block_1_90' title="bbox 172 2310 954 2349">
    <p class='ocr_par' dir='ltr' id='par_1_90' title="bbox 172 2310 954 2349">
     <span class='ocr_line' id='line_1_90' title="bbox 172 2310 954 2349; baseline 0.008 -14"><span class='ocrx_word' id='word_1_623' title='bbox 172 2310 307 2336; x_wconf 75' lang='grc' dir='ltr'>Ἀπόλλων</span> <span class='ocrx_word' id='word_1_624' title='bbox 330 2310 488 2345; x_wconf 85' lang='grc' dir='ltr'>κινούμενος</span> <span class='ocrx_word' id='word_1_625' title='bbox 499 2311 532 2337; x_wconf 78' lang='grc' dir='ltr'>ἐκ</span> <span class='ocrx_word' id='word_1_626' title='bbox 555 2312 602 2338; x_wconf 77' lang='grc' dir='ltr'>τοῦ</span> <span class='ocrx_word' id='word_1_627' title='bbox 625 2312 725 2347; x_wconf 76' lang='grc' dir='ltr'>ἔρωτος</span> <span class='ocrx_word' id='word_1_628' title='bbox 736 2333 743 2343; x_wconf 86' lang='grc'><strong>,</strong></span> <span class='ocrx_word' id='word_1_629' title='bbox 757 2314 889 2340; x_wconf 78' lang='grc' dir='ltr'>ἐπεδίωκε</span> <span class='ocrx_word' id='word_1_630' title='bbox 905 2314 954 2349; x_wconf 80' lang='grc' dir='ltr'><strong>τὴν</strong></span> 
     </span>
    </p>
   </div>
   <div class='ocr_carea' id='block_1_91' title="bbox 165 2355 954 2396">
    <p class='ocr_par' dir='ltr' id='par_1_91' title="bbox 165 2355 954 2396">
     <span class='ocr_line' id='line_1_91' title="bbox 165 2355 954 2396; baseline 0.006 -15"><span class='ocrx_word' id='word_1_631' title='bbox 165 2356 282 2390; x_wconf 81' lang='grc' dir='ltr'>Δάφνην,</span> <span class='ocrx_word' id='word_1_632' title='bbox 290 2355 380 2387; x_wconf 79' lang='grc' dir='ltr'>εἴπως</span> <span class='ocrx_word' id='word_1_633' title='bbox 393 2355 496 2391; x_wconf 73' lang='grc' dir='ltr'>ἰσχύσει</span> <span class='ocrx_word' id='word_1_634' title='bbox 512 2357 689 2391; x_wconf 80' lang='grc' dir='ltr'>συγγενέσθαι</span> <span class='ocrx_word' id='word_1_635' title='bbox 700 2358 779 2394; x_wconf 79' lang='grc' dir='ltr'>αὐτῇ.</span> <span class='ocrx_word' id='word_1_636' title='bbox 791 2359 822 2385; x_wconf 87' lang='grc' dir='ltr'><em>Ἣ</em></span> <span class='ocrx_word' id='word_1_637' title='bbox 832 2357 878 2386; x_wconf 79' lang='grc' dir='ltr'>οὖν</span> <span class='ocrx_word' id='word_1_638' title='bbox 887 2360 954 2396; x_wconf 84' lang='grc' dir='ltr'>κόρη</span> 
     </span>
    </p>
   </div>
   <div class='ocr_carea' id='block_1_92' title="bbox 166 2402 953 2442">
    <p class='ocr_par' dir='ltr' id='par_1_92' title="bbox 166 2402 953 2442">
     <span class='ocr_line' id='line_1_92' title="bbox 166 2402 953 2442; baseline 0.005 -14"><span class='ocrx_word' id='word_1_639' title='bbox 166 2402 213 2437; x_wconf 87' lang='grc' dir='ltr'>τὴν</span> <span class='ocrx_word' id='word_1_640' title='bbox 224 2402 372 2437; x_wconf 84' lang='grc' dir='ltr'>παρθενίαν</span> <span class='ocrx_word' id='word_1_641' title='bbox 387 2402 517 2429; x_wconf 80' lang='grc' dir='ltr'>ἐθέλουσα</span> <span class='ocrx_word' id='word_1_642' title='bbox 532 2403 656 2437; x_wconf 80' lang='grc' dir='ltr'>φυλάξαι,</span> <span class='ocrx_word' id='word_1_643' title='bbox 674 2405 706 2439; x_wconf 85' lang='grc' dir='ltr'>τῇ</span> <span class='ocrx_word' id='word_1_644' title='bbox 720 2405 806 2440; x_wconf 74' lang='grc' dir='ltr'>οἰκείᾳ</span> <span class='ocrx_word' id='word_1_645' title='bbox 827 2406 910 2440; x_wconf 76' lang='grc' dir='ltr'>μητρὶ</span> <span class='ocrx_word' id='word_1_646' title='bbox 920 2408 953 2442; x_wconf 84' lang='grc' dir='ltr'><strong>τῇ</strong></span> 
     </span>
    </p>
   </div>
   <div class='ocr_carea' id='block_1_93' title="bbox 167 2446 953 2483">
    <p class='ocr_par' dir='ltr' id='par_1_93' title="bbox 167 2446 953 2483">
     <span class='ocr_line' id='line_1_93' title="bbox 167 2446 953 2483; baseline 0.004 -10"><span class='ocrx_word' id='word_1_647' title='bbox 167 2447 203 2482; x_wconf 84' lang='grc' dir='ltr'><strong>Γῇ</strong></span> <span class='ocrx_word' id='word_1_648' title='bbox 220 2447 392 2483; x_wconf 74' lang='grc' dir='ltr'>προσηύξατο</span> <span class='ocrx_word' id='word_1_649' title='bbox 409 2447 541 2483; x_wconf 80' lang='grc' dir='ltr'>βοηθῆσαι</span> <span class='ocrx_word' id='word_1_650' title='bbox 557 2448 637 2483; x_wconf 78' lang='grc' dir='ltr'>αὐτῇ.</span> <span class='ocrx_word' id='word_1_651' title='bbox 656 2449 687 2474; x_wconf 86' lang='grc' dir='ltr'><strong><em>Ὴ</em></strong></span> <span class='ocrx_word' id='word_1_652' title='bbox 703 2448 731 2474; x_wconf 78' lang='grc' dir='ltr'>δὲ</span> <span class='ocrx_word' id='word_1_653' title='bbox 744 2446 780 2481; x_wconf 85' lang='grc' dir='ltr'>Γῆ</span> <span class='ocrx_word' id='word_1_654' title='bbox 797 2449 953 2482; x_wconf 80' lang='grc' dir='ltr'>διανοίξασα</span> 
     </span>
    </p>
   </div>
   <div class='ocr_carea' id='block_1_94' title="bbox 167 2493 952 2530">
    <p class='ocr_par' dir='ltr' id='par_1_94' title="bbox 167 2493 952 2530">
     <span class='ocr_line' id='line_1_94' title="bbox 167 2493 952 2530; baseline 0.001 -10"><span class='ocrx_word' id='word_1_655' title='bbox 167 2495 228 2526; x_wconf 72' lang='grc' dir='ltr'>τοὺς</span> <span class='ocrx_word' id='word_1_656' title='bbox 243 2494 341 2529; x_wconf 75' lang='grc' dir='ltr'>ἑαυτῆς</span> <span class='ocrx_word' id='word_1_657' title='bbox 361 2493 477 2525; x_wconf 78' lang='grc' dir='ltr'>κόλπους</span> <span class='ocrx_word' id='word_1_658' title='bbox 496 2493 606 2525; x_wconf 73' lang='grc' dir='ltr'>ἐδέξατο</span> <span class='ocrx_word' id='word_1_659' title='bbox 630 2494 679 2528; x_wconf 81' lang='grc' dir='ltr'>τὴν</span> <span class='ocrx_word' id='word_1_660' title='bbox 699 2494 781 2520; x_wconf 76' lang='grc' dir='ltr'>παῖδα</span> <span class='ocrx_word' id='word_1_661' title='bbox 794 2503 800 2509; x_wconf 88' lang='grc'>·</span> <span class='ocrx_word' id='word_1_662' title='bbox 820 2496 866 2521; x_wconf 74' lang='grc' dir='ltr'>καὶ</span> <span class='ocrx_word' id='word_1_663' title='bbox 883 2494 952 2530; x_wconf 79' lang='grc' dir='ltr'>ψυχ-</span> 
     </span>
    </p>
   </div>
   <div class='ocr_carea' id='block_1_95' title="bbox 168 2539 955 2575">
    <p class='ocr_par' dir='ltr' id='par_1_95' title="bbox 168 2539 955 2575">
     <span class='ocr_line' id='line_1_95' title="bbox 168 2539 955 2575; baseline 0.001 -10"><span class='ocrx_word' id='word_1_664' title='bbox 168 2540 309 2575; x_wconf 80' lang='grc' dir='ltr'>αγωγῆσαι</span> <span class='ocrx_word' id='word_1_665' title='bbox 327 2539 440 2566; x_wconf 79' lang='grc' dir='ltr'>θέλουσα</span> <span class='ocrx_word' id='word_1_666' title='bbox 456 2539 502 2566; x_wconf 77' lang='grc' dir='ltr'><strong>τὸν</strong></span> <span class='ocrx_word' id='word_1_667' title='bbox 519 2539 589 2571; x_wconf 84' lang='grc' dir='ltr'>θεὸν,</span> <span class='ocrx_word' id='word_1_668' title='bbox 605 2540 687 2573; x_wconf 77' lang='grc' dir='ltr'>φυτὸν</span> <span class='ocrx_word' id='word_1_669' title='bbox 701 2540 801 2574; x_wconf 84' lang='grc' dir='ltr'>ἀνῆκεν</span> <span class='ocrx_word' id='word_1_670' title='bbox 811 2540 955 2575; x_wconf 81' lang='grc' dir='ltr'>ὁμώνυμον</span> 
     </span>
    </p>
   </div>
   <div class='ocr_carea' id='block_1_96' title="bbox 167 2585 955 2622">
    <p class='ocr_par' dir='ltr' id='par_1_96' title="bbox 167 2585 955 2622">
     <span class='ocr_line' id='line_1_96' title="bbox 167 2585 955 2622; baseline 0.003 -10"><span class='ocrx_word' id='word_1_671' title='bbox 167 2588 199 2622; x_wconf 84' lang='grc' dir='ltr'><strong>τῇ</strong></span> <span class='ocrx_word' id='word_1_672' title='bbox 215 2586 283 2622; x_wconf 71' lang='grc' dir='ltr'>κόρῃ</span> <span class='ocrx_word' id='word_1_673' title='bbox 292 2594 298 2601; x_wconf 86' lang='grc'><strong>·</strong></span> <span class='ocrx_word' id='word_1_674' title='bbox 312 2586 379 2621; x_wconf 79' lang='grc' dir='ltr'>ὅπερ</span> <span class='ocrx_word' id='word_1_675' title='bbox 395 2585 484 2612; x_wconf 77' lang='grc' dir='ltr'>λαϐὼν</span> <span class='ocrx_word' id='word_1_676' title='bbox 494 2587 508 2612; x_wconf 84' lang='grc' dir='ltr'>ὁ</span> <span class='ocrx_word' id='word_1_677' title='bbox 525 2586 669 2618; x_wconf 74' lang='grc' dir='ltr'>Ἁπόλλων,</span> <span class='ocrx_word' id='word_1_678' title='bbox 680 2586 805 2620; x_wconf 78' lang='grc' dir='ltr'>στέφεται</span> <span class='ocrx_word' id='word_1_679' title='bbox 821 2587 896 2622; x_wconf 73' lang='grc' dir='ltr'>παρὰ,</span> <span class='ocrx_word' id='word_1_680' title='bbox 910 2587 955 2614; x_wconf 82' lang='grc' dir='ltr'>τὸν</span> 
     </span>
    </p>
   </div>
   <div class='ocr_carea' id='block_1_97' title="bbox 169 2630 956 2668">
    <p class='ocr_par' dir='ltr' id='par_1_97' title="bbox 169 2630 956 2668">
     <span class='ocr_line' id='line_1_97' title="bbox 169 2630 956 2668; baseline 0.001 -11"><span class='ocrx_word' id='word_1_681' title='bbox 169 2630 561 2666; x_wconf 76' lang='grc' dir='ltr'>τρίποδα,ψυχαγωγούμενος</span> <span class='ocrx_word' id='word_1_682' title='bbox 587 2631 646 2657; x_wconf 62' lang='grc' dir='ltr'><strong>ἀνιῇ¹</strong></span> <span class='ocrx_word' id='word_1_683' title='bbox 675 2630 726 2666; x_wconf 84' lang='grc' dir='ltr'>τῆς</span> <span class='ocrx_word' id='word_1_684' title='bbox 754 2631 894 2668; x_wconf 79' lang='grc' dir='ltr'>ἐρωμένης</span> <span class='ocrx_word' id='word_1_685' title='bbox 916 2632 956 2668; x_wconf 79' lang='grc' dir='ltr'>τῷ</span> 
     </span>
    </p>
   </div>
   <div class='ocr_carea' id='block_1_98' title="bbox 169 2677 436 2713">
    <p class='ocr_par' dir='ltr' id='par_1_98' title="bbox 169 2677 436 2713">
     <span class='ocr_line' id='line_1_98' title="bbox 169 2677 436 2713; baseline 0 -9"><span class='ocrx_word' id='word_1_686' title='bbox 169 2678 244 2713; x_wconf 77' lang='grc' dir='ltr'>φυτῷ</span> <span class='ocrx_word' id='word_1_687' title='bbox 257 2678 306 2712; x_wconf 84' lang='grc' dir='ltr'>τῆς</span> <span class='ocrx_word' id='word_1_688' title='bbox 320 2677 436 2713; x_wconf 85' lang='grc' dir='ltr'>Δάφνης.</span> 
     </span>
    </p>
   </div>
   <div class='ocr_carea' id='block_1_99' title="bbox 297 2734 821 2769">
    <p class='ocr_par' dir='ltr' id='par_1_99' title="bbox 297 2734 821 2769">
     <span class='ocr_line' id='line_1_99' title="bbox 297 2734 821 2769; baseline 0 -8"><span class='ocrx_word' id='word_1_689' title='bbox 297 2734 345 2761; x_wconf 85' lang='grc' dir='ltr'>κδ’.</span> <span class='ocrx_word' id='word_1_690' title='bbox 368 2735 437 2769; x_wconf 76' lang='grc' dir='ltr'>Περὶ</span> <span class='ocrx_word' id='word_1_691' title='bbox 457 2735 603 2761; x_wconf 72' lang='grc' dir='ltr'>Διονύσου</span> <span class='ocrx_word' id='word_1_692' title='bbox 625 2734 821 2769; x_wconf 64' lang='grc' dir='ltr'>ἁνδροπύνου.</span> 
     </span>
    </p>
   </div>
   <div class='ocr_carea' id='block_1_100' title="bbox 204 2780 956 2816">
    <p class='ocr_par' dir='ltr' id='par_1_100' title="bbox 204 2780 956 2816">
     <span class='ocr_line' id='line_1_100' title="bbox 204 2780 956 2816; baseline 0.003 -10"><span class='ocrx_word' id='word_1_693' title='bbox 204 2781 254 2807; x_wconf 75' lang='grc' dir='ltr'><strong>Τὸν</strong></span> <span class='ocrx_word' id='word_1_694' title='bbox 272 2781 398 2808; x_wconf 71' lang='grc' dir='ltr'>Διόνυσον</span> <span class='ocrx_word' id='word_1_695' title='bbox 421 2780 531 2814; x_wconf 73' lang='grc' dir='ltr'>λέγουσι</span> <span class='ocrx_word' id='word_1_696' title='bbox 551 2781 599 2807; x_wconf 72' lang='grc' dir='ltr'>καὶ</span> <span class='ocrx_word' id='word_1_697' title='bbox 619 2780 654 2807; x_wconf 73' lang='grc' dir='ltr'><strong>τὰ</strong></span> <span class='ocrx_word' id='word_1_698' title='bbox 673 2780 776 2816; x_wconf 84' lang='grc' dir='ltr'>ἀνδρῶν</span> <span class='ocrx_word' id='word_1_699' title='bbox 793 2782 889 2812; x_wconf 82' lang='grc' dir='ltr'>ποιεῖν,</span> <span class='ocrx_word' id='word_1_700' title='bbox 911 2782 956 2808; x_wconf 80' lang='grc' dir='ltr'>καὶ</span> 
     </span>
    </p>
   </div>
   <div class='ocr_carea' id='block_1_101' title="bbox 170 2826 957 2862">
    <p class='ocr_par' dir='ltr' id='par_1_101' title="bbox 170 2826 957 2862">
     <span class='ocr_line' id='line_1_101' title="bbox 170 2826 957 2862; baseline 0.001 -9"><span class='ocrx_word' id='word_1_701' title='bbox 170 2826 205 2853; x_wconf 76' lang='grc' dir='ltr'>τὰ</span> <span class='ocrx_word' id='word_1_702' title='bbox 217 2826 352 2859; x_wconf 85' lang='grc' dir='ltr'>γυναικῶν</span> <span class='ocrx_word' id='word_1_703' title='bbox 378 2827 492 2861; x_wconf 80' lang='grc' dir='ltr'>πάσχειν</span> <span class='ocrx_word' id='word_1_704' title='bbox 507 2835 514 2842; x_wconf 93' lang='grc'><strong>·</strong></span> <span class='ocrx_word' id='word_1_705' title='bbox 531 2827 576 2853; x_wconf 79' lang='grc' dir='ltr'>καὶ</span> <span class='ocrx_word' id='word_1_706' title='bbox 600 2826 648 2858; x_wconf 78' lang='grc' dir='ltr'><strong>τὰς</strong></span> <span class='ocrx_word' id='word_1_707' title='bbox 666 2827 773 2861; x_wconf 84' lang='grc' dir='ltr'>Βάκχας</span> <span class='ocrx_word' id='word_1_708' title='bbox 800 2827 861 2862; x_wconf 72' lang='grc' dir='ltr'>περὶ</span> <span class='ocrx_word' id='word_1_709' title='bbox 877 2827 957 2854; x_wconf 72' lang='grc' dir='ltr'>αὑτὸν</span> 
     </span>
    </p>
   </div>
   <div class='ocr_carea' id='block_1_102' title="bbox 207 2893 861 2930">
    <p class='ocr_par' dir='ltr' id='par_1_102' title="bbox 207 2893 861 2930">
     <span class='ocr_line' id='line_1_102' title="bbox 207 2893 861 2930; baseline 0.003 -9"><span class='ocrx_word' id='word_1_710' title='bbox 207 2893 263 2930; x_wconf 62' lang='grc'><strong>(35)</strong></span> <span class='ocrx_word' id='word_1_711' title='bbox 285 2895 369 2923; x_wconf 75' lang='lat' dir='ltr'><strong>l’encs</strong></span> <span class='ocrx_word' id='word_1_712' title='bbox 389 2894 462 2923; x_wconf 82' lang='lat' dir='ltr'><strong>ﬂuvii</strong></span> <span class='ocrx_word' id='word_1_713' title='bbox 477 2895 529 2922; x_wconf 80' lang='lat' dir='ltr'><strong>tilia</strong></span> <span class='ocrx_word' id='word_1_714' title='bbox 545 2895 645 2923; x_wconf 74' lang='lat' dir='ltr'><strong>dicitur</strong></span> <span class='ocrx_word' id='word_1_715' title='bbox 660 2896 738 2923; x_wconf 75' lang='lat' dir='ltr'><strong>Ovid.</strong></span> <span class='ocrx_word' id='word_1_716' title='bbox 754 2895 861 2923; x_wconf 73' lang='lat' dir='ltr'><strong>Melum.</strong></span> 
     </span>
    </p>
   </div>
   <div class='ocr_carea' id='block_1_103' title="bbox 698 2936 719 2948">
    <p class='ocr_par' dir='ltr' id='par_1_103' title="bbox 698 2936 719 2948">
     <span class='ocr_line' id='line_1_103' title="bbox 698 2936 719 2948; baseline 0 0"><span class='ocrx_word' id='word_1_717' title='bbox 698 2936 719 2948; x_wconf 53' lang='grc' dir='ltr'><strong><em>κο</em></strong></span> 
     </span>
    </p>
   </div>
   <div class='ocr_carea' id='block_1_104' title="bbox 1004 2260 1792 2298">
    <p class='ocr_par' dir='ltr' id='par_1_104' title="bbox 1004 2260 1792 2298">
     <span class='ocr_line' id='line_1_104' title="bbox 1004 2260 1792 2298; baseline -0.004 -8"><span class='ocrx_word' id='word_1_718' title='bbox 1004 2263 1100 2298; x_wconf 86' lang='lat' dir='ltr'><strong>Apollo</strong></span> <span class='ocrx_word' id='word_1_719' title='bbox 1125 2266 1217 2290; x_wconf 88' lang='lat' dir='ltr'><strong>autem</strong></span> <span class='ocrx_word' id='word_1_720' title='bbox 1244 2262 1347 2289; x_wconf 90' lang='lat' dir='ltr'><strong>amoris</strong></span> <span class='ocrx_word' id='word_1_721' title='bbox 1375 2261 1496 2289; x_wconf 89' lang='lat' dir='ltr'><strong>stimulis</strong></span> <span class='ocrx_word' id='word_1_722' title='bbox 1523 2260 1654 2288; x_wconf 89' lang='lat' dir='ltr'><strong>incitatus</strong></span> <span class='ocrx_word' id='word_1_723' title='bbox 1676 2261 1792 2296; x_wconf 86' lang='lat' dir='ltr'><strong>puellam</strong></span> 
     </span>
    </p>
   </div>
   <div class='ocr_carea' id='block_1_105' title="bbox 1004 2307 1794 2343">
    <p class='ocr_par' dir='ltr' id='par_1_105' title="bbox 1004 2307 1794 2343">
     <span class='ocr_line' id='line_1_105' title="bbox 1004 2307 1794 2343; baseline -0.001 -8"><span class='ocrx_word' id='word_1_724' title='bbox 1004 2308 1230 2343; x_wconf 84' lang='lat' dir='ltr'><strong>persequebatur,</strong></span> <span class='ocrx_word' id='word_1_725' title='bbox 1245 2311 1276 2334; x_wconf 93' lang='lat' dir='ltr'><strong>ut</strong></span> <span class='ocrx_word' id='word_1_726' title='bbox 1290 2315 1321 2335; x_wconf 92' lang='lat' dir='ltr'><strong>ea</strong></span> <span class='ocrx_word' id='word_1_727' title='bbox 1336 2307 1482 2342; x_wconf 90' lang='lat' dir='ltr'><strong>potiretur.</strong></span> <span class='ocrx_word' id='word_1_728' title='bbox 1495 2308 1530 2334; x_wconf 91' lang='lat' dir='ltr'><strong>At</strong></span> <span class='ocrx_word' id='word_1_729' title='bbox 1547 2308 1594 2334; x_wconf 87' lang='lat' dir='ltr'><strong>illa</strong></span> <span class='ocrx_word' id='word_1_730' title='bbox 1609 2307 1794 2342; x_wconf 78' lang='lat' dir='ltr'><strong>virginitatem</strong></span> 
     </span>
    </p>
   </div>
   <div class='ocr_carea' id='block_1_106' title="bbox 1003 2353 1794 2389">
    <p class='ocr_par' dir='ltr' id='par_1_106' title="bbox 1003 2353 1794 2389">
     <span class='ocr_line' id='line_1_106' title="bbox 1003 2353 1794 2389; baseline -0.003 -8"><span class='ocrx_word' id='word_1_731' title='bbox 1003 2354 1076 2381; x_wconf 89' lang='lat' dir='ltr'><strong>tueri</strong></span> <span class='ocrx_word' id='word_1_732' title='bbox 1092 2355 1217 2388; x_wconf 85' lang='lat' dir='ltr'><strong>cupiens.</strong></span> <span class='ocrx_word' id='word_1_733' title='bbox 1233 2353 1357 2388; x_wconf 88' lang='lat' dir='ltr'><strong>parentis</strong></span> <span class='ocrx_word' id='word_1_734' title='bbox 1370 2353 1464 2381; x_wconf 66' lang='lat' dir='ltr'><strong>Terra:</strong></span> <span class='ocrx_word' id='word_1_735' title='bbox 1477 2361 1554 2389; x_wconf 86' lang='lat' dir='ltr'><strong>opem</strong></span> <span class='ocrx_word' id='word_1_736' title='bbox 1566 2354 1681 2388; x_wconf 84' lang='lat' dir='ltr'><strong>supplex</strong></span> <span class='ocrx_word' id='word_1_737' title='bbox 1698 2354 1794 2388; x_wconf 86' lang='lat' dir='ltr'><strong>implo-</strong></span> 
     </span>
    </p>
   </div>
   <div class='ocr_carea' id='block_1_107' title="bbox 1004 2399 1793 2434">
    <p class='ocr_par' dir='ltr' id='par_1_107' title="bbox 1004 2399 1793 2434">
     <span class='ocr_line' id='line_1_107' title="bbox 1004 2399 1793 2434; baseline 0 -8"><span class='ocrx_word' id='word_1_738' title='bbox 1004 2401 1083 2427; x_wconf 86' lang='lat' dir='ltr'><strong>ravit.</strong></span> <span class='ocrx_word' id='word_1_739' title='bbox 1098 2399 1216 2427; x_wconf 86' lang='lat' dir='ltr'><strong>Proinde</strong></span> <span class='ocrx_word' id='word_1_740' title='bbox 1230 2404 1317 2426; x_wconf 89' lang='lat' dir='ltr'><strong>mater</strong></span> <span class='ocrx_word' id='word_1_741' title='bbox 1328 2403 1424 2434; x_wconf 88' lang='lat' dir='ltr'><strong>aperto</strong></span> <span class='ocrx_word' id='word_1_742' title='bbox 1437 2400 1499 2427; x_wconf 87' lang='lat' dir='ltr'><strong>sinu</strong></span> <span class='ocrx_word' id='word_1_743' title='bbox 1510 2407 1562 2427; x_wconf 88' lang='lat' dir='ltr'><strong>suo</strong></span> <span class='ocrx_word' id='word_1_744' title='bbox 1574 2405 1666 2427; x_wconf 91' lang='lat' dir='ltr'><strong>natam</strong></span> <span class='ocrx_word' id='word_1_745' title='bbox 1676 2400 1793 2434; x_wconf 79' lang='lat' dir='ltr'><strong>excepit,</strong></span> 
     </span>
    </p>
   </div>
   <div class='ocr_carea' id='block_1_108' title="bbox 1004 2445 1795 2481">
    <p class='ocr_par' dir='ltr' id='par_1_108' title="bbox 1004 2445 1795 2481">
     <span class='ocr_line' id='line_1_108' title="bbox 1004 2445 1795 2481; baseline 0 -8"><span class='ocrx_word' id='word_1_746' title='bbox 1004 2451 1086 2481; x_wconf 89' lang='lat' dir='ltr'><strong>atque</strong></span> <span class='ocrx_word' id='word_1_747' title='bbox 1099 2446 1127 2473; x_wconf 92' lang='lat' dir='ltr'><strong>in</strong></span> <span class='ocrx_word' id='word_1_748' title='bbox 1141 2445 1274 2480; x_wconf 84' lang='lat' dir='ltr'><strong>Apollinis</strong></span> <span class='ocrx_word' id='word_1_749' title='bbox 1287 2446 1416 2473; x_wconf 85' lang='lat' dir='ltr'><strong>solatium</strong></span> <span class='ocrx_word' id='word_1_750' title='bbox 1434 2447 1559 2473; x_wconf 86' lang='lat' dir='ltr'><strong>arborem</strong></span> <span class='ocrx_word' id='word_1_751' title='bbox 1583 2446 1680 2480; x_wconf 68' lang='lat' dir='ltr'><strong>puella:</strong></span> <span class='ocrx_word' id='word_1_752' title='bbox 1694 2453 1795 2480; x_wconf 76' lang='lat' dir='ltr'><strong>cogno-</strong></span> 
     </span>
    </p>
   </div>
   <div class='ocr_carea' id='block_1_109' title="bbox 1003 2491 1793 2527">
    <p class='ocr_par' dir='ltr' id='par_1_109' title="bbox 1003 2491 1793 2527">
     <span class='ocr_line' id='line_1_109' title="bbox 1003 2491 1793 2527; baseline 0.001 -9"><span class='ocrx_word' id='word_1_753' title='bbox 1003 2493 1104 2519; x_wconf 89' lang='lat' dir='ltr'><strong>minem</strong></span> <span class='ocrx_word' id='word_1_754' title='bbox 1125 2491 1250 2526; x_wconf 91' lang='lat' dir='ltr'><strong>protulit.</strong></span> <span class='ocrx_word' id='word_1_755' title='bbox 1267 2491 1355 2524; x_wconf 77' lang='lat' dir='ltr'><strong>Ouam</strong></span> <span class='ocrx_word' id='word_1_756' title='bbox 1371 2499 1434 2519; x_wconf 91' lang='lat' dir='ltr'><strong>cum</strong></span> <span class='ocrx_word' id='word_1_757' title='bbox 1446 2492 1491 2519; x_wconf 89' lang='lat' dir='ltr'><strong>ille</strong></span> <span class='ocrx_word' id='word_1_758' title='bbox 1503 2492 1665 2527; x_wconf 86' lang='lat' dir='ltr'><strong>accepisset,</strong></span> <span class='ocrx_word' id='word_1_759' title='bbox 1675 2499 1706 2519; x_wconf 84' lang='lat' dir='ltr'><strong>ea</strong></span> <span class='ocrx_word' id='word_1_760' title='bbox 1720 2491 1793 2527; x_wconf 82' lang='lat' dir='ltr'><strong>apud</strong></span> 
     </span>
    </p>
   </div>
   <div class='ocr_carea' id='block_1_110' title="bbox 1004 2537 1795 2573">
    <p class='ocr_par' dir='ltr' id='par_1_110' title="bbox 1004 2537 1795 2573">
     <span class='ocr_line' id='line_1_110' title="bbox 1004 2537 1795 2573; baseline 0 -9"><span class='ocrx_word' id='word_1_761' title='bbox 1004 2538 1137 2573; x_wconf 88' lang='lat' dir='ltr'><strong>tripodem</strong></span> <span class='ocrx_word' id='word_1_762' title='bbox 1154 2538 1262 2565; x_wconf 87' lang='lat' dir='ltr'><strong>cinctus</strong></span> <span class='ocrx_word' id='word_1_763' title='bbox 1276 2541 1327 2569; x_wconf 85' lang='lat' dir='ltr'><strong>est,</strong></span> <span class='ocrx_word' id='word_1_764' title='bbox 1345 2541 1374 2564; x_wconf 92' lang='lat' dir='ltr'><strong>ut</strong></span> <span class='ocrx_word' id='word_1_765' title='bbox 1392 2537 1444 2565; x_wconf 87' lang='lat' dir='ltr'><strong>hac</strong></span> <span class='ocrx_word' id='word_1_766' title='bbox 1458 2538 1566 2566; x_wconf 85' lang='lat' dir='ltr'><strong>ratione</strong></span> <span class='ocrx_word' id='word_1_767' title='bbox 1582 2537 1716 2565; x_wconf 55' lang='lat' dir='ltr'><strong>adamata;</strong></span> <span class='ocrx_word' id='word_1_768' title='bbox 1740 2538 1795 2564; x_wconf 87' lang='lat' dir='ltr'><strong>Da—</strong></span> 
     </span>
    </p>
   </div>
   <div class='ocr_carea' id='block_1_111' title="bbox 1005 2583 1395 2619">
    <p class='ocr_par' dir='ltr' id='par_1_111' title="bbox 1005 2583 1395 2619">
     <span class='ocr_line' id='line_1_111' title="bbox 1005 2583 1395 2619; baseline 0 -9"><span class='ocrx_word' id='word_1_769' title='bbox 1005 2584 1091 2619; x_wconf 87' lang='lat' dir='ltr'><strong>plmcs</strong></span> <span class='ocrx_word' id='word_1_770' title='bbox 1107 2583 1272 2612; x_wconf 89' lang='lat' dir='ltr'><strong>desiderium</strong></span> <span class='ocrx_word' id='word_1_771' title='bbox 1289 2584 1395 2611; x_wconf 86' lang='lat' dir='ltr'><strong>leniret.</strong></span> 
     </span>
    </p>
   </div>
   <div class='ocr_carea' id='block_1_112' title="bbox 1200 2734 1601 2770">
    <p class='ocr_par' dir='ltr' id='par_1_112' title="bbox 1200 2734 1601 2770">
     <span class='ocr_line' id='line_1_112' title="bbox 1200 2734 1601 2770; baseline 0.005 -10"><span class='ocrx_word' id='word_1_772' title='bbox 1200 2734 1244 2761; x_wconf 67' lang='grc'><strong>24.</strong></span> <span class='ocrx_word' id='word_1_773' title='bbox 1263 2734 1299 2760; x_wconf 87' lang='lat' dir='ltr'><strong>De</strong></span> <span class='ocrx_word' id='word_1_774' title='bbox 1315 2734 1419 2761; x_wconf 78' lang='lat' dir='ltr'><strong>Baccho</strong></span> <span class='ocrx_word' id='word_1_775' title='bbox 1436 2735 1601 2770; x_wconf 80' lang='lat' dir='ltr'><strong>androgyno.</strong></span> 
     </span>
    </p>
   </div>
   <div class='ocr_carea' id='block_1_113' title="bbox 1045 2780 1796 2810">
    <p class='ocr_par' dir='ltr' id='par_1_113' title="bbox 1045 2780 1796 2810">
     <span class='ocr_line' id='line_1_113' title="bbox 1045 2780 1796 2810; baseline 0.004 -3"><span class='ocrx_word' id='word_1_776' title='bbox 1045 2780 1180 2808; x_wconf 79' lang='lat' dir='ltr'><strong>Bacchum</strong></span> <span class='ocrx_word' id='word_1_777' title='bbox 1211 2780 1301 2808; x_wconf 80' lang='lat' dir='ltr'><strong>ferunt</strong></span> <span class='ocrx_word' id='word_1_778' title='bbox 1319 2786 1346 2808; x_wconf 89' lang='lat' dir='ltr'><strong>et</strong></span> <span class='ocrx_word' id='word_1_779' title='bbox 1372 2781 1524 2808; x_wconf 80' lang='lat' dir='ltr'><strong>masculam</strong></span> <span class='ocrx_word' id='word_1_780' title='bbox 1552 2781 1694 2809; x_wconf 83' lang='lat' dir='ltr'><strong>libidinem</strong></span> <span class='ocrx_word' id='word_1_781' title='bbox 1715 2790 1796 2810; x_wconf 69' lang='lat' dir='ltr'><strong>crer—</strong></span> 
     </span>
    </p>
   </div>
   <div class='ocr_carea' id='block_1_114' title="bbox 1010 2826 1797 2862">
    <p class='ocr_par' dir='ltr' id='par_1_114' title="bbox 1010 2826 1797 2862">
     <span class='ocr_line' id='line_1_114' title="bbox 1010 2826 1797 2862; baseline 0.003 -8"><span class='ocrx_word' id='word_1_782' title='bbox 1010 2835 1083 2860; x_wconf 84' lang='lat' dir='ltr'><strong>cere,</strong></span> <span class='ocrx_word' id='word_1_783' title='bbox 1102 2831 1128 2854; x_wconf 86' lang='lat' dir='ltr'><strong>et</strong></span> <span class='ocrx_word' id='word_1_784' title='bbox 1143 2826 1288 2855; x_wconf 80' lang='lat' dir='ltr'><strong>femineam</strong></span> <span class='ocrx_word' id='word_1_785' title='bbox 1317 2828 1384 2862; x_wconf 90' lang='lat' dir='ltr'><strong>pati,</strong></span> <span class='ocrx_word' id='word_1_786' title='bbox 1406 2835 1438 2861; x_wconf 76' lang='lat' dir='ltr'><strong>ac</strong></span> <span class='ocrx_word' id='word_1_787' title='bbox 1456 2827 1625 2856; x_wconf 69' lang='lat' dir='ltr'><strong>Macuadibus</strong></span> <span class='ocrx_word' id='word_1_788' title='bbox 1646 2835 1797 2856; x_wconf 68' lang='lat' dir='ltr'><strong>Circumste-</strong></span> 
     </span>
    </p>
   </div>
  </div>
