2046 3131
180 155 247 184 ίθέῡ

583 158 630 185 AD
647 158 676 187 S.
693 159 859 188 GREGORII
879 159 984 189 ORAT.
1007 161 1028 188 ll
1047 162 1189 190 CONTRA
1208 163 1391 194 JULIANUM.

1740 173 1809 201 1050

178 213 370 249 ἐπωνόμασται
385 214 558 250 ’Πιραίστειον
568 225 574 232 ·
592 218 620 243 ἐν
633 214 655 252 ᾧ
669 219 744 254 τόπῳ
760 221 806 247 καὶ
820 220 883 247 ναὸν
896 220 968 256 αὐτῷ

1006 222 1122 258 ,jungit,
1143 223 1210 250 Cum
1231 228 1346 256 terrore,
1362 227 1459 254 timore
1480 232 1507 255 et
1533 229 1662 262 tumultu,
1679 230 1730 258 hoc
1747 231 1809 260 ideo

177 260 201 285 οἱ
223 259 286 286 τότε
313 260 445 296 ’Έλληνες
468 263 627 299 ἁνήγειραν.
663 265 788 302 Ἀντικρὺ
811 267 840 294 δὲ
862 266 930 295 οὖσα
952 269 968 304 ἡ

178 305 319 340 Ὄλυμπος
345 307 394 341 τῆς
417 307 540 342 Κύπρου,
562 308 626 335 ἔνθα
645 311 799 348 φυγοῦσαὴ
825 314 966 351 Ἀφροδίτη

175 351 332 386 κατῴκησε,
348 353 475 380 κάκεῖθεν
492 354 658 390 ἠκολούθησε
676 357 713 392 τῷ
732 359 820 394 Ἀρει,
835 361 882 386 καὶ
900 361 966 396 ἔφυ-

174 404 220 430 γον
239 397 278 426 είς
294 397 340 423 τὸν
364 397 488 429 Λίϐανον,
507 400 587 427 κάκεῖ
605 402 634 428 τὸ
657 406 781 439 πορνεῖον
800 406 886 441 αὐτῆς
903 416 965 435 συν-

174 443 317 477 εττήσατο,
332 443 378 469 καὶ
392 443 487 470 ἔλαϐεν
504 446 562 471 ἐκεῖ
578 446 624 472 καὶ
639 447 684 473 τὸν
699 449 821 477 Ἄδωνιν.
832 450 966 488 Θερσίτης

174 486 220 515 οὖν
241 489 390 524 Ὀλύμπιος
407 491 453 517 καὶ
473 492 486 518 6
498 492 584 526 χωλὸς
600 494 646 520 καὶ
661 496 801 533 ῃροπετὴς
813 497 876 530 θεὸς
887 486 965 533 ὑμῶν

173 535 290 571 εἴρηται.
309 535 347 562 Τὸ
368 537 407 568 δὲ,
423 538 571 573 Δεσμώτης
593 540 678 575 ’Ἄρης
696 541 740 568 διὰ
756 543 889 578 μοιχείαν.
914 545 963 580 τῆς

173 582 258 617 αὐτῆς
277 582 424 618 ἐξήρτηται
452 584 580 619 ἱστορίας.
604 587 746 622 Μοιχεύων
770 589 824 625 γὰρ
843 591 857 616 ὀ
875 591 961 627 Ἀρης

171 626 220 660 τὴν
236 627 486 663 Ἀφροδίτην,ὲδέθη
494 630 554 660 ταῖς
566 630 669 664 πάγαις
679 631 730 658 ὑπὸ
738 632 784 658 τοῦ
798 626 956 667 Ἡφαίστου.

171 671 207 697 Τὸ
223 671 261 703 δὲ,
280 673 350 708 μετὰ
362 674 410 700 τοῦ
434 674 527 710 δειμοῦ
556 675 602 701 καὶ¹
633 676 681 702 τοῦ
714 677 797 711 φόϐου
830 681 876 707 καὶ
908 683 954 709 τοῦ

170 718 309 754 κυδοιμοῦ,
327 719 410 755 λέγει,

171 766 377 799 συμπεπόνθασι
407 767 445 802 τῷ
483 767 578 802 ¹Λρει·
612 769 660 794 καὶ
689 769 729 795 ὅτι
763 771 778 797 6
808 772 961 809 Ἵίφαιστος

1018 269 1098 301 dicit,
1118 270 1184 304 quia
1213 271 1240 297 hi
1270 270 1384 299 Pollidis
1406 273 1466 306 ﬁlii,
1482 273 1576 302 Martis
1611 275 1705 303 famuli
1736 285 1808 311 esse,

1017 315 1166 350 Martisque
1184 316 1271 343 vicem
1284 317 1376 345 dolere
1389 318 1519 346 dicuntur
1538 329 1544 346 :
1564 325 1620 347 tum
1641 323 1722 348 etiam
1743 324 1808 357 quia

1017 361 1156 390 Vulcanus
1171 370 1221 390 nec
1239 367 1383 395 terrorem.
1401 373 1450 392 nec
1461 371 1573 397 metunt,
1591 375 1641 393 nec
1659 369 1806 395 tunmltnm

1015 408 1166 443 pertimuit.
1184 409 1225 436 Ad
1244 409 1300 437 haec
1315 411 1488 438 vulneratum
1503 412 1589 440 fuisse
1613 413 1724 440 Martem
1746 415 1808 441 sub-

1016 454 1118 489 jungit,
1135 456 1265 489 quoniam
1288 460 1390 484 temere
1412 465 1537 492 pugnans
1560 467 1574 485 a
1594 459 1723 487 Diomede
1743 469 1807 488 sau-

1018 500 1107 528 ciatus
1124 506 1176 528 cst.
1190 500 1267 534 Quod
1284 502 1402 538 denique
1422 503 1555 531 Venerem
1575 507 1746 533 meretricem
1762 514 1807 541 ap-

1018 548 1110 582 pellat,
1129 556 1191 575 cum
1206 549 1302 576 eadem
1329 549 1420 577 fabula
1438 551 1556 578 cohmret
1572 561 1578 578 :
1598 559 1612 578 a
1629 552 1713 580 Marte
1733 553 1805 580 enim

1015 599 1194 630 constuprata
1205 600 1256 624 est.
1274 595 1320 623 Vel
1335 597 1415 624 etiam
1429 599 1600 626 meretricem
1612 607 1672 626 eam
1689 599 1724 626 ob
1735 600 1806 628 hanc

1013 648 1125 667 causam
1152 646 1242 675 vocat,
1258 643 1387 676 quoniam
1410 644 1531 671 libidinis
1549 652 1580 671 ac
1605 645 1694 672 coitus
1711 645 1806 680 praesi-

1010 687 1070 714 dem
1086 695 1145 714 eam
1157 695 1220 715 esse
1235 689 1351 723 gentiles
1369 690 1504 718 allirmant

430 723 470 748 ὅτι
488 719 560 748 οὗτοι
571 722 735 757 θεράποντες
767 723 836 753 εἶναι
870 728 993 764 λέγονται
1016 735 1064 761 τοῦ
1084 735 1198 769 Ἄρεος,
1225 736 1278 762 υἱοὶ
1303 736 1331 762 δὲ
1361 737 1407 763 τοῦ
1429 738 1566 773 ’πολέμου⁸
1595 739 1641 765 καὶ
1665 740 1707 766 ὅτι
1730 735 1804 766 οὗτοι

991 780 1041 806 οὐχ
1075 780 1194 816 ἐφοϐήθη
1221 781 1267 807 τὸν
1295 782 1376 816 φόϐον
1406 783 1453 810 καὶ
1483 784 1528 810 τὸν
1566 784 1658 820 δειμὸν
1689 785 1736 812 καὶ
1760 785 1805 811 τὸν

170 810 320 867 ξευδοὶμάνιὶ
334 811 514 867 ξΓραυματίαν
535 813 563 839 δὲ
583 813 662 839 καλεῖ
674 814 719 867 ξὺν
747 816 842 852 Ἄρεα,
865 821 959 859 ἐπειδὴ
993 810 1101 860 ἐτρώθη
1122 810 1174 852 ὑτέὸ
1189 810 1244 852 ’τοῦ
1281 810 1441 862 Διομήδους,
1468 810 1726 865 προπητευισόμενος
1746 832 1803 867 (56)

169 857 198 883 ἐν
218 857 257 892 τῷ
275 858 386 894 πολέμῳ
398 868 404 874 ·
426 861 473 886 καὶ
490 861 505 896 ἡ
526 862 590 897 περὶ
605 862 653 896 τῆς

169 903 220 929 ὺ-τὸ
238 903 287 930 τοῦ
303 905 410 940 Ἄρεος,
437 907 483 933 καὶ
516 907 556 933 ὅτι
577 908 624 933 καὶ

169 949 253 985 αὐτὴν
269 951 424 981 ὑπηρετεῖν.

268 1020 320 1052 κζ’.
350 1022 420 1056 Περὶ
452 1022 578 1057 Ἀθηνᾶς
604 1025 652 1052 καὶ
680 1025 854 1062 δράκοντος.

207 1077 235 1104 ’0
241 1078 308 1108 Ζεὺς
314 1098 321 1109 ,
331 1078 489 1113 βουλόμενος
498 1079 653 1116 ἀποκυῆσαι
662 1083 694 1108 ἐκ
700 1083 745 1109 rei
755 1084 906 1118 ἐγκεφάλου
914 1087 961 1113 αὑ-

167 1122 211 1149 τοῦ
220 1124 268 1158 τὴν
284 1124 408 1159 Ἀθηνᾶν,
420 1125 505 1152 ἐδεῖτο
519 1128 650 1162 συνεργοῦ
665 1128 712 1154 τοῦ
722 1129 898 1163 συλλαϐόντος
913 1133 960 1159 καὶ

167 1169 312 1204 πλήξοντος
325 1169 372 1204 τὴν
385 1170 516 1205 κεφαλὴν,
526 1171 568 1197 ἵνα
583 1172 669 1208 κυηθῇ
682 1181 688 1188 ³
709 1174 755 1200 καὶ
766 1173 860 1208 λόγους
876 1185 960 1212 προσ-

167 1214 241 1249 φέρει
252 1214 316 1249 περὶ
326 1215 420 1242 τούτου
434 1216 473 1250 τῷ
497 1217 634 1254 Ἡφαίστῳ
644 1227 650 1234 ·
669 1220 682 1245 ὁ
701 1219 730 1245 δὲ
742 1220 892 1255 Ἥφαιστος
908 1223 958 1250 οὐκ

166 1259 252 1291 ἄλλως
267 1260 355 1287 εἶλετο
370 1261 459 1296 σχίσαι
472 1261 521 1296 τὴν
536 1264 657 1299 κεφαλὴν
672 1265 718 1291 τοῦ
737 1266 807 1298 Διὸς,
823 1268 846 1292 εὶ
862 1267 899 1303 μὴ
909 1269 958 1303 τὴν

166 1306 336 1342 γεννωμένην
358 1307 603 1344 ἀποπαρθενεύσῃ·
628 1311 675 1337 καὶ
697 1311 830 1347 ὑπέσχετο
850 1314 864 1340 6
879 1314 956 1346 Ζεύς.

165 1350 261 1378 Λαϐὼν
284 1349 330 1378 οὖν
351 1353 365 1378 6
387 1352 538 1387 Ἥφαιστος
556 1354 602 1380 τὸν
627 1355 776 1392 βουπλῆγα,
796 1358 889 1393 τέμνει
908 1359 958 1394 τὴν

165 1397 283 1433 κεφαλὴν
299 1398 346 1425 τοῦ
362 1398 432 1430 Διὸς,
447 1399 494 1438 καὶ
513 1400 652 1435 ἐξέρχεται
666 1403 682 1436 ἠ
706 1403 815 1439 Ἀθηνᾶ,
840 1405 887 1430 καὶ
907 1406 957 1431 ἐπ-

164 1444 274 1471 εδίωκεν
293 1445 379 1479 αὐτὴν
401 1445 415 1470 ὁ
438 1445 601 1479 ”Ηφαιστο;.
626 1447 669 1474 ἵνα
694 1449 763 1483 αὐτῇ
780 1450 956 1486 συγγένηται·

164 1490 208 1516 καὶ
238 1489 390 1516 ἐπιδιώκων
411 1491 626 1527 ἀπεσπέρμηνεν
654 1494 694 1524 εἰς
721 1493 767 1519 τὸν
797 1494 883 1529 μηρὸν
907 1496 957 1530 τῆς

168 1535 293 1570 Ἀθηνᾶς.
323 1535 354 1561 Ἡ
377 1535 406 1561 δὲ
435 1535 537 1570 Ἀθηνᾶ
556 1536 683 1563 λαϐοῦσα
696 1537 785 1572 ἔριον,
804 1538 956 1573 ὲξεμάξατο

163 1581 190 1608 τὸ
210 1582 332 1617 σπέρμα,
349 1582 397 1608 καὶ
416 1582 526 1618 ἔρριψεν
547 1584 575 1609 ὲν
594 1585 627 1619 τῇ
652 1586 704 1620 γῇ-
725 1585 772 1611 καὶ
796 1585 904 1619 ἐγένετο
923 1587 955 1613 ὲκ

163 1628 209 1662 τῆς
224 1628 277 1663 γῆς
300 1628 408 1655 καὶτοῦ
431 1629 505 1664 ἐρίου
530 1629 673 1665 ἄνθρωπος
692 1631 902 1666 δρακοντόπους,
925 1633 955 1664 ὃς

162 1673 283 1699 ἐκαλεῖτο
309 1673 483 1708 Ἐριχθόνιος,
495 1674 550 1700 ἀπὸ
570 1675 616 1701 τοῦ
637 1675 710 1711 ἐρίου
728 1676 776 1703 καὶ
794 1677 842 1712 τῆς
860 1678 954 1712 χθονὸς

162 1719 250 1746 λαϐὼν
265 1719 296 1746 τὸ
310 1719 405 1755 ὄνομα.

283 1843 336 1876 κη’.
358 1841 426 1875 Περὶ
443 1841 624 1876 Ἡρακλέους
634 1844 829 1879 μαινομένου.

194 1907 309 1943 Μεγάρη
319 1908 390 1935 οὕτω
404 1909 569 1944 καλουμένη,
583 1910 717 1944 Κρέοντος
731 1910 778 1937 τοῦ
793 1911 890 1946 Θηϐῶν
904 1911 953 1946 βα-

162 1954 258 1986 σιλέως
268 1954 402 1989 θυγάτηρ,
418 1955 544 1991 ἐγαμήθη
563 1955 602 1990 τῷ
616 1956 757 1992 Ἡρακλεῖ,
775 1958 822 1984 καὶ
846 1958 954 1984 ἐπαιδο-

161 2001 270 2035 ποίησεν
284 2001 314 2032 ἐξ
322 2000 415 2027 αὑτοῦ.
424 2001 455 2027 'H
464 2001 492 2027 δὲ
501 2002 576 2037 Ἥρα
591 2003 717 2038 ἀπεχθῶς
729 2005 797 2040 πρὸς
810 2004 856 2031 τὸν
874 2006 953 2041 Ἠρα-

161 2047 223 2074 κλέα
232 2048 382 2082 ἐχουσαδιὰ
390 2047 618 2079 πολλὰ,ὲνέ6αλεν
632 2050 706 2084 αὐτῷ
720 2050 828 2085 μανίαν,
841 2052 886 2078 καὶ
899 2061 952 2087 μα-

161 2094 214 2124 νεὶς
238 2093 382 2120 ἀπέκτεινε
400 2093 434 2120 τὰ
455 2093 552 2120 ἑαυτοῦ
577 2095 669 2129 τέκνα,
699 2096 717 2123 ἃ.
739 2096 816 2132 ἔσχεν
839 2098 871 2124 ἐκ
901 2099 952 2134 τῆς

161 2139 302 2175 Maxume.

275 2207 326 2234 20'.
356 2207 427 2241 Περὶ
449 2209 515 2240 Διὸς
542 2208 639 2236 πάντα
668 2210 836 2244 γινομένου.

193 2261 310 2296 Λέγεται
325 2263 339 2289 ὁ
348 2263 424 2295 Ζεὺς,
434 2264 559 2299 ἐρασθεὶς
570 2265 619 2300 τῆς
630 2266 747 2301 Δανάης,
755 2267 855 2302 χρυσὸς
871 2269 948 2303 γενέ-

161 2307 230 2340 σθαι,
238 2309 285 2335 καὶ
294 2308 403 2343 ῥυῆναι,
411 2309 458 2335 καὶ
465 2309 550 2341 οὕτως
557 2311 625 2346 αὐτῇ
634 2313 824 2346 συγγενέσθαι.
833 2314 949 2349 Ὁμοίως

160 2353 282 2387 ἐρασθεὶς
301 2355 347 2381 καὶ
365 2355 546 2391 Γανυμήδους,
567 2357 645 2389 ἀετὸς
656 2359 764 2392 ἐγένετο
776 2369 782 2376 '
804 2361 850 2387 καὶ
862 2360 949 2392 οὕτως

160 2400 201 2425 ἀεὶ
221 2400 400 2435 μετεϐάλλετο
424 2403 612 2437 μαγγανείαις,
642 2404 730 2431 πάντα
750 2405 891 2441 γινόμενος
914 2407 947 2433 δι’

160 2445 336 2480 ἁγαθαρσίαν,
347 2447 361 2472 6
376 2448 440 2482 παρ’
452 2447 543 2479 αὐτοῖς
555 2447 720 2483 ἐξοχώτατος
735 2450 807 2483 θεὸς,
818 2451 866 2477 καὶ
876 2451 943 2478 πάν-

159 2499 206 2522 τας
217 2492 279 2524 τοὺς
292 2492 388 2525 ἄλλους
404 2493 481 2525 θεοὺς
497 2494 617 2521 ἀνέλκων
633 2495 672 2527 εἰς
686 2495 828 2531 οὐρανούς.

348 2647 380 2674 λ’.
402 2648 472 2682 Περὶ
486 2648 581 2683 τάφου
602 2648 654 2675 τοῦ
668 2649 743 2682 Διός.

192 2702 307 2737 Λέγεται
328 2704 342 2729 6
366 2704 433 2735 Ζεὺς
454 2705 589 2740 τραφῆναι
613 2705 660 2731 καὶ
686 2704 830 2731 ἀποθανεῖν
854 2705 884 2731 ἐν
909 2706 942 2740 τῇ

158 2748 263 2785 Κρήτῃ,
282 2749 329 2776 καὶ
340 2750 399 2776 ἐκεῖ
407 2748 476 2776 εἶναι
498 2750 580 2776 αὑτοῦ
600 2750 645 2776 τὸν
660 2751 755 2785 τάφον,
773 2752 801 2776 ἐν
818 2747 840 2784 ᾧ
854 2751 945 2784 ἐπιγέ-

156 2801 276 2828 γραπται
284 2793 330 2821 τοῦ
343 2795 404 2826 Διὸς
416 2796 510 2830 τάφος,
519 2795 589 2822 ὥστε
600 2793 669 2822 εἶναι
680 2797 760 2824 αὑτὸν
771 2797 881 2832 ἔλεγχον
888 2797 943 2824 τῶν

192 2883 249 2919 (:56)
268 2883 299 2911 Ε.
323 2883 589 2919 προπετίυσάμενος.
607 2883 680 2912 Enn.

676 862 838 916 ίΑφρςξξίτης
874 868 981 905 ἱστορία
1010 872 1136 900 ἐντεῦθεν
1153 873 1311 910 ἐξήρτηται,
1334 875 1374 901 ὃτι
1391 876 1477 911 πόρνη
1490 862 1542 912 νῆν.
1554 862 1560 865 1
1572 862 1732 913 Ἐμοιχεύθη

657 907 706 942 τῆς
732 908 832 944 μίξεως
851 913 936 950 αὐτὴν
976 916 1102 951 λέγουσιν
1127 907 1225 954 ἔφορον
1249 907 1318 947 εἶναι
1341 920 1366 946 oi
1391 907 1531 956 Ἕλληνες.
1561 907 1610 948 Διά
1626 907 1704 949 τόθτο

1400 1015 1407 1024 1

1078 1033 1123 1062 27,
1144 1033 1181 1060 De
1194 1033 1222 1060 Μ
1225 1035 1315 1061 inerua
1331 1035 1430 1070 virgine
1445 1035 1587 1063 draconem
1602 1038 1730 1070 pariente.

1044 1090 1112 1118 Cum
1128 1090 1234 1125 Jupiter
1255 1091 1406 1119 Minervam
1416 1100 1447 1119 ex
1458 1093 1572 1120 cerebro
1588 1101 1639 1121 suo
1657 1102 1803 1128 procreare

1009 1136 1109 1168 vellet,
1135 1144 1327 1173 quaereretque
1349 1139 1480 1173 aliquem,
1498 1139 1544 1174 qui
1571 1139 1652 1167 facile
1674 1145 1702 1168 et
1717 1149 1802 1176 parvo

1007 1189 1071 1209 cum
1086 1182 1182 1210 dolore
1199 1187 1282 1217 caput
1297 1184 1385 1218 ipsius
1407 1183 1512 1218 feriret,
1524 1185 1609 1212 utilia
1622 1186 1648 1212 in
1663 1187 1745 1214 vitam
1758 1187 1801 1215 lu-

1008 1236 1124 1263 cemque
1139 1230 1272 1264 prodiret,
1285 1229 1318 1257 de
1332 1230 1384 1257 hac
1400 1238 1430 1258 re
1445 1238 1507 1258 cum
1522 1232 1643 1259 Vulcano
1660 1233 1743 1260 verba
1762 1233 1802 1261 l'e-

1010 1273 1058 1301 cit.
1075 1273 1217 1303 Vulcanus
1233 1280 1324 1303 autem
1339 1276 1393 1307 ,hac
1410 1284 1464 1302 una
1480 1277 1640 1305 conditione
1653 1283 1736 1313 caput
1749 1279 1802 1314 ipsi

1008 1326 1103 1347 secare
1115 1320 1213 1353 voluit,
1234 1325 1263 1347 ut
1277 1328 1337 1348 eam
1353 1329 1414 1356 qua:
1427 1329 1490 1348 mox
1505 1323 1646 1350 nascitura
1661 1330 1731 1355 erat.
1752 1325 1800 1352 dc-

1009 1365 1169 1399 virginarct.
1187 1366 1271 1402 quue
1292 1369 1419 1403 promisit
1435 1367 1553 1403 Jupiter.
1575 1369 1691 1404 Accepta
1709 1370 1802 1405 itaque

1008 1411 1100 1438 securi
1119 1410 1259 1440 Vulcanus
1279 1411 1354 1440 Jovis
1377 1418 1459 1446 caput
1487 1414 1600 1445 scindit.
1619 1415 1714 1450 sicque
1734 1416 1802 1442 exiit

1008 1456 1129 1484 Minerva
1149 1467 1155 1484 :
1170 1466 1252 1493 quam
1269 1460 1394 1494 protinus
1405 1460 1547 1488 Vulcanus
1562 1463 1688 1496 persequi
1704 1463 1799 1497 coepit,

1007 1506 1036 1528 ut
1050 1510 1113 1530 cum
1126 1511 1157 1530 ea
1170 1512 1226 1531 rem
1244 1505 1366 1533 haberet.
1380 1506 1469 1541 Atque
1480 1507 1526 1534 illa
1543 1507 1698 1536 insectione
1710 1509 1736 1535 in
1748 1508 1798 1536 Mi-

1005 1555 1096 1575 nerva:
1114 1549 1204 1577 femur
1227 1559 1319 1579 semen
1342 1552 1423 1586 fudit,
1443 1553 1516 1589 quod
1542 1555 1654 1589 quidem
1677 1555 1799 1582 Minerva

1004 1594 1067 1622 lana
1084 1600 1197 1631 accepta
1214 1598 1338 1630 extersit,
1352 1603 1436 1634 atque
1451 1600 1478 1627 in
1503 1605 1604 1628 terram
1626 1601 1739 1637 ahjecit.
1759 1602 1799 1628 lta

1003 1644 1109 1668 eterra
1130 1649 1162 1669 ac
1189 1642 1250 1670 lana
1273 1644 1319 1670 illa
1344 1646 1450 1672 exstitit
1477 1646 1559 1673 homo
1576 1646 1706 1675 draconis
1717 1648 1800 1682 pedes

1007 1688 1122 1720 habens,
1134 1689 1182 1723 qui
1200 1690 1316 1724 proinde
1327 1690 1525 1720 Erichthonius
1543 1699 1668 1725 vocatur,
1687 1695 1741 1720 ἀπὸ
1752 1694 1800 1721 τοῦ

1006 1733 1081 1768 ἐρίου
1095 1735 1141 1761 καὶ
1157 1736 1206 1770 τῆς
1219 1735 1324 1770 χθονός,
1342 1737 1367 1764 id
1383 1742 1436 1770 est,
1459 1746 1474 1765 a
1494 1739 1555 1765 lana
1570 1743 1597 1766 et
1609 1744 1682 1767 terra
1699 1748 1798 1767 nomcn

965 1787 986 1814 ρ
1003 1779 1119 1809 habens.

1164 1847 1210 1874 28.
1227 1847 1265 1875 De
1280 1848 1390 1884 Megara
1408 1850 1532 1878 Herculis
1547 1860 1640 1880 utare.

1040 1914 1149 1949 Megara
1167 1914 1296 1943 Creontis
1321 1913 1478 1945 Thebarum
1502 1919 1576 1954 regis
1601 1919 1657 1947 illia
1683 1919 1796 1949 llerculi

1004 1962 1108 1996 nupsit,
1121 1969 1153 1988 ex
1172 1970 1260 1997 eoque
1275 1963 1378 1992 liberos
1395 1964 1501 1992 habuit.
1519 1965 1553 1992 At
1565 1965 1637 1994 Juno
1657 1967 1750 1995 multis
1763 1967 1796 1996 dc

1003 2007 1094 2035 causis
1109 2007 1252 2036 Herculem
1273 2009 1374 2037 infesto
1388 2011 1452 2038 odio
1467 2019 1648 2047 persequens,
1669 2013 1791 2041 furorem

1002 2053 1054 2088 ipsi
1069 2053 1174 2088 injecit.
1193 2054 1252 2087 Quo
1272 2056 1396 2090 percitus
1417 2056 1464 2084 ille
1489 2057 1573 2090 ﬁlios,
1589 2066 1659 2094 quos
1679 2067 1712 2086 ex
1737 2059 1795 2088 Me-

1002 2108 1069 2136 gara
1085 2101 1247 2134 sustulerat,
1263 2102 1450 2130 obtruncavit.

1018 2167 1064 2195 29.
1081 2168 1119 2196 De
1126 2177 1167 2202 eo,
1180 2170 1249 2204 quod
1263 2170 1301 2196 ait
1314 2169 1467 2205 Gregorius,
1482 2170 1573 2198 Jovem
1590 2172 1621 2198 ob
1638 2172 1776 2200 libidinem

1186 2209 1211 2231 et
1227 2205 1395 2233 salacitatem
1412 2206 1514 2242 quidvis
1525 2207 1602 2242 eﬂici.

1033 2260 1139 2296 Jupiter
1164 2261 1270 2290 Danaes
1292 2271 1386 2291 amore
1407 2262 1527 2299 ﬂagrans
1552 2272 1650 2292 aurum
1676 2265 1795 2294 effectus

1000 2312 1052 2340 est,
1070 2316 1103 2335 ac
1126 2308 1245 2335 difﬂuxit
1271 2318 1277 2335 :
1296 2309 1392 2344 sicque
1409 2318 1471 2336 cum
1496 2318 1527 2337 ea
1544 2318 1712 2345 congressus
1737 2316 1790 2339 est.

999 2355 1101 2383 Eodem
1123 2355 1203 2383 modo
1223 2355 1390 2392 Ganymedis
1414 2364 1508 2384 amore
1531 2363 1676 2392 correptus
1699 2358 1795 2392 aquila.

999 2400 1088 2428 factus
1106 2405 1159 2428 est.
1173 2401 1262 2436 Atque
1286 2402 1325 2429 ita
1350 2402 1472 2436 seipsum
1499 2402 1617 2430 subinde
1644 2404 1795 2438 praestigiis

998 2446 1163 2481 quibusdam
1190 2447 1218 2474 in
1240 2447 1309 2475 alias
1340 2448 1462 2483 aliasque
1484 2448 1587 2476 formas
1618 2448 1790 2483 immutahal,

997 2497 1079 2527 atque
1096 2493 1132 2519 ob
1146 2493 1282 2527 impuram
1300 2493 1441 2520 libidinem
1457 2493 1484 2520 in
1496 2494 1607 2528 quidvis
1622 2495 1792 2524 vertebatur.

994 2539 1049 2571 ille,
1068 2539 1188 2574 inquam,
1209 2540 1453 2574 praestantissimus
1469 2540 1542 2575 apud
1563 2541 1689 2568 ethnicos
1710 2541 1792 2575 deus,

994 2589 1076 2619 atque
1089 2593 1185 2614 omnes
1199 2585 1266 2613 deos
1278 2586 1304 2613 vi
1323 2587 1356 2614 ad
1374 2594 1405 2614 se
1418 2587 1446 2613 in
1462 2587 1562 2614 coelum
1575 2588 1700 2615 trahens.

1150 2649 1194 2677 50.
1214 2649 1251 2677 De
1265 2649 1340 2677 Jovis
1360 2650 1479 2685 sepulcro
1494 2651 1521 2678 in
1542 2651 1631 2678 Creta.

1032 2704 1139 2740 Jupiter
1154 2705 1183 2732 in
1197 2706 1277 2734 Creta
1293 2706 1364 2734 diem
1382 2708 1446 2734 vitae
1468 2711 1623 2735 extremum
1653 2707 1788 2735 clausisse

997 2755 1080 2786 atque
1097 2751 1180 2779 humo
1195 2752 1324 2780 conditus
1341 2752 1429 2781 fuisse
1440 2753 1543 2780 dicitur
1560 2762 1566 2780 :
1582 2754 1674 2788 ibique
1687 2761 1785 2781 monu-

998 2801 1121 2824 mentum
1141 2797 1228 2833 ipsius
1243 2806 1316 2831 esse,
1328 2800 1355 2826 in
1367 2807 1421 2835 quo
1433 2798 1527 2828 Jovem
1544 2799 1600 2827 illic
1613 2799 1707 2835 jacere
1722 2807 1784 2827 cre-
