2046 3131
243 149 308 178 {Otii

928 142 1070 171 NONNUS
1086 141 1197 169 ABBAS

1800 132 1870 161 1033

241 205 332 235 datur.
350 202 484 238 insnripto
504 202 594 229 docet.
620 200 712 236 quue
735 200 862 228 convinci
878 200 1024 227 amentiam

1082 197 1211 231 λεγόντων
1226 195 1271 221 τὸν
1282 195 1330 221 Δία
1341 193 1410 220 θεόν.
1440 193 1609 227 Ἐλέγχονται
1627 190 1690 226 γὰρ,
1701 191 1742 217 ὅτι
1760 189 1807 216 καὶ
1823 190 1870 216 ἂν·

241 254 268 276 et
280 249 424 276 vanitatem
441 255 545 280 eorum,
556 248 603 282 qui
617 247 710 274 Jovem
723 246 803 274 deum
816 254 877 274 esse
887 249 1026 273 asserunt.

241 294 280 321 Ex
295 303 328 322 eo
344 294 416 321 enim
432 294 644 325 ionvincuntur,
667 293 731 327 quia
753 297 781 320 et
805 292 887 319 homo
905 295 976 323 erat.
1000 295 1028 318 et

241 345 367 368 mortuus
378 346 429 372 est,
443 344 469 367 et
481 340 555 374 jacet
569 340 595 366 in
609 340 700 367 Creta.

1081 243 1188 279 θρωπος
1198 240 1231 277 ἦν
1246 241 1292 268 καὶ
1309 241 1424 275 τέθνηκε
1439 239 1486 266 καὶ
1499 241 1588 265 κεῖται
1607 239 1635 264 ὲν
1650 239 1683 272 τῇ
1697 236 1805 271 Κρήτῃ.

870 394 914 422 3t.
929 394 967 421 De
980 393 1075 421 Lucrio
1095 393 1144 421 deo
1168 393 1234 428 (57).

277 443 316 472 De
333 443 384 470 hoc
400 443 509 470 tametsi
525 442 665 478 superiore
676 442 801 469 oratione
816 441 948 472 diximus,
967 440 1019 467 hoc
1035 443 1126 466 tamen
1146 446 1219 466 nunc
1237 445 1346 473 quoque
1360 437 1488 470 dicimus,
1501 436 1668 464 Mercurium
1681 440 1777 468 nempe
1792 432 1867 467 apud

242 489 368 517 ethnicos
385 490 454 516 lucri
472 489 614 524 praesidem
627 496 688 516 esse
704 507 711 514 .
732 487 808 515 Unde
819 486 901 515 etiam
919 487 1088 521 marsupium
1105 486 1157 520 ipsi
1171 484 1333 520 gestandum
1349 484 1484 516 tribuunt,
1503 491 1535 510 ac
1562 482 1698 509 furtorum
1716 480 1866 507 antistitem

243 538 332 573 ipsum
344 538 440 565 dicunt
458 547 463 564 :
489 545 520 564 ac
534 536 652 573 κερδῷον
664 541 691 564 et
704 537 804 571 λόγιον,
822 540 849 563 et
862 536 978 569 ἄγγελον
990 539 1017 562 et

1082 536 1161 570 νραῑον
1172 537 1199 560 et
1214 533 1321 564 κλῶπα,
1334 536 1361 559 et
1372 531 1506 566 ejusmodi
1518 529 1675 558 nominibus
1687 535 1749 555 eum
1774 526 1867 561 appel-

241 584 310 617 lant,
328 586 354 613 id
369 591 420 617 est.
439 586 551 612 lucrium
568 586 631 620 (hoc
643 586 715 613 enim
727 586 838 612 nomine
850 584 989 611 Arnobius
1004 583 1100 618 utitur)
1116 586 1144 610 et
1159 581 1302 616 facundum
1313 584 1340 608 et
1354 581 1473 607 nuntium
1487 583 1515 606 et
1531 579 1658 608 forensem
1674 580 1701 604 et
1715 576 1811 609 furem.

272 657 315 685 52.
331 657 366 683 Dc
384 657 480 683 honore
492 665 542 691 quo
559 655 638 682 Nilus
655 656 687 682 ab
703 655 837 690 zEgypliis
860 654 989 688 afﬁcitur.

278 712 316 740 De
331 713 381 740 hac
393 713 508 740 historia
528 712 630 739 nullam
646 713 812 739 mentionem
823 710 976 738 Herodotus
988 709 1028 736 l’a—

242 760 290 786 cit.
306 759 383 794 Apud
399 758 592 785 Aristaznetum
611 761 702 784 autem
730 757 867 784 rhetorem
888 757 940 784 hoc
963 757 1026 791 legi.

243 805 387 840 (Egyptios
400 803 498 831 festum
511 803 633 830 solemne
645 802 706 830 Nilo
723 803 872 837 publicitus
888 803 1027 829 celebrare

1331 647 1381 682 λβ’.
1402 647 1471 681 Περὶ
1485 647 1604 672 Νείλου.

1120 706 1260 742 Ἡρόδοτος
1273 705 1349 732 οὐδὲν
1363 704 1434 738 λέγει
1446 711 1452 717 ·
1464 703 1584 736 ἀνέγνων
1595 702 1623 728 δὲ
1634 700 1710 736 παρὰ
1734 701 1870 735 Ἀρισται-

1078 752 1146 787 νέτῳ
1156 751 1194 787 τῷ
1205 751 1421 786 ἱστορικῷ,ὂστις
1434 749 1545 784 ἱστορεῖ,
1553 749 1594 774 ὅτι
1604 746 1776 780 ἑορτάζουσιν
1787 744 1868 778 Αἰγύ-

1079 806 1151 825 πτιοι
1165 797 1203 832 τῷ
1218 797 1306 832 Νείλῳ
1320 796 1416 831 ἑορτὴν
1433 793 1568 830 πανδημεὶ
1590 793 1688 824 πάντες
1712 791 1760 818 καὶ
1780 791 1869 816 πᾶσαι

244 856 327 886 atque
341 858 436 877 omnes
451 854 504 876 tam
517 849 591 876 viros
609 856 690 883 quam
709 849 839 876 mulieres
861 848 894 875 ad
918 848 1026 875 urbium

1082 843 1218 880 ἐρχόμενοι
1239 842 1347 877 περὶτὰ
1357 841 1457 876 θέατρα
1473 840 1526 867 τῶν
1539 839 1653 870 πόλεων,
1676 839 1785 865 κάκεῖσε
1811 835 1869 862 θοι-

242 897 348 923 theatra
363 903 424 922 sese
434 895 570 927 conferre,
588 895 698 929 illicque
713 902 781 929 quas
792 895 908 929 quisque
920 899 947 921 et
960 902 1030 928 qua:-

243 950 296 976 que
310 942 406 976 epulas
423 941 531 971 habeat,
556 940 656 967 esitare
670 947 677 966 :
697 947 728 966 ac
746 945 802 966 tum
823 939 947 966 instituta
959 947 1030 966 eom-

243 987 318 1014 Innni
337 986 436 1013 chorea
453 986 568 1020 hymnos
583 985 694 1012 eosdem
710 984 769 1012 Nilo
790 985 942 1016 cantillare,
961 992 1030 1018 quos

243 1030 303 1058 lavi
318 1038 416 1058 canere
428 1031 534 1057 solent:
558 1033 686 1064 tanquam
704 1029 830 1057 videlicet
857 1029 936 1056 Nilus
954 1028 1030 1056 Juvis

242 1085 311 1112 opus
325 1077 391 1111 ipsis
402 1080 578 1110 exsequatur,
591 1084 622 1102 ac
636 1076 738 1110 regioni
755 1075 972 1110 ιιιωειι.1(1είτοο
986 1082 1032 1101 au-

243 1129 297 1152 tem
321 1125 438 1151 lortasse
461 1123 683 1158 androgynorum
701 1123 818 1149 honores
843 1126 932 1153 vocat.
957 1121 1029 1156 quod

243 1171 317 1198 omni
332 1165 484 1204 frequentih
498 1168 549 1195 viri
564 1176 596 1194 ac
610 1168 740 1196 mulieres
753 1167 980 1204 perbacchentur,
999 1175 1031 1194 ac

243 1222 442 1250 expet-umero,
455 1219 483 1241 ut
494 1215 520 1241 in
536 1214 706 1244 temulentia.
735 1214 841 1240 libidini
861 1213 1030 1248 indulgeant.

410 1281 455 1308 '55.
467 1279 506 1306 De
525 1279 596 1306 Iside
608 1284 632 1307 et
649 1278 827 1306 Meruit-tibus.

278 1339 330 1367 isis
344 1338 415 1374 apud
430 1337 578 1373 Egyptios
599 1345 766 1373 magnopere
783 1338 896 1364 colitur.
911 1337 938 1363 lo
959 1337 1031 1364 hanc

242 1394 305 1413 esse
323 1385 430 1416 dicunt,
452 1392 513 1419 qua:
525 1392 539 1410 a
554 1383 620 1411 Jove
635 1384 709 1419 Argo
719 1387 813 1419 erepta
828 1387 880 1416 est,
905 1388 986 1418 atque
1002 1385 1030 1409 in

244 1431 340 1459 bovem
359 1435 540 1458 commutata.
556 1430 667 1458 Cornua
684 1431 757 1457 enim
776 1430 851 1457 circa
867 1430 955 1464 ipsius
972 1433 1030 1456 sta-

244 1482 297 1505 tuae
316 1483 399 1512 caput
422 1479 585 1513 appingunt.
602 1478 631 1505 in
651 1485 746 1505 eorum
763 1476 849 1508 enim,
871 1480 901 1502 ut
913 1476 970 1510 jam
988 1474 1030 1502 di-

1081 890 1180 916 νῶνται
1189 890 1303 920 ἕκαστος
1314 888 1329 914 ὃ
1341 887 1407 922 ἔχει,
1416 886 1512 922 χορούς
1525 894 1556 912 τε
1566 884 1764 920 συστησάμενοι
1775 882 1869 918 ᾄδουσι

1080 934 1119 968 τῷ
1135 934 1224 968 Νείλῳ
1239 933 1320 967 ᾠδὰς,
1333 931 1365 963 ἃς
1375 931 1414 966 τῷ
1424 932 1465 957 Διὶ
1475 930 1592 966 ᾄδουσιν,
1604 929 1642 960 ὡς
1657 928 1704 954 τοῦ
1721 926 1818 953 Νείλου
1836 926 1868 952 τὸ

1080 979 1127 1006 τοῦ
1151 979 1212 1010 Διὸς
1225 978 1304 1013 ἔργον
1321 976 1472 1007 ποιοῦντος,
1488 975 1535 1001 καὶ
1552 974 1677 1008 ἆρδοντος
1699 973 1748 1007 τὴν
1765 972 1867 1006 χώραν.

1087 1024 1270 1060 Ἀνδρογύνων
1280 1023 1308 1048 δὲ
1317 1022 1390 1048 δοκεῖ
1402 1022 1490 1055 λέγειν
1505 1020 1598 1055 τιμὰς,
1616 1019 1646 1045 τὸ
1661 1018 1795 1052 πανδημεὶ
1806 1016 1869 1046 τοὺς

1081 1071 1199 1106 ἄρρενας
1227 1069 1295 1103 μετὰ
1322 1068 1376 1094 τῶν
1402 1066 1541 1101 γυναικῶν
1570 1063 1783 1100 ἐκϐακχεύεσθαι
1821 1062 1870 1088 καὶ

1083 1116 1213 1147 πολλάκις
1234 1116 1262 1140 ἐν
1280 1114 1350 1150 μέθῃ
1366 1113 1547 1140 ἁσελναίνειν.

1197 1286 1247 1320 λγ’.
1269 1286 1339 1320 Περὶ
1363 1286 1472 1319 Ἴσιδος
1495 1286 1544 1313 καὶ
1561 1286 1748 1319 Μενδησιων.

1122 1344 1154 1370 'H
1164 1342 1232 1375 Ἶσις
1243 1345 1354 1379 τιμᾶται
1363 1344 1438 1379 παρὰ
1448 1345 1503 1375 τοῖς
1513 1342 1734 1377 Αἰγυπτίοις,καὶ
1744 1342 1870 1377 μεγάλως

1080 1391 1201 1424 τιμᾶται.
1219 1390 1334 1423 Λέγεται
1352 1389 1380 1416 δὲ
1399 1389 1468 1425 αὕτη
1487 1387 1556 1416 εἶναι
1578 1390 1595 1424 ἡ
1616 1388 1684 1423 Ίὼὴ
1697 1387 1868 1423 ἁρπασθεῖσα

1086 1435 1163 1471 παρὰ
1174 1435 1222 1462 τοῦ
1238 1435 1297 1467 me;
1305 1437 1337 1461 ἐκ
1351 1435 1396 1461 τοῦ
1413 1436 1532 1470 ’Ἄργους
1552 1435 1597 1461 καὶ
1614 1434 1812 1470 μεταϐληθεῐσα
1828 1433 1869 1463 εἰς

1084 1479 1158 1515 βοῦν.
1177 1480 1287 1515 Κέρατα
1304 1480 1359 1515 γὰρ
1374 1480 1438 1514 περὶ
1452 1479 1501 1515 τὴν
1514 1479 1635 1514 κεφαλὴν
1651 1478 1698 1505 τοῦ
1714 1478 1870 1513 ἀγάλματος

244 1524 345 1553 ximus.
363 1524 435 1558 apud
452 1523 597 1558 Egyptios
618 1530 733 1549 numero
749 1527 801 1553 est,
823 1529 884 1556 quae
899 1521 1027 1548 maximis

1082 1526 1164 1561 αὐτῆς
1181 1525 1313 1553 ποιοῦσιν.
1338 1526 1382 1557 Ὠς
1397 1524 1475 1552 εἷπον
1491 1525 1530 1558 δὲ,
1545 1525 1598 1552 τῶν
1615 1525 1685 1552 πάνυ
1706 1525 1870 1560 τιμωμένων

245 1569 397 1597 honoribus
409 1569 580 1596 afﬁciuntur.
593 1568 795 1596 Mendesioruln
807 1573 899 1595 autem
911 1568 1026 1595 historia

244 1621 286 1644 cst
307 1615 464 1650 hnjusmodi
481 1623 489 1640 :
504 1615 627 1651 Aigyptii
650 1615 724 1642 Pana
745 1615 894 1641 Mendelem
920 1617 1028 1644 vocant,

245 1661 373 1695 quoniam
396 1661 488 1695 lingua
509 1661 632 1695 ipsorum
665 1659 777 1687 Mendes
806 1660 912 1686 hircum
937 1662 1027 1686 sonat.

244 1705 300 1734 Pan
316 1714 399 1741 porro
421 1707 555 1733 hircinam
575 1705 691 1733 formam
714 1706 806 1732 habet.
826 1705 913 1732 Tanta
938 1709 1028 1732 autem

245 1753 375 1788 religione
395 1752 548 1780 Mendetem
571 1752 645 1779 hunc
667 1752 725 1780 sive
746 1751 821 1778 Pana
838 1752 943 1782 colunt,
969 1755 1029 1778 uta

245 1799 334 1833 capris
349 1806 459 1834 quoque
467 1798 579 1825 omnino
592 1798 758 1830 abstineant,
777 1797 849 1832 quod
869 1796 940 1824 Deus
956 1797 1030 1831 ipso—

245 1850 305 1870 rum
334 1844 448 1878 caprina
467 1843 556 1870 forma
575 1843 620 1870 sit.
654 1842 713 1869 Jam
735 1850 800 1870 vero
820 1842 923 1876 Apides
944 1842 1029 1869 boves

245 1893 318 1921 sunt,
331 1889 378 1924 qui
394 1897 493 1924 magno
507 1889 534 1915 in
551 1889 654 1916 honore
676 1889 747 1923 apud
764 1887 907 1923 Egyplios
926 1888 1030 1915 haben-

245 1938 299 1961 tur.
316 1933 465 1961 l‘ariebant
478 1938 569 1962 autem
586 1934 638 1965 illi.
661 1934 724 1960 licet
738 1934 842 1968 alioqui
859 1934 920 1968 puri
945 1937 1027 1968 atque

245 1981 396 2016 incorrupti
417 1981 534 2016 pristino
559 1985 681 2015 tempore
700 1980 836 2012 iuiSsent;
867 1980 1030 2014 signumque

246 2027 354 2062 aliquod
367 2027 514 2059 habebant,
534 2034 567 2054 ex
587 2034 642 2062 quo
660 2026 731 2061 apud
750 2025 894 2061 Egyptios
919 2031 1030 2052 conslaé

245 2074 290 2100 bat
304 2073 406 2108 Apides
423 2081 471 2100 eos
484 2081 557 2106 esse,
572 2080 604 2100 ac
625 2073 708 2106 longo
726 2072 859 2106 temporis
876 2071 966 2107 spatio
986 2072 1029 2107 gi-

246 2119 411 2154 gnebantur.
434 2119 502 2146 Cum
526 2123 618 2146 autem
644 2122 808 2153 procreatus
830 2118 928 2146 luisset
951 2118 1029 2153 Apis,

247 2166 394 2192 maximum
415 2165 516 2193 festum
531 2165 607 2192 circa
622 2172 684 2191 eum
700 2163 823 2199 Aigyptii
839 2163 1030 2196 celebrabant,

246 2219 276 2239 ac
298 2211 455 2239 sacerdotes
471 2212 553 2238 etiam
574 2210 695 2245 quidam,
715 2218 762 2245 qui
784 2210 847 2237 bovi
873 2209 926 2244 ipsi
947 2217 1028 2237 sacra

246 2257 391 2285 iaciebant.
411 2257 490 2290 Quod
512 2261 601 2284 autem
623 2256 662 2283 ait
681 2256 832 2291 Gregorius
856 2255 930 2283 feras
951 2263 1032 2290 quas-

247 2303 306 2331 dam
320 2307 493 2338 portentosas
505 2302 720 2338 compositaque
734 2307 850 2334 naturae,
872 2303 924 2330 hoc
949 2303 1031 2330 intelv

247 2349 314 2384 ligit,
330 2349 403 2384 quod
427 2349 486 2384 ipse
500 2357 610 2384 quoque
624 2347 800 2376 Alexandriae
811 2349 877 2381 vidi,
898 2348 1030 2376 nimirum

244 2395 408 2429 perexiguae
425 2394 558 2429 quasdam
582 2398 700 2426 statuas,
723 2399 806 2429 caput
821 2394 898 2421 canis
925 2394 1029 2421 haben—

247 2449 286 2467 tes
298 2446 380 2476 atque
394 2440 530 2468 adnexum
551 2440 626 2468 aliud
646 2445 729 2475 caput
747 2441 817 2473 felis,
837 2440 966 2474 aliudque
989 2440 1030 2466 in-

247 2495 326 2522 super
350 2487 501 2521 accipitris.
527 2487 593 2519 Qua‘
615 2487 724 2521 quidem
746 2486 867 2521 Egyptii
889 2487 1028 2519 colebant,

1079 1569 1112 1606 ἦν
1138 1571 1202 1606 παρ’
1220 1570 1387 1604 Αἰγυπτίοις.
1417 1571 1449 1596 Ἡ
1475 1570 1503 1596 δὲ
1525 1571 1590 1605 περὶ
1609 1571 1672 1601 τοὺς
1693 1569 1871 1605 Μενδησίους,

1079 1617 1153 1642 ἐστὶν
1168 1616 1248 1652 αὕτη·
1273 1616 1325 1642 Τὸν
1351 1617 1426 1642 Πᾶνα
1442 1615 1568 1651 Μένδητα
1592 1615 1720 1642 καλοῦσιν
1739 1616 1765 1641 οἱ
1788 1615 1868 1648 Αἰγύ-

1080 1670 1163 1693 πτιοι,
1179 1662 1223 1689 διὰ
1238 1662 1268 1688 τὸ
1286 1662 1333 1688 καὶ
1352 1662 1398 1688 τὸν
1420 1661 1520 1697 τράγον
1534 1663 1566 1697 τῇ
1583 1662 1635 1697 ἰδίᾳ
1650 1661 1782 1697 διαλέκτῳ
1797 1662 1870 1688 Μέν-

1078 1707 1146 1742 δητα
1163 1708 1266 1734 καλεῖν.
1289 1708 1320 1734 ’0
1344 1707 1372 1734 δὲ
1392 1707 1449 1734 Πὰν
1470 1707 1703 1743 τραγοπρόσωπός
1726 1709 1793 1734 ἐστι.
1820 1707 1871 1733 Σέ-

1078 1754 1170 1781 ὃονται
1183 1753 1229 1781 οὖν
1242 1754 1313 1780 οὕτω
1323 1754 1367 1780 τὸν
1381 1754 1509 1789 Μένδητα
1520 1754 1623 1785 τοῦτον,
1637 1754 1696 1789 ἤτοι
1711 1753 1757 1780 τὸν
1774 1753 1849 1780 Πᾶνα
1865 1772 1872 1783 .

1079 1800 1148 1826 ὥστε
1164 1800 1230 1835 μηδὲ
1248 1800 1377 1834 γεύεσθαι
1391 1799 1478 1833 αἰγῶν
1498 1800 1542 1826 διὰ
1554 1800 1584 1826 τὸ
1601 1800 1696 1826 τοῦτον
1711 1799 1781 1831 εἶδος
1798 1799 1871 1834 ἔχειν

1080 1846 1130 1881 τὴν
1151 1846 1205 1872 τῶν
1230 1846 1314 1880 αἰγῶν
1334 1846 1380 1872 τὸν
1405 1846 1481 1872 Πᾶνα
1504 1846 1550 1872 τὸν
1567 1846 1657 1872 αὐτῶν
1684 1845 1760 1871 Θεόν.
1786 1845 1818 1872 Ol.
1842 1844 1871 1870 δὲ

1083 1891 1205 1923 Ἀπιδες,
1225 1891 1287 1926 βοῦς
1303 1893 1356 1918 εἱσι
1376 1891 1527 1926 τιμώμενοι
1545 1891 1609 1926 παρ’
1625 1891 1799 1924 Αἰγυπτίοις·
1816 1890 1871 1916 ἐτί-

1080 1945 1175 1964 κτοντο
1190 1937 1218 1964 te
1230 1935 1302 1964 οὗτοι
1318 1937 1431 1972 καθαροὶ
1445 1937 1480 1971 δή
1497 1945 1578 1968 τινες,
1595 1937 1623 1962 ἐν
1639 1935 1678 1971 τῷ
1695 1935 1760 1970 πρὶν
1773 1935 1870 1970 χρόνῳ,

1081 1984 1129 2010 καὶ
1145 1986 1257 2018 σημεῖον
1271 1981 1342 2018 εἶχόν
1361 1991 1398 2015 τι,
1413 1983 1427 2008 δ
1441 1982 1534 2018 ἐδήλου
1548 1983 1646 2013 αὐτοὺς
1659 1980 1727 2008 εἶναι
1744 1981 1870 2012 Ἀπιδας.

1087 2028 1254 2062 Ἐγεννῶντο
1270 2028 1298 2054 δὲ
1317 2027 1361 2054 διὰ
1376 2028 1472 2063 χρόνου
1497 2026 1595 2053 πολλοῦ
1605 2035 1613 2042 ·
1630 2026 1699 2053 ὲπόιν
1715 2026 1743 2052 δὲ
1761 2026 1870 2059 ἐγεννή⁴

1083 2073 1178 2108 θησαν,
1202 2074 1299 2109 ἑορτὴν
1316 2074 1436 2108 μεγάλην
1451 2071 1518 2107 ἦγον
1539 2073 1564 2099 οἱ
1581 2071 1742 2106 Αἰγύπτιον
1761 2070 1809 2097 καὶ
1833 2071 1856 2096 ἱε

1085 2121 1140 2154 psi;
1153 2129 1225 2150 τινες
1239 2120 1303 2154 περὶ
1315 2120 1360 2146 τὸν
1373 2119 1535 2154 γεννηθέντα
1551 2119 1623 2154 βοῦν,
1638 2118 1735 2149 οἵτινες
1751 2117 1872 2152 ἱεροῦντο

1083 2165 1156 2200 αὐτῷ
1170 2165 1208 2200 τῷ
1227 2165 1278 2200 βοῒ.
1297 2165 1333 2191 Τὸ
1345 2165 1383 2194 δὲ.
1401 2166 1516 2201 γράφειν
1532 2165 1613 2200 θηρία
1633 2163 1747 2190 σύνθετα
1766 2164 1813 2190 καὶ
1826 2164 1871 2189 ἁλ-

1084 2212 1197 2243 λόκοτα,
1226 2211 1304 2238 τοῦτο
1326 2211 1417 2245 λέγει,
1441 2211 1456 2237 ὃ
1481 2211 1528 2238 καὶ
1554 2209 1622 2238 εἶδον
1647 2210 1702 2245 ἐγὼ
1726 2210 1796 2237 κατὰ
1822 2210 1871 2248 τῂν

1090 2257 1304 2292 Ἀλεξάνδρειαν,
1325 2257 1481 2292 ἀγαλμάτια
1509 2257 1611 2292 μικρὰ,
1631 2256 1725 2291 ἔχοντα
1750 2255 1872 2290 κεφαλὴν

1085 2302 1173 2334 κυνὸς,
1191 2303 1238 2329 καὶ
1254 2303 1468 2338 παραφυομένην
1484 2302 1605 2338 κεφαλὴν
1619 2302 1714 2338 ἑτέραν
1734 2301 1872 2337 αἰλούρου,

1085 2350 1131 2375 καὶ
1148 2349 1243 2384 ἑτέραν
1268 2349 1388 2384 ἱέρακος,
1409 2351 1455 2376 καὶ
1479 2350 1604 2376 ὲσὲὗοντο
1623 2349 1708 2375 ταῦτα
1730 2350 1755 2374 οἰ
1774 2348 1871 2383 Ἕλλης

1083 2398 1138 2428 veg",
1152 2395 1198 2421 καὶ
1213 2396 1241 2420 ὲν
1257 2395 1359 2422 εἰκόσιν
1375 2396 1535 2430 ἐνέγραφον.
1553 2396 1590 2422 Οὐ
1607 2395 1686 2430 μόνον
1701 2395 1729 2420 δὲ
1744 2393 1871 2428 τοιαύτην

1085 2441 1165 2475 φύσιν
1181 2441 1342 2476 ἐνέγραφον,
1358 2441 1426 2468 ἀλλά
1444 2433 1492 2468 iul.
1503 2441 1570 2468 ἄλλα
1584 2441 1756 2476 θηριόμορφά
1771 2449 1842 2472 τινα,
1855 2441 1871 2468 ἃ

1083 2487 1208 2514 ἐσέϐοντο
1224 2488 1249 2514 οἱ
1268 2486 1430 2521 Αἰγύπτιοι·
1447 2487 1465 2514 ἃ
1482 2487 1562 2522 θέμις
1575 2488 1625 2514 οὐχ
1643 2487 1710 2514 ἔστι.

247 2533 400 2568 statuisque
424 2533 625 2561 inscribebant.
646 2533 703 2560 Nec
724 2542 789 2560 vero
808 2534 909 2568 pictam
924 2533 1080 2568 hnjusmodi
1102 2539 1226 2562 naturam
1240 2523 1453 2566 venerabantur,
1481 2533 1530 2561 sed
1561 2534 1643 2560 etiam
1671 2533 1777 2560 belluas
1803 2532 1873 2560 alias

248 2584 347 2612 inulas,
362 2587 432 2614 quas
447 2579 525 2607 nefas
539 2586 582 2607 est
601 2580 738 2607 venerari.

446 2639 492 2667 54.
513 2639 552 2666 De
572 2638 645 2666 Pan:
671 2644 696 2666 et
725 2639 835 2674 Priapo.

279 2705 372 2733 Panos
392 2705 508 2733 historia
528 2705 568 2732 sic
591 2713 620 2732 se
639 2705 721 2732 habet
737 2704 861 2732 :Fernnt
881 2703 1030 2739 Penelopes

249 2752 340 2779 uxoris
358 2751 465 2787 Ulyssis
487 2759 584 2785 procos
602 2750 674 2785 apud
694 2758 754 2777 eam
776 2750 916 2777 obstinato
937 2749 1031 2776 animo

250 2799 394 2830 mansisse,
416 2799 581 2833 tandemque
603 2806 699 2826 omnes
722 2805 752 2824 ea
777 2797 878 2831 potitos
899 2804 969 2827 esse,
994 2804 1026 2823 cx

282 2879 341 2912 (εἴ)
362 2878 424 2906 ll.ec
444 2879 540 2906 omittit
562 2877 684 2906 Nonnus.

1153 2637 1199 2664 λδ’.
1220 2635 1289 2671 Περὶ
1306 2635 1359 2662 τοῦ
1384 2635 1516 2669 Πριάπου
1537 2635 1587 2662 καὶ
1607 2633 1660 2661 τοῦ
1682 2634 1792 2666 Πανός.

1121 2703 1247 2736 Λέγεται,
1261 2704 1300 2730 ὅτι
1314 2702 1357 2729 ὅτε
1382 2702 1406 2728 οἱ
1431 2702 1584 2737 μνηστῆρες
1607 2702 1640 2736 τῇ
1668 2700 1809 2735 Πηνελόπῃ
1837 2701 1870 2735 τῇ

1084 2748 1131 2775 τοῦ
1147 2749 1294 2779 Ὀδυσσέως
1305 2750 1414 2781 γυναικὶ
1426 2748 1588 2782 παρέμενον,
1604 2747 1786 2782 τυνεμίγησαν
1799 2747 1869 2780 αὐτῇ

1216 2796 1261 2822 καὶ
1281 2795 1412 2828 ἐγεννήθη
1429 2795 1443 2821 ὁ
1459 2794 1526 2826 Πὰν,
1542 2794 1579 2825 ὡς
1595 2793 1641 2820 καὶ
1662 2794 1690 2819 ἐν
1712 2791 1752 2826 τῷ
1770 2792 1873 2826 πρώτῳ

1085 2796 1197 2827 ginta.
