2046 3131
214 158 283 186 1053

624 163 670 189 AD
689 163 717 190 S.
737 163 904 191 GREGORII
919 164 1024 192 ORAT.
1043 165 1065 193 ll
1086 166 1225 195 CONTRA
1241 169 1425 198 JULIANL'M.

1766 173 1835 203 1054

213 217 285 266 λόγῳ
303 217 427 254 εἴρηται·
446 220 504 247 Πὰν
520 220 547 247 δὲ
568 221 680 257 ἐκλήθη,
699 223 792 258 ἐπειδὴ
817 223 870 249 ἀπὸ
894 224 1001 251 πάντων

1057 227 1177 263 ipsisque
1199 230 1272 256 Pana
1286 230 1436 258 exstitisse.
1454 231 1542 266 Atque
1554 231 1657 260 idcirco
1675 232 1729 260 Pan
1743 233 1835 261 dictus

213 263 266 289 τῶν
291 266 455 301 μνηστήρων
480 267 642 303 συνελήφθη.
666 268 783 302 Λέγουσι
800 269 828 294 δὲ
847 269 1001 303 Αἰγύπτιοι,

215 308 300 344 αὐτῆς
313 310 366 344 τῆς
383 310 482 345 μίξεως
497 309 566 339 εἶναι
581 312 679 348 ἔφορον
692 314 737 340 τὸν
756 315 849 341 Πᾶνα’
868 314 943 341 ἐνθεν
957 316 1003 342 καὶ

215 355 385 391 τραγοσκελῆ
402 357 483 383 αὑτὸν
501 358 617 390 ποιοῦσι,
643 359 688 386 διὰ
711 359 742 385 τὸ
766 361 911 396 κατωφερῆ
933 359 1003 387 εἶναι

214 399 260 426 τὸν
282 401 384 436 τράγον
403 402 467 438 περὶ
489 403 539 434 τὰς
564 404 668 438 μίξεις,
689 405 719 432 ὃν
743 406 789 432 καὶ
808 406 936 433 καλοῦσιν
954 407 1003 432 Αι-

215 445 323 479 γύπτιοι
345 446 482 482 Μένδητα.
503 450 536 476 Ἠ
560 450 588 476 δὲ
611 452 675 486 περὶ
698 451 744 478 τὸν
771 452 903 487 Πρίαπον,
930 453 1004 479 ἐστὶν

215 490 284 527 αὕτη
295 500 301 507 ·
321 493 438 527 Λέγεται
457 495 526 530 μετὰ
539 497 569 522 τὸ
588 496 710 524 ἀνελθεῖν
724 497 773 533 τὴν
797 498 956 533 Ἀφροδίτην
972 500 1004 525 ὲκ

215 539 264 573 τῆς
274 539 427 574 Αἰθιοπίας,
445 541 543 573 κάλλος
559 542 712 578 ἀμέτρητον
725 543 917 579 ἐπιφέρεσθαι·
933 543 1004 570 ὥστε

215 585 261 611 καὶ
274 584 355 612 αὑτὸν
370 586 415 612 τὸν
432 587 481 613 Δία
499 587 645 623 ἐρασθῆναι
666 589 761 623 αὐτῆς,
778 589 824 615 καὶ
840 590 1005 625 συγγενόμε-

217 638 260 656 νον
272 631 352 666 αὐτῇ,
368 631 448 666 ζῆλον
463 633 574 668 ἄπειρον
593 635 625 669 τῇ
642 634 717 670 ’Ἥρᾳ
729 634 899 661 καταλιπεῖν.
915 635 1004 666 Εὐθὺς

217 674 263 703 οὖν
277 678 294 712 ἡ
311 677 385 713 ’Ἡρα
399 678 429 704 τὸ
444 679 538 713 μέλλον
553 680 779 714 προσκοπήσασα,
793 680 838 706 καὶ
851 680 893 706 ὅτι
904 680 1004 715 ἤμελλε

217 723 247 749 τὸ
261 723 419 758 τικτόμενον
439 725 470 749 ἐκ
485 723 585 758 ταύτης
602 724 701 759 βρέφος
719 725 812 752 κάλλει
829 725 1002 760 ὑπερφέρειν,

218 769 263 796 καὶ
285 770 492 804 κατακρατῆσςιι
510 770 617 797 πάντων
631 770 684 797 τῶν
710 772 742 797 ὲκ
763 771 824 802 Διὸς
844 770 1003 805 τεχθέντων,

216 815 304 850 ἥψατο
315 815 364 850 τῆς
380 815 484 846 κοιλίας
503 816 552 851 τῆς
571 816 741 851 ’Λφροδίτης,
753 817 801 843 καὶ
812 816 1003 852 παρεσκεύασε

219 861 372 896 μαγγανεία
395 861 448 888 τινι¹
476 861 506 888 τὸ
535 861 634 896 βρέφος
660 862 834 897 κακόμορφον
866 861 1003 897 τεχθῆναι.

217 906 362 942 Τεχθέντος
391 904 437 933 οὖν
461 907 508 933 τοῦ
532 907 648 942 βρέφους
673 908 797 942 ἀμόρφου
825 907 873 934 καὶ
897 907 1003 943 ἀσήμου

217 952 299 984 πάνυ,
314 952 427 987 αἰσχροῦ
445 961 474 978 τε
492 953 538 978 καὶ
559 954 787 989 περισσοσάρκου,
806 953 853 979 καὶ
868 953 1005 988 ἑωρακυῖα

218 997 284 1024 αὐτὸ
304 998 320 1032 ἡ
339 999 439 1033 μήτηρ,
459 998 500 1024 ὃτι
521 998 612 1033 μέλλει
632 998 663 1024 τὸ
676 998 771 1033 τεχθὲν
793 998 917 1025 πλεῖστον
935 999 1004 1034 αὐτῇ

217 1041 299 1078 ψόγον
313 1042 463 1078 ἐπιφέρειν,
489 1043 584 1078 ἔρριψε
598 1043 717 1070 λαὸοὖσα
737 1045 776 1074 εις
797 1044 868 1079 ὅρος.
889 1044 1004 1080 Περιτυ-

218 1087 271 1124 χὼν
283 1087 311 1114 δέ
331 1096 372 1119 τις
391 1087 477 1123 τούτῳ
499 1088 608 1124 ποιμὴν,
622 1089 711 1116 λαϐὼν
731 1089 881 1125 ἀνέθρεψεο
900 1091 946 1117 καὶ
967 1090 1004 1121 ὡς

219 1134 286 1170 πρὸς
310 1134 463 1169 εὐκαρπίαν
486 1135 535 1169 τῆς
552 1135 604 1169 γῆς
627 1135 675 1161 καὶ
695 1135 749 1161 τῶν
772 1136 879 1171 κτηνῶν
898 1136 946 1163 καὶ
966 1145 1006 1162 τε-

218 1180 359 1215 τραπόδων
382 1180 495 1215 νομίσας
513 1179 581 1207 εἶναι
606 1181 636 1207 τὸ
659 1181 756 1216 ἐκείνῳ
777 1181 898 1217 ὑπάρχον
920 1181 1005 1213 πάθος

220 1225 300 1260 (λέγω
315 1226 342 1252 δὲ
358 1226 387 1251 τὸ
400 1226 447 1252 τοῦ
468 1226 583 1252 αἰδοίου·
596 1224 652 1262 εἶχε
672 1227 727 1263 γὰρ
747 1227 826 1254 τοῦτο
847 1229 940 1254 ἐπάνω
958 1228 1006 1263 τῆς

220 1272 330 1306 πυγῆς),
350 1271 440 1298 λαϐὼν
457 1272 593 1308 ἱδρύσατο,
610 1273 657 1299 καὶ
676 1273 800 1308 ἐτίμησε,
817 1274 865 1300 κο.)⁸
881 1274 1005 1309 ὠνόμασε

221 1318 358 1353 Πρίαπον·
382 1318 480 1353 δηλῶν,
504 1318 574 1344 κατὰ
593 1319 642 1353 τὴν
659 1319 713 1346 τῶν
741 1319 849 1346 Ἰταλῶν
868 1319 1004 1354 γλῶσσαν,

220 1365 264 1392 τὸν
283 1367 315 1392 ἐκ
334 1365 438 1401 πλάνης
453 1366 515 1398 τοὺς
531 1367 560 1392 ἐν
576 1366 665 1406 πλάκα]
683 1367 729 1393 καὶ
746 1367 848 1402 ἐρημίᾳ
870 1366 1004 1398 σώζονταο

220 1411 266 1438 καὶ
283 1411 312 1444 ἐξ
321 1412 424 1438 ἐκείνου
439 1412 547 1446 λέγεται
559 1413 633 1448 παρὰ
649 1414 704 1444 τοῖς
715 1413 840 1448 ποιμέσιν
849 1413 978 1447 τιμᾶσθαι
992 1413 1005 1439 ὁ

221 1456 351 1492 Πρίαπος.
379 1458 430 1484 Τὸν
451 1458 478 1484 δὲ
503 1458 727 1494 Ἑρμαφρόδιτον,
747 1458 930 1494 ἀρῤενόθηλύν
947 1467 1007 1485 τινα

222 1503 267 1528 καὶ
281 1503 440 1538 ἁνδρόγυνόν
455 1513 537 1537 φασιν
551 1501 629 1536 εἶναι,
643 1505 690 1530 καὶ
705 1504 833 1538 γυναικὸς
852 1504 898 1530 καὶ
912 1504 1006 1539 ἀνδρὸς

1022 899 1041 926 ll

223 1549 319 1575 αἰδοῖον
334 1550 460 1585 φέροντα,
478 1550 524 1576 καὶ
541 1551 655 1585 πάσχειν
678 1551 726 1577 μὲν
740 1551 774 1576 τὰ
791 1550 844 1576 τῶν
859 1550 1005 1584 γυναικῶν,
1020 1567 1043 1597 C

223 1594 285 1630 δρᾷν
298 1595 326 1621 δὲ
337 1596 370 1622 τὰ
384 1596 437 1622 τῶν
454 1596 568 1631 ἀνδρῶν.

367 1662 413 1689 λε’.
434 1663 503 1697 Περὶ
522 1663 597 1690 θεῶν
617 1663 858 1698 διεσπασμένων.

257 1731 417 1766 Περσεφόνη
428 1731 510 1766 γεννᾷ
517 1731 701 1766 τὸνΖαγραῖον
711 1731 847 1764 Διόνυσον,
855 1732 886 1758 ἐκ
896 1731 942 1757 τοῦ
950 1731 1010 1764 Διὸς

225 1776 392 1804 συλλαϐοῦσα
400 1777 490 1803 αὐτόν.
502 1776 602 1802 Τοῦτον
615 1776 778 1810 γεννηθέντα
789 1778 812 1803 οἰ
823 1777 935 1809 Τιτᾶνες
945 1777 1010 1812 (δαι-

226 1822 323 1858 μονίων
337 1822 365 1848 δὲ
381 1821 472 1854 τάξεις
482 1817 574 1856 αὗται)
589 1821 770 1855 φθονήσαντες
781 1821 819 1856 τῷ
829 1821 956 1856 Διονύσῳ,
973 1821 1011 1853 ὡς

225 1871 256 1895 ὲκ
271 1868 330 1900 Διὸς
341 1867 428 1902 ἔχοντι
443 1867 491 1902 τὴν
500 1867 637 1902 γέννησιν,
656 1867 905 1902 διασπαράσσουσιν
918 1867 1007 1894 αὐτόν.

227 1914 318 1940 1Ἄλλοι
332 1913 360 1940 δὲ
373 1913 512 1947 λέγουσιν,
529 1914 569 1939 ὅτι
585 1912 646 1939 καθ’
661 1913 789 1939 ὑπόθεσιν
806 1913 856 1948 τῆς
873 1913 960 1948 Ἥρας
974 1912 1011 1938 δι-

226 1960 348 1996 εσπάσθη
366 1960 418 1986 ὑπὸ
433 1959 487 1986 τῶν
502 1959 623 1985 Τιτάνων
639 1960 653 1985 ὁ
670 1959 805 1990 Διόνυσος.
821 1959 875 1985 Καὶ
889 1960 952 1994 περὶ
963 1959 1012 1994 μὲν

225 2007 278 2033 τῶν
290 2006 495 2040 διεσπασμένων
506 2005 585 2037 θεῶν,
601 2005 675 2032 ἐστὶν
696 2005 763 2040 αὓτη
779 2005 853 2040 ἡτοῦ
873 2006 1009 2032 Διονύσου·

227 2053 289 2085 περὶ
305 2052 332 2078 δὲ
348 2051 402 2077 τῶν
421 2050 673 2085 περικεκομμένων,
690 2050 801 2085 οὐδεμία
824 2058 866 2081 τις
889 2050 1012 2084 φαίνεται

226 2098 291 2131 ἡμῖν
315 2096 430 2131 ἱστορία,
453 2096 470 2130 ἥ
488 2097 505 2131 ἡ
527 2095 590 2130 περὶ
613 2094 667 2120 τῶν
684 2095 830 2129 Γιγάντων.
856 2092 935 2121 Οὗτοι
958 2094 1013 2130 γὰρ

227 2142 355 2177 πολεμεῖν
382 2141 472 2168 ἔθελον
497 2142 553 2172 τοῖς
578 2140 659 2171 θεοῖς.
674 2141 706 2166 Οἱ
717 2139 810 2167 δὲθεοὶ
821 2140 1012 2175 ἀντιστρατευ-

227 2188 348 2223 σὰμενοι,
372 2186 559 2221 ἐπολέμησαν,
582 2186 630 2212 καὶ
651 2177 805 2220 κατέκοψαν
828 2186 942 2218 αὐτοὺς,
965 2185 1012 2212 τοῦ

227 2234 286 2265 Διὸς
301 2233 346 2259 τὸν
360 2232 488 2267 κεραυνὸν
497 2230 697 2267 ἐπιπέμψαντος
709 2231 800 2263 αὐτοῖς
815 2231 862 2258 καὶ
877 2230 1013 2266 καταφλέ-

227 2282 321 2315 ξαντος
337 2279 443 2311 αὐτούς.

257 2355 311 2388 λς’.
330 2354 402 2389 Περὶ
413 2353 466 2380 τοῦ
479 2352 618 2380 Κωκυτοῦ
632 2352 681 2379 καὶ
693 2351 979 2386 Πυριφλεγέθοντος.

268 2423 298 2449 ὐ
313 2422 426 2450 Πλάτων
441 2421 469 2447 ὲν
484 2419 522 2455 τῷ
537 2419 662 2446 Φαίδωνι
689 2419 753 2454 περὶ
771 2418 825 2444 τῶν
845 2417 944 2450 λέξεων
965 2418 1012 2444 καὶ

228 2472 282 2499 τῶν
298 2469 515 2506 ἁποκληρώσεων
530 2469 584 2495 τῶν
597 2467 690 2502 ψυχῶν
703 2467 788 2500 λέγει,
807 2467 847 2493 ὅτι
867 2467 892 2493 οἱ
912 2466 1013 2497 ἀδίκως

230 2517 410 2553 βεϐιωκότες,
427 2515 585 2547 κολάζονται
606 2515 635 2540 ὲν
656 2513 695 2548 τῷ
718 2512 841 2548 Κωκυτῷ
862 2513 908 2538 καὶ
926 2512 954 2538 ὲν
976 2512 1015 2547 τῷ

228 2563 470 2599 Πυριφλεγέθοντι,
488 2562 535 2588 καὶ
557 2561 586 2587 ὲν
605 2559 644 2595 τῷ
670 2558 815 2593 Ταρτάρῳ.
840 2559 962 2593 Ποταμοὶ
987 2558 1015 2584 δὲ

229 2608 302 2638 οὗτοί
316 2610 386 2636 εἰσιν
395 2617 401 2624 ·
417 2610 432 2635 ὁ
448 2609 497 2644 μὲν
514 2606 654 2638 Κωκυτὸς,
666 2605 834 2640 ψυχρότατος
844 2612 851 2619 ·
865 2605 879 2630 ὁ
891 2604 920 2631 δὲ
935 2605 1016 2641 Πυρι-

231 2654 385 2689 φλεγέθων,
400 2653 582 2688 θερμότατος·
607 2652 620 2678 ὁ
643 2651 671 2677 δὲ
692 2650 848 2685 Τάρταρος,
867 2649 948 2682 μέσος
974 2657 1016 2678 τις

229 2701 312 2732 τόπος
327 2700 373 2727 τοῦ
389 2699 498 2730 παντὸς,
512 2700 541 2725 ἐν
564 2695 586 2732 ᾧ
610 2695 739 2731 ἀνίμησίς
755 2696 828 2721 ἐστιν
842 2693 946 2720 ὑδάτων
970 2695 1017 2720 καὶ

231 2747 380 2777 κατάποσις
395 2746 458 2781 ἄχρι
473 2744 520 2771 τοῦ
538 2744 669 2779 τέλματος
687 2740 734 2767 τοῦ
754 2740 865 2771 παντὸς,
880 2739 1015 2772 σκοτεινὸς

231 2800 273 2823 τις
296 2792 343 2819 καὶ
367 2793 505 2827 ἀφεγγὴς·
523 2790 568 2817 καὶ
588 2790 628 2816 ὃτι
651 2789 697 2815 καὶ
716 2788 744 2813 ἐν
771 2786 810 2821 τῷ
835 2786 910 2820 τόπῳ
929 2786 1016 2822 τούτῳ

271 2894 325 2930 (58)
343 2893 654 2922 HallucinaturNonnus
674 2893 699 2921 in
718 2892 769 2920 hac
782 2891 954 2928 etymologia.

1052 278 1103 305 est.
1122 275 1195 309 quod
1214 276 1248 302 ab
1262 276 1390 303 omnibus
1406 277 1497 311 procis
1511 282 1671 310 procreatus
1684 277 1775 305 fuerit,
1792 279 1831 306 Ac

1052 320 1146 346 dicunt
1161 320 1281 355 Egyptii
1305 329 1365 348 eum
1383 322 1473 349 coitus
1488 322 1574 356 ipsius
1588 323 1730 357 praesidem
1749 332 1810 351 esse
1827 334 1833 351 :

1053 367 1125 393 unde
1139 367 1220 394 etiam
1237 367 1352 395 hircinis
1368 369 1496 395 cruribus
1509 377 1570 395 cum
1581 369 1752 401 describunt,
1763 371 1835 404 quod

1054 412 1148 439 hircus
1178 412 1211 439 ad
1233 421 1361 440 venerem
1389 414 1519 448 proclivis
1543 414 1590 444 sit,
1613 422 1693 448 quem
1714 415 1836 450 Egyptii

1054 457 1203 484 Mendetem
1219 463 1327 485 vocant.
1350 458 1412 485 Haec
1427 459 1460 486 de
1471 458 1545 486 Pane
1559 468 1565 485 :
1580 467 1654 485 nunc
1673 459 1706 486 de
1721 459 1832 494 Priapo.

1053 503 1137 530 Aiunt
1156 502 1301 535 Venerem,
1323 511 1385 530 cum
1401 511 1434 530 ex
1456 503 1596 537 Aﬂthiopia
1612 504 1727 535 veniret,
1747 505 1837 531 incre-

1053 549 1163 575 dibilem
1180 549 1325 583 quamdam
1337 548 1567 583 pulchritudinem
1579 556 1672 575 secum
1689 549 1814 576 attulisse
1827 557 1836 576 :

1054 595 1122 622 adeo
1136 599 1165 621 ut
1179 594 1287 629 Jupiter
1301 602 1411 629 quoque
1427 595 1485 629 ipse
1496 594 1557 628 ejus
1571 602 1662 622 amore
1683 594 1836 621 inﬂamma-

1053 643 1109 671 tus,
1125 647 1156 666 ac
1177 647 1238 666 curti
1255 647 1286 666 ea
1307 647 1471 674 congressus
1492 640 1624 666 inﬁnitam
1640 639 1741 666 Junoni
1764 641 1837 667 zelo—

1054 685 1154 719 typiam
1168 684 1302 719 injecerit.
1312 684 1462 710 Confestim
1470 691 1535 719 ergo
1549 684 1622 710 Juno
1635 684 1755 711 futurum
1766 693 1836 719 prm-

1054 730 1413 764 sentiens,prospiciensquc
1431 730 1488 757 fore
1510 735 1539 756 ut
1554 729 1661 760 infans,
1691 730 1738 764 qui
1752 738 1785 757 ex
1805 738 1838 757 ea

1055 775 1214 810 proditurus
1237 780 1312 806 erat,
1339 776 1466 809 corporis
1489 775 1623 810 elegantia
1649 775 1719 803 tilios
1744 784 1839 804 omnes

1054 820 1128 848 Jovis
1150 821 1336 852 antecelleret.
1358 820 1504 855 praestigiis
1527 821 1692 855 quibusdam
1713 826 1839 848 antever-

1056 871 1116 894 tens
1131 866 1245 894 Veneris
1260 872 1382 894 ventrem
1398 868 1564 899 attrectavit,
1583 867 1727 902 eﬂ‘ecilque
1742 872 1772 894 ut
1794 868 1838 894 in-

1055 913 1116 940 fans
1141 913 1273 940 deformis
1299 917 1453 948 pareretur.
1479 912 1548 939 Cum
1580 913 1664 948 igitur
1691 913 1780 947 turpis
1806 921 1838 940 ac

1054 961 1145 988 fcedus
1161 960 1296 995 inprimis
1325 964 1352 987 et
1381 960 1517 987 obscenus
1547 959 1702 993 obesusque
1726 967 1794 994 puer
1811 959 1839 986 in

1054 1006 1142 1033 lucem
1170 1005 1335 1040 prodiissct,
1357 1005 1530 1039 conspiciens
1555 1010 1642 1031 mater
1670 1004 1718 1030 lilii
1747 1004 1839 1032 defor-

1055 1051 1177 1078 mitatem
1197 1057 1304 1077 summo
1325 1050 1378 1077 sibi
1399 1049 1527 1077 dedecori
1546 1057 1578 1076 ac
1595 1050 1695 1084 probro
1712 1049 1779 1081 fore.
1794 1056 1841 1076 ac-

1055 1099 1164 1129 ceptum
1180 1094 1310 1122 infantem
1322 1095 1348 1121 in
1364 1098 1482 1121 montem
1497 1094 1663 1129 proiecitzin
1676 1102 1756 1129 quem
1775 1102 1838 1121 cum

1055 1144 1149 1174 pastor
1166 1139 1277 1173 quidam
1293 1137 1450 1169 incidisset,
1471 1138 1560 1173 ipsum
1573 1138 1679 1172 accepit
1691 1143 1718 1165 ct
1735 1138 1838 1165 educa-

1055 1185 1104 1212 vit.
1120 1185 1208 1219 Atque
1223 1189 1254 1211 ut
1271 1184 1303 1211 ad
1322 1184 1490 1211 fertilitatem
1514 1187 1594 1210 terra:
1609 1188 1637 1210 et
1653 1183 1839 1218 iumentorum

1056 1238 1088 1258 ac
1103 1230 1312 1265 quadrupedum
1331 1237 1393 1257 esse
1407 1230 1558 1257 arbitratus
1570 1229 1623 1256 hoc
1638 1230 1744 1261 vitium,
1765 1229 1839 1263 quod

1056 1275 1108 1309 ipsi
1127 1275 1223 1305 inerat,
1241 1274 1292 1301 hoc
1305 1278 1347 1300 est
1365 1274 1478 1301 obsceni
1499 1274 1612 1300 membri
1642 1274 1747 1309 accepit
1769 1273 1837 1300 illud

1057 1320 1171 1354 ﬁxitque
1193 1324 1220 1346 et
1232 1319 1579 1354 honorarit,Priapumque
1596 1320 1713 1350 vocavit,
1742 1320 1767 1346 id
1784 1323 1837 1351 est,

1055 1366 1132 1400 juxta
1149 1366 1273 1393 Latinam
1290 1366 1421 1400 linguam,
1442 1373 1503 1392 etim
1520 1365 1565 1399 qui
1582 1373 1614 1392 ex
1629 1373 1720 1392 errore
1739 1365 1840 1392 libera-

1058 1412 1144 1439 tusiis
1160 1412 1205 1446 qui
1224 1412 1251 1438 in
1270 1419 1362 1439 errore
1377 1419 1409 1439 ac
1424 1411 1573 1438 solitudine
1588 1416 1743 1441 versantur.
1767 1411 1842 1439 salu-

1058 1463 1112 1486 tem
1129 1458 1255 1485 illaturus
1275 1461 1315 1485 est
1328 1457 1395 1493 (58).
1415 1457 1504 1492 Atque
1519 1465 1552 1484 ex
1568 1465 1600 1484 co
1618 1461 1741 1492 ten-pore
1755 1464 1770 1484 a
1794 1464 1843 1492 pa-

1058 1504 1180 1532 storibus
1193 1504 1245 1531 coli
1261 1508 1367 1538 coeptus
1384 1507 1426 1531 est
1438 1503 1565 1539 Priapus.
1582 1503 1586 1516 ³

1190 1665 1234 1692 55.
1257 1665 1293 1692 De
1303 1665 1415 1691 concisis
1435 1673 1465 1691 ac
1482 1664 1620 1699 discerptis
1645 1664 1708 1691 diis.

1095 1732 1260 1766 Proserpina
1274 1740 1306 1759 ex
1329 1731 1396 1759 Jove
1413 1731 1540 1759 Liberum
1562 1735 1666 1766 patrem
1693 1732 1839 1766 concepit,

1060 1787 1152 1815 quem.
1167 1779 1247 1805 simul
1272 1783 1352 1814 atque
1371 1779 1399 1805 in
1421 1779 1508 1805 lucem
1529 1778 1618 1805 editus
1642 1782 1695 1811 est,
1719 1777 1844 1810 Titanes.

1060 1825 1107 1860 qui
1135 1824 1295 1852 daemoniaci
1325 1824 1436 1859 quidam
1470 1823 1581 1850 ordines
1611 1823 1722 1858 quidam
1767 1827 1843 1854 sunt,

1062 1870 1172 1897 invidia
1198 1873 1284 1896 castro
1307 1868 1440 1895 adversus
1466 1875 1526 1894 eum
1556 1868 1664 1902 perciti,
1683 1867 1811 1902 quoniam
1829 1875 1844 1894 a

1060 1915 1125 1943 Jove
1138 1918 1298 1950 procreatus
1312 1919 1395 1946 esset,
1417 1913 1608 1940 crudelissime
1626 1913 1843 1947 discerpserunt.

1061 1961 1115 1988 Alii
1129 1960 1244 1988 lunonis
1260 1959 1377 1987 consilio
1392 1963 1473 1993 atque
1489 1958 1653 1993 impulsione
1664 1965 1727 1984 eum
1742 1965 1756 1983 ι]
1770 1956 1846 1983 Tita-

1062 2006 1143 2033 nibus
1171 2006 1320 2033 laceratum
1347 2003 1432 2031 fuisse
1455 2003 1603 2031 affirmant.
1625 2004 1713 2037 Atque
1732 2002 1787 2029 haec
1812 2002 1847 2029 de

1062 2052 1207 2086 discerptis
1222 2051 1286 2079 diis.
1304 2050 1381 2083 Quod
1395 2054 1487 2078 autem
1503 2050 1536 2077 ad
1553 2050 1680 2077 concisos
1697 2049 1762 2075 deos
1781 2048 1846 2074 atti-

1063 2102 1119 2131 net,
1135 2097 1203 2124 nihil
1226 2097 1259 2124 de
1281 2097 1333 2124 hac
1356 2104 1386 2124 re
1410 2096 1548 2124 memoria
1570 2096 1707 2130 proditum
1721 2099 1773 2127 est,
1792 2095 1846 2122 nisi

1063 2145 1135 2172 forte
1146 2145 1197 2172 hoc
1210 2144 1244 2172 de
1262 2144 1418 2179 gigantibus
1434 2143 1640 2178 intelligendum
1661 2146 1713 2175 est,
1725 2145 1771 2176 qui
1784 2149 1846 2168 cum

1063 2191 1164 2218 bellum
1177 2189 1230 2217 diis
1245 2190 1412 2222 intulissent,
1430 2190 1464 2216 ab
1482 2189 1549 2224 ipsis
1565 2188 1687 2223 superati
1701 2193 1727 2215 et
1740 2188 1846 2215 concisi

1028 2240 1049 2268 D
1064 2241 1138 2269 sunt,
1151 2240 1231 2271 atque
1249 2243 1263 2262 a
1274 2235 1339 2263 Jove
1355 2235 1478 2263 immisso
1494 2234 1608 2262 fulmine
1630 2233 1810 2261 concremati.

1345 2351 1390 2380 56.
1418 2351 1454 2379 De
1471 2352 1564 2386 pomis.

1096 2420 1173 2448 Plato
1188 2421 1215 2448 in
1232 2419 1362 2447 Phazdone
1378 2420 1412 2448 de
1431 2419 1586 2447 animarum
1600 2419 1711 2448 sedibus
1732 2427 1763 2446 ac
1778 2426 1850 2454 prae-

1067 2467 1130 2494 miis
1144 2467 1288 2502 prenisquc
1302 2467 1386 2494 verba
1412 2465 1527 2498 faciens.
1555 2466 1593 2493 ait
1617 2473 1664 2493 eos
1685 2465 1731 2500 qui
1750 2464 1851 2499 injuste

1068 2517 1095 2540 et
1111 2514 1245 2540 scelerate
1267 2513 1407 2545 vixerunt,
1434 2512 1461 2539 in
1486 2512 1588 2548 Cocyto
1617 2515 1644 2540 et
1676 2511 1851 2546 Pyriphlege-

1067 2558 1163 2586 thonte
1177 2562 1259 2593 atque
1274 2559 1301 2585 in
1313 2558 1431 2586 Tartaro
1445 2566 1538 2594 poenas
1551 2558 1635 2586 luere.
1652 2557 1739 2584 Fluvii
1761 2561 1851 2583 autem

1068 2610 1132 2632 sunt
1145 2605 1195 2638 illi,
1212 2613 1328 2640 quorum
1341 2605 1411 2632 alter
1422 2604 1617 2640 frigidissimus
1634 2608 1686 2636 est,
1702 2603 1771 2630 alter
1786 2603 1852 2629 cali-

1068 2650 1208 2678 dissimus.
1244 2650 1377 2678 Tartarus
1399 2657 1464 2678 vero
1489 2650 1594 2677 medius
1614 2649 1708 2676 mundi
1741 2648 1851 2683 quidam

1065 2697 1143 2724 locus
1152 2701 1194 2724 est
1209 2696 1344 2724 obscurus
1360 2701 1387 2723 et
1398 2697 1579 2732 caliginesus,
1598 2695 1625 2722 in
1641 2703 1696 2730 quo
1721 2693 1850 2728 llagitiosi

1069 2747 1096 2770 et
1107 2741 1204 2769 nefarii
1215 2742 1342 2769 homines
1356 2741 1563 2770 excruciantur.
1582 2740 1617 2768 At
1630 2748 1695 2768 vero
1713 2739 1851 2768 Acheron.

1067 2786 1114 2822 qui
1128 2787 1235 2816 medius
1248 2794 1357 2823 quoque
1374 2787 1576 2822 quodammodo
1595 2790 1648 2819 est,
1667 2785 1788 2813 lustralis
1807 2790 1852 2820 por
