2046 3131
154 167 217 194 ἱῦϐΙ

414 221 444 248 δ’.
464 222 532 255 Περὶ
549 223 670 249 Αἰακοῦ.

118 299 122 302 ἱ
187 261 271 297 Οὗτος
284 265 342 297 υίὸς
358 265 466 300 ἐλέγετο
483 264 552 292 εἶναι
563 267 610 292 τοῦ
629 267 699 298 Διὸς,
711 267 814 298 δίκαιος
836 267 870 294 τὰ
885 267 937 302 μά-

151 312 240 338 λιστα.
264 312 310 337 Διὸ
334 312 398 338 ποτὲ
417 312 548 347 ἀϐροχίας
562 312 711 348 γενομένης
724 314 753 338 ὲν
768 315 800 348 τῇ
820 313 935 344 Ἑλλάδι,

150 355 232 392 ἦλθον
249 357 317 392 πρὸς
331 357 412 384 αὐτὸν
423 358 448 383 οἱ
463 356 634 392 προεστῶτες
648 357 702 384 τῶν
715 357 829 389 πόλεων,
849 367 937 393 παρα-

150 403 298 434 καλοῦντες
310 402 439 436 εὔξασθαι
450 403 488 438 τῷ
501 403 558 438 ἰδίῳ
569 403 662 438 πατρὶ,
673 403 716 430 ἴνα
726 403 837 438 γένηται
848 404 935 434 ὐετός.

155 448 185 473 ὐ
198 447 227 473 δὲ
242 448 308 479 στὰς
323 448 370 474 καὶ
383 448 538 482 εὐξάμενος.
556 447 634 474 ἔλυσε
647 448 690 475 διὰ
709 448 758 483 τῆς
776 449 858 484 εὐχῆς
874 448 935 480 τοὺς

150 493 282 528 αὐχμοὺς,
298 493 345 520 καὶ
368 494 506 529 κατερρύη
523 494 595 529 ὕδωρ
614 495 724 526 ποτίζον
739 494 787 530 τὴν
804 494 933 521 Ἐλλάδα·

153 539 270 574 μάλιστα
284 540 313 567 δὲ
337 541 385 567 καὶ
411 541 442 567 ἐκ
463 539 558 567 τούτου
580 541 596 576 ἡ
619 540 743 567 εὐσέϐεια
768 540 873 575 ἐδείχθη
889 540 934 566 τοῦ

150 585 263 611 Αἰακοῦ.
280 583 363 617 Οὗτος
383 585 429 612 οὖν
449 588 532 623 γεννᾷ
548 587 594 614 δύο
610 589 694 619 υἱοὺς,
711 588 756 614 τὸν
775 588 868 622 Πηλέα
890 587 936 614 καὶ

150 631 194 656 τὸν
209 631 374 666 Τελαμῶνα·
384 629 421 659 ὧν
433 634 447 659 6
459 633 509 667 μὲν
523 633 627 668 Πηλεὺς
640 634 727 660 τίκτει
738 634 783 660 τὸν
800 634 934 668 Ἀχιλλέα,

150 677 164 702 ὁ
175 675 202 702 δὲ
217 676 350 711 Τελαμὼν
365 677 411 703 τὸν
426 677 538 704 Αἴαντα.
559 679 665 710 Οἴτινες
680 679 825 706 ἐκαλοῦντο
840 679 936 705 Αἰακί-

149 721 202 752 δαι,
223 722 274 757 τὴν
294 722 348 748 ἀπὸ
370 722 418 749 τοῦ
436 723 549 750 πάππου
570 724 652 760 τιμὴν
670 725 702 751 ἐκ
724 724 819 751 τούτου
835 733 937 760 προφε-

151 768 271 803 ρόμενοι.

374 841 404 866 ε’.
425 839 494 873 Περὶ
513 839 706 874 Ἡρακλέους.

185 879 270 914 Οὗτος
293 883 402 917 λέγεται
428 884 485 916 υἱὸς
510 885 650 919 γεγονέναι
669 885 717 912 τοῦ
738 885 808 917 Διός.
835 885 865 911 ’0
882 885 935 921 γὰρ

150 930 217 961 Ζεὺς
244 930 388 965 ὀμοιωθεὶς
414 931 454 965 τῷ
485 931 687 967 Ἀμφιτρύωνι,
715 931 872 965 συνεγένετο
900 933 932 966 τῇ

156 975 312 1012 Ἀλκμήνῃ
335 977 382 1002 καὶ
405 977 535 1012 ἐγεννήθη
556 979 570 1003 ὁ
588 977 734 1013 Ἡρακλῆς,
749 977 778 1008 ὃς
802 977 849 1003 καὶ
872 977 935 1008 τοὺς

151 1022 287 1055 μεγάλους
301 1022 422 1054 ἐκείνους
442 1023 540 1055 ἄθλους
553 1023 673 1058 διήνυσε.
690 1023 786 1049 Πολ).οὶ¹
799 1021 845 1049 οὖν
857 1023 935 1057 γεγό-

149 1075 227 1093 νασιν
248 1068 303 1094 ἀπὸ
330 1068 510 1104 Ἡρακλέους,
533 1065 570 1095 ὦν
592 1068 700 1104 πρῶτος
724 1069 771 1094 καὶ
794 1068 899 1101 ἔνδοξος
920 1068 935 1094 6

150 1111 255 1145 ’Ύλλος,
282 1112 311 1146 ἐξ
337 1110 366 1139 οὗ
384 1113 430 1140 καὶ
454 1114 479 1140 οί
500 1113 555 1140 τῶν
574 1113 793 1148 Λακεδαιμονίων
816 1113 935 1148 βασιλεῖς

154 1156 330 1193 Ἡρακλεῖδαι
344 1158 480 1193 λέγονται.

167 1213 204 1242 ς’.
223 1209 294 1244 Περὶ
317 1209 373 1244 τῆς
395 1211 620 1244 Ἐλαφηϐόλου,
636 1210 686 1238 καὶ
704 1211 850 1244 Ὠρίωνος,
865 1211 915 1238 καὶ

453 1247 636 1279 Ἀκταίωνος,

173 1302 239 1337 ατὴν
252 1302 385 1337 Ἄρτεμιν
395 1301 504 1336 λέγουσι
516 1302 565 1336 τῆς
576 1302 645 1328 κατὰ
654 1301 739 1337 θήραν
749 1301 853 1334 τοξείας
866 1299 935 1328 εἶναι

148 1346 254 1383 ἔφορον.
276 1347 391 1381 Λέγεται
405 1345 451 1374 οὖν
473 1346 543 1382 αὕτη
557 1349 573 1382 ή
593 1347 652 1379 θεὸς
676 1347 783 1382 βάλλειν
798 1347 935 1382 εὐστόχως

148 1392 196 1424 τὰς
210 1392 327 1426 ἐλάφους
337 1412 344 1423 ,
359 1392 430 1419 ὥστε
455 1392 572 1419 ἀκοῦσαι
594 1392 645 1427 τὴν
658 1393 790 1428 ’Ἄρτεμιν
814 1393 935 1428 Ἐλαφη-

148 1438 224 1465 ϐόλον
240 1437 312 1464 θεόν.
331 1438 360 1464 ’0
380 1438 408 1464 δὲ
429 1439 527 1473 Ὠρίων
544 1439 592 1465 καὶ
611 1439 625 1464 6
647 1438 779 1465 Ἀκταίων
792 1459 799 1470 ,
819 1438 936 1475 θηραταὶ

148 1484 193 1510 καὶ
211 1481 285 1511 οὗτοι
302 1484 435 1520 ὑπῆρχον.
455 1485 483 1511 Ὀ
499 1485 549 1520 μὲν
567 1483 614 1511 οὖν
637 1485 769 1512 Ἀκταίων
785 1486 936 1521 κυνηγέτης

147 1527 191 1564 ἢν,
202 1529 249 1556 καὶ
264 1527 318 1555 εἶδε
332 1530 381 1566 τὴν
394 1530 526 1565 ’Ἄρτεμιν
539 1531 658 1566 γυμνήν·
671 1531 687 1566 ἡ
698 1530 725 1556 δὲ
738 1530 797 1562 θεὸς
808 1530 936 1566 ἀθέμιτον

148 1575 225 1602 τοῦτο
241 1576 425 1608 ὑπολαϐοῦσα,
439 1577 469 1603 τὸ
484 1577 547 1608 τοὺς
562 1576 639 1608 θεοὺς
660 1576 724 1603 ίδετν
741 1577 871 1612 γυμνοὺς,
888 1578 935 1604 καὶ
948 1585 970 1616 c

149 1621 266 1656 μάλιστα
279 1621 328 1653 τὰς
340 1621 500 1657 παρθένους,
513 1621 671 1656 χολωθεῖσα,
689 1622 806 1657 μανῆναι
824 1622 934 1658 ἐποίησε

147 1669 209 1700 τοὺς
228 1667 415 1702 κύναςςαῦτοῧ
439 1667 487 1694 τοῦ
514 1668 689 1699 Ἀκταίωνος,
703 1668 751 1695 καὶ
777 1669 815 1700 ὡς
836 1668 934 1702 ἔλαφον

147 1713 242 1749 ἔχοντα
268 1714 372 1750 κέρατα
390 1713 482 1750 ἐώρων
499 1715 619 1750 αὑτὸνγοὶ
639 1714 736 1746 κύνες,
757 1714 843 1746 οὕτως
864 1714 934 1741 ὥστε

147 1759 272 1796 λέγεσθαι
297 1749 343 1787 τὸν
360 1749 511 1787 Ἀκταίωνα
525 1749 683 1790 ὑπδδινῶν
706 1760 830 1796 συρῆναι.
847 1761 902 1787 Καὶ
921 1762 936 1787 ὁ

153 1807 247 1842 Ὠρίων
263 1806 301 1836 δὲ.
317 1802 394 1838 οὗτός
407 1805 481 1833 ἐστιν
493 1807 507 1832 6
525 1807 557 1832 ὲκ
573 1805 618 1832 τοῦ
644 1806 760 1842 οὐρῆσαι
772 1807 835 1838 τοὺς
857 1806 936 1838 θεοὺς

146 1854 176 1879 ἂν
189 1854 222 1889 τῇ
238 1852 327 1889 βύρσῃ
343 1852 391 1879 τοῦ
405 1852 464 1887 βοὸς
477 1851 523 1879 τοῦ
543 1852 692 1886 σφαγέντος
705 1853 756 1879 ὑπὸ
770 1853 817 1879 τοῦ
833 1852 934 1884 Οἰνέως

146 1897 193 1925 τοῦ
210 1898 308 1933 Θηϐῶν
336 1897 468 1933 βασιλέως
487 1897 533 1923 ἐπὶ
556 1898 589 1932 τῇ
612 1897 748 1933 φιλοξενίᾳ
769 1898 824 1924 τῶν
846 1897 933 1924 θεῶν·

146 1945 293 1980 γενόμενος
308 1944 337 1971 δὲ
355 1944 460 1980 Ὠρίων,
475 1944 522 1970 καὶ
537 1942 574 1970 ὢν
589 1943 747 1979 θηρολὲτης,
764 1943 871 1979 ἠράσθη
883 1944 933 1979 τῆς

153 1989 318 2025 Ἀρτέμιδος.
335 1987 401 2016 Εἶτα
416 1991 432 2024 ἡ
447 1988 507 2021 θεὸς
517 1988 687 2024 ὀργισθεῖσα,
703 1989 786 2025 ἀνῆκε
802 1989 932 2025 σκορπίον

146 2037 207 2063 κατ’
222 2035 316 2067 αὐτοῦ,
334 2036 381 2062 καὶ
396 2035 539 2070 κρουσθεὶς
555 2031 633 2066 οὗτος
649 2035 768 2062 ἀπέθανε
779 2044 785 2051 ·
800 2034 840 2061 διό
858 2036 933 2061 ἐστιν

146 2083 177 2108 ὲν
193 2082 233 2117 τῷ
245 2081 362 2117 οὐρανῷ,
377 2081 414 2113 ὡς
427 2081 451 2106 οί
473 2079 553 2115 μῦθοι
569 2079 688 2114 λέγουσι,
706 2079 775 2115 μετὰ
792 2079 838 2106 τοῦ
853 2088 932 2114 σκορ‹

146 2129 221 2155 πίου.

355 2174 388 2206 ζ’.
408 2173 478 2207 Περὶ
496 2172 550 2199 τοῦ
567 2172 722 2208 Πηγάσου.

180 2232 235 2267 Τῆς
258 2231 417 2266 Παταρικῆς
440 2230 578 2264 Χιμαίρας
602 2230 784 2264 ἀναφυείσης,
811 2229 875 2264 περὶ
898 2226 932 2264 ἧς

147 2278 284 2313 μέμνηται
299 2277 346 2304 καὶ
359 2274 436 2308 οὗτος
451 2277 465 2302 6
487 2276 556 2308 θεῖος
571 2276 720 2312 Γρηγόριος
740 2276 768 2302 ὲν
788 2277 842 2306 τοῖς
856 2277 931 2309 Στη-

146 2321 338 2354 λιτευτικοῖς,
355 2323 383 2348 ὲν
404 2320 510 2355 ίστορίᾳ
527 2321 713 2356 πεντηκοστῇ,
734 2320 782 2346 καὶ
802 2320 931 2355 λυμαινο-

147 2369 230 2405 μένης
247 2369 297 2404 τὴν
320 2367 412 2403 χώραν
426 2367 482 2393 τῶν
498 2367 617 2398 Λυκίων,
631 2366 679 2392 καὶ
691 2365 738 2392 τοῦ
756 2366 870 2402 Προίτου
885 2365 932 2400 βα-

147 2415 296 2446 σιλεύοντος
311 2415 360 2448 τῆς
375 2412 487 2445 Λυκίας,
502 2411 675 2448 προσετάχθη
689 2412 703 2438 6
716 2412 932 2448 Βελλεροφόντης

147 2460 303 2487 ἀποκτεῖναι
317 2459 366 2494 τὴν
378 2460 528 2494 Χίμαιραν.
542 2456 596 2485 Ἦν
611 2457 639 2484 δὲ
654 2458 684 2484 τὸ
706 2458 809 2493 θηρίον,
825 2458 862 2489 ὡς
884 2458 933 2484 κὰ-

147 2508 220 2533 κεῗσε
245 2506 460 2541 παρεστήσαμεν
486 2504 626 2531 τοιοῦτονο
644 2503 746 2540 πρόσθε
777 2504 826 2538 μὲν
852 2503 932 2536 λέων,

146 2552 256 2579 ὕπισθεν
271 2551 298 2577 δὲ
310 2551 428 2587 δράκων,
444 2551 526 2586 μέσον
540 2551 569 2588 δὲ
584 2549 722 2585 Χίμαιρα’
738 2549 767 2581 ἐξ
786 2546 820 2584 ἧς
833 2548 933 2584 Χιμαί-

147 2607 195 2632 ρας
211 2598 241 2625 τὸ
257 2597 313 2632 πῦρ
326 2597 471 2627 ἀνεδίδοτο,
491 2596 538 2622 καὶ
552 2594 586 2631 ἦν
600 2595 753 2622 δυσάλωτον
776 2594 805 2620 τὸ
828 2593 931 2629 θηρίον.

147 2644 197 2670 Τὸν
211 2645 296 2671 ἵππον
319 2642 366 2670 οὖν
391 2644 517 2678 Πήγασον
535 2643 566 2669 ἐκ
589 2641 649 2669 θεοῦ
670 2641 757 2677 εὑρὼν
770 2641 784 2667 6
807 2640 934 2676 Βελλερο-

147 2690 256 2725 φόντης,
277 2690 306 2721 ὃς
324 2689 431 2723 ἐλέγετο
450 2689 523 2724 ἔχειν
549 2687 646 2724 πτερὰ,
664 2687 709 2714 καὶ
723 2686 795 2722 ὕδωρ
810 2686 864 2712 ἀπὸ
879 2685 933 2712 τῶν

146 2729 249 2771 όνῦχων
276 2736 461 2768 ἀποστάζειν,
482 2734 585 2766 ἐλθὼν,
611 2734 755 2769 σύμμαχον
778 2731 865 2768 εὑρὼν
884 2731 933 2766 τὴν

147 2782 246 2817 πτῆσιν
260 2782 308 2808 τοῦ
325 2782 420 2811 ἵππου,
440 2781 484 2807 διὰ
499 2780 529 2806 τὸ
546 2778 614 2806 εἶναι
633 2779 781 2814 πτερωτὸν,
795 2778 832 2809 ὡς
845 2775 931 2808 εἷπον,

146 2828 192 2854 καὶ
207 2829 326 2863 σφαῖραν
343 2826 467 2862 μολίϐδου
484 2825 606 2860 περιθεὶς
622 2826 651 2852 ἐν
673 2825 711 2859 τῷ
728 2824 805 2860 ἄκρῳ
824 2823 870 2850 τοῦ
888 2823 932 2849 δά-

542 167 586 193 AD
606 167 636 196 S.
656 166 820 195 GREGOBII
839 166 982 195 LAUDEM
1002 165 1187 194 FUNEDREM
1210 166 1239 193 S.
1259 165 1396 193 BASILII.

1709 164 1781 194 1069

1281 221 1309 248 Α.
1328 220 1367 247 De
1383 220 1479 248 Afaco.

1023 266 1126 294 Dicitur
1140 267 1185 294 ille
1198 266 1273 294 Jovis
1289 268 1360 294 Illius
1373 272 1400 294 et
1414 275 1468 301 prae
1479 268 1584 294 caeteris
1598 267 1698 301 justus.
1716 266 1778 292 Ideo

985 320 1046 340 cum
1059 313 1183 340 siccitate
1197 320 1360 348 magnopere
1370 313 1488 348 quodam
1504 320 1575 340 anno
1585 312 1687 339 Graecia
1703 312 1779 339 labo-

986 362 1069 391 raret,
1090 358 1124 385 ad
1140 366 1202 385 eum
1223 363 1356 386 venerunt
1372 359 1513 386 civitatum
1530 366 1657 394 proceres
1671 359 1777 393 supplic

986 411 1031 431 ces
1061 408 1090 431 ut
1120 405 1269 439 genitorem
1298 408 1388 431 oraret
1413 412 1492 431 suum
1517 404 1551 431 ad
1575 404 1776 439 impetrandum

986 449 1109 476 imbrem.
1129 449 1250 484 Surgens
1273 453 1300 476 et
1323 457 1406 476 orans
1430 449 1554 483 precibus
1579 450 1637 476 suis
1660 450 1775 477 siccitati

986 494 1066 522 ﬁnem
1089 495 1229 530 imposuit,
1245 500 1272 521 et
1288 495 1388 521 cecidit
1407 494 1494 521 imber
1510 493 1640 521 Graeciam
1658 495 1775 530 irrigans

986 546 1067 577 atque
1088 543 1262 577 rel'rigerans.
1279 541 1317 567 Ex
1333 541 1385 568 hoc
1399 544 1489 567 autem
1505 544 1627 576 tempore
1640 542 1776 568 celebrata

986 587 1036 614 fuit
1050 586 1128 614 Aiaci
1143 588 1238 621 pietas.
1255 585 1304 612 Hic
1321 586 1390 613 duos
1405 586 1474 612 lilios
1485 584 1593 612 Peleum
1609 590 1636 612 et
1651 585 1775 613 Telamo-

986 640 1047 659 nem
1061 633 1168 667 genuit;
1187 632 1282 660 Peleus
1302 632 1395 666 genuit
1415 631 1559 663 Achillem,
1576 631 1704 659 Telamon
1727 639 1775 666 ge-

987 678 1046 704 nuit
1064 678 1184 712 Ajacem.
1198 677 1248 709 Qui
1263 678 1430 704 vocabantur
1445 677 1575 709 Eacidaa,
1585 685 1617 705 ex
1631 677 1682 704 hoc
1692 677 1774 705 etiam

986 722 1065 749 abavi
1082 722 1212 750 memoria
1230 722 1424 749 commendati.
1467 754 1471 759 l

1266 834 1294 862 5.
1314 834 1353 862 De
1369 834 1492 862 Hercule.

1021 880 1069 908 Ille
1082 880 1180 908 dicitur
1201 880 1285 908 fuisse
1301 880 1375 909 Jovis
1400 882 1489 914 ﬁlius;
1511 881 1617 915 Jupiter
1630 881 1702 908 enim
1722 881 1774 908 sub

985 925 1193 962 Amphitryonis
1210 927 1328 962 imagine
1348 932 1514 960 congressus
1528 929 1571 953 est
1585 933 1648 953 cum
1665 927 1774 954 Alcme-

985 980 1040 999 na:
1059 973 1129 1000 unde
1151 976 1233 1000 natus
1258 978 1299 1000 est
1323 972 1464 1003 Hercules.
1488 973 1534 1007 qui
1556 976 1646 1000 tantos
1666 972 1773 1000 labores

985 1016 1109 1052 perfecit.
1138 1017 1213 1044 Multi
1235 1025 1270 1044 ex
1298 1016 1413 1044 Hercule
1434 1017 1487 1044 orti
1507 1021 1584 1050 sunt,
1610 1017 1680 1044 inter
1704 1024 1773 1052 quos

985 1064 1091 1098 primus
1117 1067 1143 1091 et
1168 1064 1246 1098 longe
1268 1063 1438 1091 clarissimus
1455 1063 1565 1098 Hyllus;
1588 1071 1620 1091 ex
1641 1071 1673 1090 co
1691 1065 1775 1091 etiam

985 1109 1250 1137 Lacedaemoniorum
1267 1118 1345 1146 reges
1360 1110 1511 1138 Heraclida:
1529 1115 1672 1138 vocantur.

1092 1203 1120 1232 6.
1141 1202 1180 1229 De
1198 1202 1367 1237 Elaphebolo,
1384 1202 1482 1230 Orione
1494 1207 1519 1230 et
1534 1203 1667 1230 Acmona.

1021 1290 1134 1317 Dianam
1152 1289 1248 1317 dicunt
1271 1291 1420 1319 venatoriae
1434 1292 1502 1319 artis
1525 1291 1667 1326 praesidem
1687 1296 1714 1320 et
1732 1300 1775 1320 so-

986 1337 1048 1365 lerti
1065 1345 1146 1364 manu
1165 1337 1326 1372 transﬁgere
1339 1345 1446 1370 cervos,
1468 1339 1542 1365 unde
1559 1338 1610 1365 fuit
1631 1340 1773 1374 cognomi-

986 1387 1050 1410 nata
1063 1382 1114 1409 dea
1134 1381 1328 1417 Elaphebolus.
1347 1382 1498 1411 Venatores
1520 1383 1633 1411 luerunt
1647 1383 1731 1411 Orion
1747 1390 1775 1412 cl

985 1429 1108 1456 Actaeon.
1132 1428 1244 1455 Actaeon
1273 1429 1356 1464 igitur
1381 1434 1493 1457 venator
1517 1433 1594 1471 erat,
1616 1435 1643 1458 et
1670 1432 1773 1458 nudam

986 1474 1093 1508 aspexit
1107 1473 1239 1506 Dianam,
1255 1482 1326 1509 quae,
1349 1475 1483 1502 nefarium
1503 1476 1594 1503 scelus
1611 1476 1661 1503 hoc
1678 1477 1774 1504 existi-

986 1527 1064 1548 mans
1083 1520 1150 1548 deos
1164 1521 1252 1547 nudos
1267 1521 1404 1556 aspicere,
1420 1526 1446 1549 et
1467 1522 1617 1556 praesertim
1639 1522 1773 1556 virgines.

987 1565 1020 1592 ad
1042 1566 1227 1593 ulciscendam
1249 1567 1378 1601 injuriam
1396 1567 1461 1594 fecit
1476 1575 1561 1596 canes
1577 1568 1715 1596 Actaeonis
1732 1576 1775 1595 ra-

987 1611 1067 1639 bidos
1083 1617 1110 1639 et
1127 1616 1266 1641 amentes.
1283 1613 1330 1647 qui
1345 1613 1421 1640 illum
1437 1614 1517 1649 quasi
1538 1622 1648 1642 cervum
1672 1623 1775 1642 cornua

987 1657 1132 1684 habentem
1151 1657 1288 1690 videntes,
1306 1663 1334 1685 ut
1356 1658 1456 1690 fertur.
1484 1660 1674 1688 laceraverunt
1693 1666 1775 1697 atque

987 1706 1163 1730 voraverunt.
1180 1702 1263 1730 Orion
1278 1708 1369 1731 autent
1392 1709 1483 1732 ortum
1506 1705 1583 1733 ducit
1597 1715 1630 1734 ex
1649 1714 1681 1734 eo
1700 1708 1774 1742 quod

988 1748 1146 1776 minxerunt
1161 1751 1253 1784 superi
1271 1750 1298 1776 in
1321 1751 1390 1785 pelle
1413 1751 1490 1778 bovis
1505 1751 1540 1778 ab
1559 1751 1652 1779 ()Eneo
1666 1751 1774 1780 Theba-

987 1802 1048 1821 rum
1074 1803 1137 1830 rcge
1161 1796 1294 1822 immolati
1310 1796 1343 1823 ad
1361 1797 1535 1831 recipiendos
1558 1797 1677 1832 hospitio
1696 1799 1773 1827 deos.

986 1839 1053 1868 Orto
1065 1849 1131 1876 ergo
1149 1840 1260 1873 Orione,
1280 1849 1342 1868 cum
1365 1841 1484 1869 ferarum
1512 1846 1585 1870 esset
1607 1842 1774 1876 destructor,

985 1887 1122 1914 adamavit
1141 1894 1203 1914 eum
1218 1887 1315 1914 Diana.
1343 1887 1447 1915 Deinde
1468 1888 1518 1915 dea
1538 1888 1633 1916 furore
1657 1897 1774 1917 accensa

985 1932 1014 1959 in
1030 1931 1106 1959 illum
1121 1933 1238 1968 projecit
1261 1934 1436 1968 scorpionem
1456 1941 1471 1961 a
1497 1941 1553 1970 quo
1578 1934 1672 1962 infelix
1689 1935 1774 1962 Orion

986 1986 1105 2012 morsus,
1121 1979 1213 2007 emisit
1232 1979 1372 2014 spiritum.
1388 1979 1562 2015 Quapropter
1585 1980 1614 2007 in
1641 1981 1711 2009 cmlo
1732 1985 1773 2009 est

985 2032 1049 2052 cum
1064 2025 1222 2059 scorpione,
1240 2029 1270 2053 ut
1283 2025 1450 2053 fabulantur.

1264 2171 1290 2198 7.
1312 2171 1351 2198 De
1367 2170 1480 2207 Pegaso.

1018 2227 1152 2255 Chimaera
1171 2228 1306 2261 Palarica,
1321 2237 1354 2256 ex
1378 2230 1466 2264 seipsa
1487 2234 1656 2262 renascente,
1672 2229 1705 2257 de
1720 2238 1773 2265 qua

985 2272 1013 2299 in
1030 2271 1217 2306 Steliteuticis,
1235 2274 1262 2300 in
1278 2275 1503 2310 quinquagesima
1524 2275 1639 2303 historia
1660 2278 1773 2304 utentio-

984 2327 1045 2347 nem
1062 2319 1128 2346 facit
1148 2320 1228 2347 divus
1239 2319 1397 2355 Gregorius,
1414 2321 1550 2355 regionem
1566 2321 1711 2357 Lyciorum
1727 2331 1773 2357 po-

985 2367 1106 2401 pulante.
1121 2371 1253 2401 regnante
1267 2367 1293 2393 in
1313 2367 1396 2403 Lycia
1410 2367 1511 2399 Proeto,
1528 2367 1728 2403 Bellerophonti
1745 2374 1773 2396 ut

985 2419 1044 2438 eam
1060 2411 1227 2439 interﬁceret
1247 2413 1404 2439 mandatum
1423 2417 1476 2440 est.
1495 2413 1558 2439 Erat
1581 2413 1688 2445 bellua,
1704 2415 1772 2441 sicut

980 2457 1035 2492 jam
1058 2458 1243 2493 depinximus,
1265 2459 1327 2486 talis
1342 2468 1347 2485 :
1364 2466 1379 2485 a
1409 2459 1498 2486 lronte
1517 2460 1570 2491 leo,
1588 2467 1602 2486 a
1618 2464 1694 2495 tergo
1712 2460 1772 2487 dra-

982 2509 1026 2533 co,
1049 2503 1076 2529 in
1103 2503 1192 2530 medio
1216 2502 1350 2531 Chimaera
1372 2504 1430 2538 ipsa
1459 2504 1547 2538 ignem
1573 2505 1733 2540 projiciens,
1749 2509 1773 2532 et

981 2547 1100 2576 diﬁicilis
1123 2553 1183 2575 erat
1204 2555 1333 2576 accessus
1356 2549 1388 2576 ad
1411 2557 1482 2576 eam.
1509 2550 1576 2576 Cum
1593 2549 1772 2586 Bellerophon

982 2594 1132 2622 invenisset
1149 2594 1284 2630 Prgasum
1310 2595 1433 2622 divinum
1455 2603 1555 2630 equum
1580 2597 1626 2630 qui
1647 2597 1704 2624 alas
1727 2597 1773 2623 ba.

985 2640 1048 2667 bere
1073 2640 1227 2673 dicebatur,
1252 2645 1279 2667 ct
1303 2640 1402 2668 undam
1423 2642 1560 2675 unguibus
1580 2642 1682 2676 jacere,
1708 2650 1772 2670 usus

983 2691 1025 2714 est
1041 2687 1120 2721 quasi
1137 2687 1276 2721 adjutorio
1291 2687 1342 2715 alis
1353 2688 1427 2722 equi,
1440 2692 1467 2714 ct.
1480 2688 1635 2722 plumbeam
1650 2688 1676 2714 in
1692 2696 1772 2722 supc-

983 2733 1049 2759 riori
1067 2737 1145 2767 parte
1161 2733 1264 2760 lancea:
1281 2733 1423 2761 stabilicns
1443 2734 1577 2767 sphaeram
1594 2740 1676 2768 quam
1701 2733 1728 2759 in
1744 2740 1771 2760 os

982 2777 1122 2804 Chimme
1146 2778 1276 2813 projecit,
1301 2779 1411 2814 plumbo
1435 2786 1482 2813 per
1503 2780 1592 2814 ignem
1615 2778 1772 2814 liquefacto,

982 2822 1084 2850 occidit
1094 2823 1269 2852 Chimaeram.

148 2877 236 2908 ρατος,
255 2874 336 2905 αὐτὸς
348 2874 362 2899 ὁ
377 2873 591 2908 Βελλεροφόντης
607 2872 731 2898 ἐνέϐαλεν
748 2872 787 2903 εἰς
806 2870 836 2898 τὸ
855 2870 941 2905 στόμα
959 2870 1007 2905 τῆς
1024 2869 1173 2906 Χιμαίρας,
1194 2871 1240 2897 καὶ
1257 2872 1311 2898 ἀπὸ
1327 2871 1372 2898 τοῦ
1393 2871 1476 2906 πυρὸς
1494 2870 1600 2905 διελύθη
1615 2871 1629 2896 6
1643 2869 1774 2906 μόλιϐδος,

145 2921 192 2948 καὶ
209 2921 299 2948 ἀνεῖλε
311 2920 361 2949 τὴν
376 2921 524 2950 Χίμαιραν.
