2046 3131
181 107 250 133 ωϋὸ
684 102 719 129 ΙΝ
740 101 941 130 ORATIONEM
962 102 982 129 Ii

1018 101 1150 131 SANCTA
1170 103 1311 133 LUMINA.
1736 103 1806 130 1066

179 162 247 196 Περὶ
270 160 298 187 δὲ
326 160 374 186 τοῦ
401 159 528 187 κολοσσοῦ
551 159 625 195 λέγει
652 159 701 186 τοῦ
729 160 908 195 ἀνακειμένου
937 160 982 191 ὲν,

1018 163 1063 198 qui
1080 163 1152 190 mole
1168 170 1218 190 sua
1231 166 1259 190 et
1275 160 1378 197 ingenti
1403 167 1468 188 teris
1495 159 1609 187 adhibiti
1623 159 1743 196 pondere
1755 160 1806 188 ad-

185 207 284 242 Ῥὸδῳ,
308 206 349 232 ὅτι
374 206 501 241 μέγιστός
525 207 599 234 ἐστιν
621 206 751 243 ἀνδριὰς,
773 205 873 249 χαλκὸν
896 205 967 241 ἔχων

1021 210 1194 238 mirationem
1208 213 1310 237 movet.

179 252 262 280 πολὺν
281 252 330 280 καὶ
347 251 576 288 ἀξιοθαύμαστον.
604 249 638 287 ς’,
668 249 686 278 ιζ
705 263 708 266 ~
774 274 778 285 ,

180 357 1795 376 Μ

536 440 651 485 ΤΟΥ
686 440 875 483 ΑΥΤΟΥ
910 439 1190 484 ΜΟΝΑΧΟΥ
1217 440 1448 483 ΝΟΝΝΟΥ

670 533 837 561 usurum
854 533 922 560 ΤΩΝ
939 517 1142 561 minutum
1160 533 1317 560 izTOPioN

364 613 416 642 'Qv
431 614 553 651 ἐμνήσθη
572 616 587 642 ὁ
602 615 738 650 πάνσοφος
751 616 797 642 καὶ
816 615 886 647 θεῖος
902 614 1052 651 Γρηγόριος
1067 615 1096 642 ὲν
1113 614 1151 650 τῷ
1165 615 1217 647 Εἰς
1231 613 1268 640 τὰ
1288 613 1356 648 ἅγια
1374 613 1456 648 φῶτα
1468 612 1540 650 λόγῳ
1553 613 1604 650 (Ι).

494 792 815 849 EJUSDEM
873 793 1114 850 MONAC
1124 793 1201 849 HI
1265 793 1462 850 NONN
1469 794 1490 850 Ι

601 905 798 933 INTERPRET
804 905 886 933 ΑΤΙΟ
909 905 1118 933 ϐΙὶᾸΞΟΑΒυΜ
1146 896 1383 934 IIISTORIARUM

252 983 390 1019 Quarum
405 982 549 1014 meminit
561 983 813 1023 sapientissimus
827 987 860 1014 et
873 983 962 1014 divus
973 983 1142 1023 Gregorius
1160 985 1193 1015 in
1211 984 1353 1015 oratione
1373 985 1415 1015 De
1429 985 1529 1016 sacris
1547 985 1728 1018 luminibus.

429 1146 464 1170 α’.
482 1144 551 1178 Περὶ
569 1143 623 1170 τοῦ
643 1144 720 1177 Διός.

1329 1147 1355 1174 1.
1375 1146 1412 1173 Dc
1426 1145 1500 1174 love.

209 1199 262 1225 Τὺν
280 1198 329 1225 Δία
339 1199 363 1224 οἱ
378 1198 498 1233 θεολόγοι
526 1198 581 1226 τῶν
602 1199 736 1235 Ἑλλήνων
754 1200 786 1226 ὲκ
803 1199 908 1235 Κρόνου
925 1200 968 1227 λέ-

173 1253 251 1284 γουσι
262 1245 435 1280 γεννηθῆναι,
446 1246 493 1272 καὶ
501 1245 665 1281 γεννηθέντα
679 1246 863 1281 περισωθῆναι
873 1246 969 1273 τοιῶσ-

172 1286 268 1321 δεῖ-³0
286 1291 390 1326 Κρόνος
417 1293 450 1327 τῇ
469 1291 534 1328 Ῥέᾳ
560 1292 704 1327 γενόμενος
734 1292 867 1324 σύνοικος,
896 1293 968 1330 ἅπερ

161 1339 280 1364 ¹ἔτικτεν
295 1338 363 1373 αὐτὴ
381 1338 486 1371 παιδία,
496 1338 577 1369 αὐτὸς
589 1337 734 1373 λαμϐάνων
748 1339 892 1365 κατέπινεν
905 1347 912 1354 '
921 1340 968 1365 καὶ

173 1384 261 1415 οὕτως
275 1384 323 1410 ἐπὶ
336 1383 440 1410 πολλῶν
457 1384 550 1410 τούτου
567 1384 724 1419 γενομένου,
740 1384 852 1416 ἄτεκνος
872 1385 968 1420 ἔμενεν

173 1431 199 1466 ἡ“
215 1431 287 1456 Ῥέα.
305 1430 370 1456 Ὅτε
394 1427 440 1457 οὖν
454 1429 583 1465 ἐγέννησε
601 1429 647 1456 τὸν
668 1430 731 1462 Δία,
748 1431 763 1466 ἡ
785 1431 848 1457 Ῥέα
868 1432 966 1464 φοὸου-

176 1476 243 1512 μένη
261 1476 360 1511 μήπως
377 1476 423 1502 καὶ
441 1476 471 1501 τὸ
485 1475 584 1511 βρέφος
597 1475 676 1502 τοῦτο
700 1476 852 1503 καταποθὲν
867 1477 968 1512 ἀπόλη-

174 1530 229 1555 ται,
246 1521 319 1548 λίθον
333 1521 381 1556 μὲν
398 1521 629 1556 σπαργανώσασα,
647 1521 745 1548 δέδωκε
759 1522 797 1557 τῷ
814 1522 911 1558 Κρόνῳ
930 1523 967 1554 ὡς

175 1567 275 1602 βρέφος
290 1568 434 1594 καταπιεῖν
443 1576 450 1582 ⁸
460 1567 504 1593 τὸν
516 1567 544 1593 δὲ
555 1567 604 1593 Δία
616 1568 763 1602 ὑπερέθετο
775 1569 803 1594 ἐν
814 1570 846 1604 τῇ
860 1569 965 1604 Κρήτῃ,

174 1613 222 1639 καὶ
236 1612 391 1649 παρέσταζε
401 1613 441 1648 τῷ
456 1613 550 1648 βρέφει
561 1614 647 1650 τούτῳ
659 1615 721 1646 τοὺς
730 1614 907 1650 Κορύϐαντας
921 1616 967 1642 καὶ

173 1659 238 1691 τοὺς
251 1659 396 1695 Κουρῆτας
411 1659 549 1695 ὀρχεῖσθαι
561 1660 609 1686 καὶ
624 1662 732 1696 κροτεῖν
747 1662 794 1688 καὶ
809 1663 921 1688 κτυπεῖν
934 1664 967 1689 τὰ

173 1705 243 1732 ὅπλα
259 1706 364 1737 αὐτῶν,
381 1707 428 1732 καὶ
444 1706 570 1740 γενέσθαι
591 1706 652 1733 τινὰ
667 1704 734 1742 ἦχον
749 1707 795 1733 τὸν
821 1707 967 1743 δυνάμενον

174 1752 356 1779 ὑποκλέπτειν
371 1752 419 1778 καὶ
442 1752 628 1788 παρακρούειν
640 1752 685 1779 τὺν
705 1754 736 1780 ἐκ
761 1753 809 1779 τοῦ
828 1753 966 1789 κλαυθμοῦ

172 1798 221 1825 τοῦ
231 1798 338 1825 παιδίου
350 1796 427 1833 ἦχον,
440 1799 483 1825 ἵνα
496 1799 533 1834 μὴ
543 1798 634 1834 μαθὼν
646 1799 660 1824 ὁ
671 1799 774 1835 Κρόνος
786 1799 838 1825 ποῦ
849 1799 967 1835 κρύπτε-

1056 1201 1150 1230 Jovem
1171 1202 1289 1238 theologi
1320 1201 1476 1230 Graecorum
1497 1202 1616 1230 Saturno
1645 1203 1741 1231 dicunt
1761 1212 1807 1232 na-

1021 1252 1090 1281 tum,
1110 1252 1138 1276 et
1156 1252 1251 1275 natum
1270 1248 1403 1276 salvatum
1421 1248 1507 1287 fuisse
1527 1249 1580 1276 isto
1595 1249 1675 1277 modo
1691 1259 1698 1277 :
1713 1248 1806 1277 Satur-

1021 1303 1074 1323 nus
1088 1295 1171 1323 Rhea:
1189 1304 1251 1322 cum
1264 1299 1338 1323 esset
1367 1295 1542 1329 coniunctus,
1563 1303 1632 1332 quos
1656 1297 1755 1324 edebat
1776 1305 1807 1325 ea

1022 1348 1132 1376 pueros.
1151 1341 1196 1368 ille
1212 1341 1336 1376 capiebat
1352 1344 1379 1368 et
1392 1341 1550 1375 hauriebat;
1562 1346 1588 1369 et
1603 1342 1639 1369 ita
1658 1342 1807 1378 smpissime

1021 1394 1083 1413 cum
1111 1386 1162 1414 hoc
1189 1387 1336 1418 evenisset,
1359 1386 1418 1414 sine
1451 1387 1542 1422 pueris
1571 1391 1702 1416 remansit
1721 1388 1806 1416 Rhea.

1020 1432 1087 1459 Cum
1104 1432 1186 1467 igitur
1202 1433 1294 1467 genuit
1315 1432 1420 1466 Jorem,
1438 1433 1513 1460 Rhea
1538 1434 1638 1462 timens
1660 1442 1693 1462 ne
1713 1434 1806 1462 eodem

1020 1478 1102 1505 modo
1110 1486 1218 1513 quoque
1227 1487 1293 1513 puer
1301 1479 1346 1506 ille
1355 1479 1467 1514 periret,
1477 1480 1593 1515 lapidem
1601 1488 1662 1508 cum
1671 1488 1761 1516 panno
1769 1481 1811 1509 in-

1020 1524 1160 1555 volvisset,
1178 1524 1252 1551 dedit
1268 1524 1385 1552 Saturno
1401 1530 1430 1552 ut
1446 1533 1560 1560 puerum
1576 1526 1806 1560 manducandum.

1019 1569 1113 1597 Jovem
1130 1574 1219 1597 autem
1230 1570 1357 1605 deposuit
1376 1571 1403 1597 in
1412 1571 1491 1599 Creta
1504 1592 1512 1605 ,
1523 1576 1551 1599 et
1565 1572 1603 1599 illi
1612 1572 1806 1607 circumposuit

1020 1617 1190 1651 Corybantas
1204 1621 1231 1643 et
1245 1616 1359 1645 Curetas
1373 1618 1418 1652 qui
1441 1618 1557 1646 saltibus
1575 1623 1602 1646 et
1621 1618 1763 1653 plausibus
1782 1624 1806 1646 el

1021 1670 1096 1689 arma
1114 1662 1236 1689 feriendo
1249 1663 1393 1690 tumultum
1412 1664 1513 1692 cierent
1535 1672 1589 1699 quo
1605 1668 1696 1699 posset
1725 1665 1806 1693 celari

1019 1713 1047 1735 et
1065 1708 1120 1743 tegi
1135 1716 1220 1736 sonus
1236 1709 1374 1744 vagituum
1388 1710 1476 1744 pueri,
1489 1718 1522 1737 ne
1539 1710 1657 1737 disceret
1672 1710 1806 1738 Saturnus

1020 1754 1064 1781 ubi
1077 1754 1177 1781 latebat
1189 1762 1266 1789 puer,
1278 1759 1387 1789 caperet
1398 1763 1459 1783 eum
1475 1759 1502 1783 et
1522 1756 1653 1784 haurirez.
1663 1756 1741 1785 Nunc
1757 1758 1805 1792 igi-

1019 1803 1065 1826 tur
1083 1803 1185 1834 patrem
1201 1807 1299 1834 pueros
1310 1799 1489 1827 detestantem
1501 1800 1568 1827 dicit
1587 1800 1748 1833 Saturnum,
1767 1801 1803 1828 in-

174 1853 219 1871 ται
230 1843 260 1870 τὸ
274 1844 388 1875 παιδίον,
403 1843 482 1870 τοῦτο
495 1844 584 1871 λαϐὼν
598 1844 792 1881 καταπίῃ.Νῦν
801 1842 847 1872 οὖν
862 1845 967 1880 πατέρα
980 1840 982 1853 ¹

1019 1831 1175 1880 [alitemque
1202 1831 1400 1880 igemebundum
1423 1845 1526 1873 Jovem.
1543 1847 1657 1875 Curetas
1677 1831 1745 1874 dicit
1760 1855 1806 1875 eos

176 1888 225 1923 μὲν
242 1889 400 1923 μισότεκνον
408 1889 482 1923 λέγει
495 1889 541 1915 τὸν
555 1889 667 1924 Κρόνον,
677 1889 782 1916 παιδίον
791 1889 822 1916 δὲ
831 1890 914 1917 κλαυθ
918 1900 968 1926 μυ-

171 1935 250 1970 ρίζον
262 1935 308 1962 τὸν
322 1936 371 1962 Δία
383 1944 389 1950 ·
400 1936 462 1966 τοὺς
475 1935 619 1970 Κουρῆτας
631 1935 659 1962 δὲ
671 1935 744 1968 λέγει
755 1937 817 1967 τοὺς
834 1937 902 1972 μετὰ
913 1937 968 1963 τῶν

173 1980 358 2016 Κορυϐάντων
378 1981 527 2016 ταχθέντας
551 1981 626 2016 παρὰ
651 1981 700 2015 τῆς
721 1981 799 2013 Ῥέας
817 1982 967 2017 ὀρχεῖσθαι,

173 2025 300 2060 δαίμονες
317 2026 345 2051 δὲ
358 2023 431 2052 οὗτοι
446 2027 471 2052 οἱ
495 2025 669 2061 Κορύὸαντες
679 2034 685 2040 ·
701 2026 824 2053 ἐνόπλιον
840 2027 868 2053 δὲ
884 2027 968 2062 ὄρχη-

175 2079 216 2098 σιν
233 2071 308 2105 λέγει
324 2071 374 2107 τὴν
399 2072 543 2107 πυρῤίχιον
557 2080 564 2086 ”
580 2071 683 2098 κτύπον
703 2071 757 2106 γάρ
772 2081 832 2098 τινα
854 2072 883 2098 ὲν
908 2074 968 2104 ταῖς

174 2117 286 2143 ἀσπίσιν
308 2117 415 2144 ἐποίουν
439 2115 532 2150 οὗτοι,
555 2117 624 2153 πρὸς
644 2117 674 2143 τὸ
701 2117 895 2153 ὑπερηχεῖσθαι
922 2119 967 2146 τὸν

173 2161 313 2196 κλαυθμὺν
327 2162 374 2188 τοῦ
396 2162 513 2188 παιδίου.
528 2161 645 2197 Κρητῶν
662 2161 691 2188 δὲ
713 2162 860 2197 τυράννους
879 2160 966 2194 εἶπεν,

173 2208 215 2234 ὅτι
226 2209 250 2234 οἱ
268 2208 318 2243 μὲν
336 2207 453 2242 θεολόγοι
470 2207 525 2234 τῶν
542 2207 676 2242 Ἑλλήνων
693 2207 752 2233 θεὸν
766 2207 875 2242 λέγουσι
889 2208 966 2241 γενέ-

175 2253 237 2280 σθαι
249 2253 295 2280 τὸν
309 2254 412 2289 Κρόνον
427 2254 475 2280 καὶ
498 2254 542 2280 τὸν
561 2254 609 2280 Δία
619 2261 626 2267 ·
643 2254 659 2288 ἡ
678 2253 706 2279 δὲ
721 2253 825 2289 ἱστορία
840 2255 857 2289 ἡ
872 2254 964 2289 δημώ-

173 2300 230 2336 δης,
280 2300 327 2326 καὶ
351 2299 453 2326 τίθεται
470 2301 484 2326 ό
503 2299 573 2331 θεῖος
602 2299 750 2335 Γρηγόριος
775 2300 879 2334 λέγων,
894 2300 934 2326 ὄτι
950 2301 964 2326 ὁ

174 2349 240 2380 Ζεὺς
250 2345 328 2380 οὗτος
341 2348 471 2384 τύραννος
490 2347 523 2384 ἦν
540 2348 666 2385 Κρητῶν,
682 2350 728 2375 καὶ
746 2349 868 2381 Θέλοντες
882 2348 963 2376 αὑτὸν

172 2393 334 2429 θεραπεύειν
356 2395 380 2420 οἱ
402 2395 534 2426 ὑπήκοοι,
549 2394 739 2429 ἐμυθολόγουν.
753 2395 790 2427 ὡς
810 2396 841 2422 ἐκ
858 2395 963 2431 Κρόνου

1019 1899 1081 1918 cum
1103 1890 1266 1926 Corybantis
1282 1891 1422 1918 ordinatos
1437 1899 1452 1917 a
1470 1890 1546 1919 Rhea
1575 1892 1609 1919 ad
1634 1892 1806 1927 saltandum;

1018 1935 1157 1963 daemones
1172 1943 1236 1962 vero
1250 1939 1315 1962 sunt
1332 1935 1376 1963 isti
1397 1936 1568 1971 Corybante.
1596 1937 1736 1964 Armatam
1753 1939 1805 1966 sal-

1019 1982 1148 2010 tationem
1161 1981 1229 2009 dicit
1239 1981 1435 2016 pyrrhichium:
1451 1990 1547 2009 sonum
1572 1983 1644 2010 enim
1661 1984 1805 2018 quemdam

1019 2028 1047 2054 in
1062 2027 1165 2062 clypeis
1181 2027 1316 2054 faciebant
1332 2027 1390 2061 illi,
1416 2031 1444 2054 ut
1467 2028 1675 2057 dominarentur
1690 2031 1805 2065 gemitus

1016 2074 1139 2102 infantis.
1160 2073 1330 2101 Cretensium
1354 2082 1431 2109 reges
1444 2075 1521 2106 dicit,
1534 2076 1597 2110 quia
1606 2076 1724 2112 theologi
1736 2077 1804 2105 Grat-

1015 2128 1110 2148 corum
1132 2120 1199 2148 deos
1222 2119 1308 2148 factos
1324 2120 1408 2148 fuisse
1429 2120 1524 2148 dicunt
1544 2120 1692 2148 Saturnum
1714 2126 1742 2149 et
1760 2121 1804 2150 Jo-

1017 2174 1086 2192 vem.
1112 2164 1174 2192 llaec
1195 2168 1238 2192 est
1264 2165 1378 2192 historia
1393 2165 1558 2198 communis,
1579 2171 1659 2199 quam
1682 2165 1804 2200 sequitur

1015 2211 1095 2237 divus
1111 2209 1261 2245 Gregorius
1275 2209 1381 2239 dicens.
1395 2207 1488 2235 Jovem
1512 2208 1595 2235 istum
1611 2215 1702 2243 regem
1721 2208 1805 2236 fuisse

1017 2255 1199 2286 Cretensium,
1211 2259 1239 2281 et
1249 2254 1372 2281 volentes
1386 2261 1448 2280 eum
1466 2253 1556 2280 colere
1582 2252 1709 2287 subjecti,
1721 2252 1804 2279 ﬁnxe-

1018 2305 1082 2328 runt
1093 2308 1156 2328 eum
1175 2308 1191 2327 e
1208 2300 1328 2327 Saturno
1339 2302 1389 2327 deo
1399 2305 1425 2326 et
1435 2299 1509 2325 Rhea
1519 2302 1608 2326 ortum
1621 2298 1732 2329 habere.
1742 2305 1805 2325 cum

1018 2348 1099 2375 homo
1108 2352 1191 2375 esset.
1200 2347 1263 2374 ideo
1274 2346 1358 2379 addit,
1368 2345 1499 2379 Quamvis
1508 2345 1593 2372 Graeci
1605 2344 1805 2378 eontradicant;

1017 2394 1103 2422 Graeci
1115 2394 1188 2421 enim
1203 2401 1256 2420 non
1276 2394 1370 2420 volunt
1378 2400 1439 2420 eum
1455 2399 1516 2419 esse
1525 2391 1662 2418 hominem
1673 2393 1701 2418 et
1714 2397 1804 2425 regem

173 2438 234 2465 θεοῦ
245 2439 294 2466 καὶ
318 2439 397 2470 Ῥέας
414 2439 469 2474 ἔχει
482 2439 531 2475 τὴν
544 2439 660 2474 γένεσιν,
678 2440 738 2467 ἐπεὶ
749 2440 892 2476 ἄνθρωπος
910 2437 943 2475 ἧν
955 2449 962 2456 ·
979 2438 982 2465 ἶ

1018 2439 1198 2470 Cretensium,
1212 2439 1260 2466 sed
1275 2440 1366 2466 deum.

172 2485 212 2511 διὸ
232 2486 280 2512 καὶ
302 2485 453 2520 ἐπήγαγεν,
473 2485 523 2511 κᾶν
541 2485 670 2522 ’Έλληνες
684 2486 910 2522 ἀπαρέσκωνται·
927 2487 952 2513 οἱ
972 2486 1026 2522 γὰρ
1041 2485 1173 2521 ’Έλληνες
1194 2486 1224 2511 οὐ
1252 2485 1373 2511 θέλουσιν
1389 2484 1470 2512 αὐτὸν
1484 2481 1556 2511 εἶναι
1588 2483 1731 2519 ἄνθρωπον
1756 2483 1804 2510 καὶ

173 2533 302 2569 τύραννον
315 2533 442 2568 Κρητῶν,
455 2532 524 2559 ἀλλὰ
537 2532 607 2560 θεόν.

297 2591 329 2626 β’.
346 2591 414 2626 Περὶ
433 2591 489 2625 τῆς
502 2592 710 2625 ἁρπασθείσης
730 2593 837 2627 Κόρης.

207 2643 339 2678 Δημήτηρ
352 2641 412 2674 θεὸς
431 2640 497 2669 οὖσα
511 2643 597 2670 τίκτει
614 2644 750 2680 θυγατέρα
764 2644 817 2671 ἀπὸ
828 2644 873 2671 τοῦ
889 2644 960 2676 Διὸς,

175 2688 264 2724 ηντινα
275 2689 389 2715 ἐκάλουν
405 2689 451 2715 καὶ
464 2689 569 2725 Κόρην,
585 2691 631 2716 καὶ
652 2691 835 2726 Περσεφόνην.
850 2690 962 2725 Ταύτης

175 2735 279 2771 ῆράσθη
293 2736 307 2761 ὁ
323 2735 447 2761 Πλούτων
462 2744 469 2750 ο
485 2736 530 2762 καὶ
543 2736 651 2771 ἥρπασε
665 2738 711 2763 καὶ
728 2737 861 2772 κατῆλθεν
878 2738 907 2763 ἐν
923 2736 961 2772 τῷ

174 2781 233 2816 ᾅδῃ.
252 2780 283 2805 Ἠ
307 2777 352 2805 οὖν
375 2781 507 2816 Δημήτηρ
529 2781 636 2816 περιῄει
652 2781 769 2816 ζητοῦσα
786 2781 835 2816 τὴν
853 2773 959 2816 Κόρην,

1245 2588 1273 2615 2.
1296 2589 1333 2616 De
1347 2593 1437 2622 erepta
1452 2588 1564 2623 virgine.

1050 2644 1143 2675 Ceres,
1160 2644 1210 2671 dea
1229 2650 1291 2670 cum
1312 2646 1396 2673 eSSet,
1409 2640 1495 2676 gignit
1513 2640 1594 2667 ﬁliam
1604 2647 1619 2667 a
1633 2639 1709 2672 Jove,
1720 2646 1803 2674 quam

1015 2690 1150 2717 vocabant
1177 2689 1266 2717 Coren
1300 2692 1328 2715 et
1359 2685 1560 2721 Persephonen.
1594 2686 1670 2712 Illam
1701 2685 1803 2712 amavit

1016 2735 1107 2767 Pluto,
1125 2740 1151 2762 et.
1176 2734 1289 2762 sustulit
1305 2738 1333 2761 et
1358 2732 1502 2760 descendit
1529 2732 1555 2758 in
1580 2731 1692 2758 inferos.
1716 2730 1803 2758 Ceres

1016 2781 1099 2817 igitur
1110 2780 1276 2808 circumibat
1291 2786 1418 2815 querens
1446 2778 1592 2814 virginem,
1607 2781 1635 2806 et
1666 2784 1727 2804 cum
1754 2776 1802 2805 diu

207 2848 244 2885 tl)
263 2848 357 2876 Oratio
368 2849 433 2876 olim
450 2853 477 2877 et
492 2857 564 2885 nune
581 2849 708 2881 XXXIX,
744 2860 770 2887 p.
791 2850 844 2878 677
867 2859 931 2879 nov.
965 2851 1031 2879 edit.

330 2898 460 2927 Parnon.
486 2898 546 2927 Cn.
563 2898 710 2929 XXXVI.

1601 2892 1638 2925 31¢
