2046 3131
253 95 324 123 1067

932 96 1073 122 NUNNUS
1090 96 1200 124 ABBAS

1812 103 1822 129 ί
1828 102 1880 130 ωδε

251 154 380 182 errasset,
392 156 465 177 venit
479 151 506 177 in
522 150 649 178 Atticam.
666 151 821 179 Adveniens
833 156 934 185 autem,
947 152 1036 180 locum

1090 156 1136 182 καὶ
1149 156 1233 183 πολλὰ
1249 157 1413 193 πλανηθεῖσα
1424 156 1505 194 ἦλθεν
1517 161 1545 186 έν
1559 161 1591 196 τῇ
1614 160 1732 196 Ἀττικῇ.
1749 160 1882 188 Ἐλθοῦσα

252 197 278 223 in
294 203 374 231 quem
390 201 502 224 venerat
517 197 622 224 vocavit
644 196 788 229 Eleusina,
800 205 834 224 ex
850 197 933 225 verbo
942 198 1040 234 ἐληλυ-

251 243 336 269 θέναι.
350 241 450 270 Didicit
465 249 529 270 vero
539 251 554 270 e
568 242 649 271 Celeo
660 247 687 270 et
706 243 885 278 Triptolemo,
908 244 1040 280 virginem

251 293 357 324 raptam
386 288 472 316 fuisse
486 296 502 316 a
523 289 638 316 Plutone
663 293 690 316 et
705 297 768 316 esse
792 290 820 317 in
847 289 956 318 inferis.
972 289 1040 317 Cum

251 336 334 370 igitur
347 335 491 363 didicisset
506 334 556 362 dea
571 335 634 366 ista,
653 334 732 362 finem
748 335 811 362 fecit
837 336 951 363 erroris.
970 335 1040 363 Gra—

251 382 304 409 tias
322 388 406 416 agens
420 380 488 407 viris
497 387 547 415 pro
559 380 694 408 beneficio
707 380 765 411 illo,
779 380 853 408 dedit
868 381 908 408 eis
923 381 1039 413 semina,

251 433 279 454 ut
300 427 476 458 frumentum,
508 425 639 453 hordeum
659 430 686 453 et
712 426 806 458 olera;
837 426 938 454 dicitur
966 427 1039 454 enim

252 474 359 509 frugum
376 480 477 507 prmses
493 480 554 500 esse
579 472 673 499 Ceres.
696 472 764 499 Cum
789 472 909 500 dedisset
923 472 1038 504 semina,

250 520 418 547 deditetiam
438 519 571 546 dracones
587 523 614 546 et
628 526 726 546 currus
743 518 793 545 alis
807 519 967 550 instructos,
984 519 1039 545 cir-

250 566 397 594 cumeuttdi
423 572 506 594 causa
531 569 558 592 et
579 564 661 591 dandi
680 564 809 592 omnibus
827 564 992 591 frttmentum
1010 568 1036 591 et

252 612 382 640 hordeum
396 621 403 644 ;
420 611 541 638 nondum
556 610 628 638 enim
643 610 797 638 didicerant
821 610 946 637 homines
960 618 1038 636 man-

249 660 357 687 ducare
378 665 484 693 panem,
509 660 555 683 aut
577 656 616 683 uti
647 656 793 688 frumento,
820 655 866 683 sed
892 655 1039 682 nomadum

249 704 332 730 vitam
346 702 462 737 agebant
479 709 485 727 :
502 708 556 727 non
576 699 657 726 modo
687 699 865 731 frumentum,
883 699 929 726 sed
957 699 1038 726 etiam

250 757 346 777 omnes
368 748 514 776 seminales
540 747 646 774 fruetus
661 745 745 777 dedit,
758 750 786 772 et
805 746 933 781 mysteria
961 745 1040 773 insti-

250 796 302 823 tuit
317 800 344 822 et
356 794 450 822 docuit
468 793 604 828 quomodo
618 796 727 827 oportet
756 792 863 819 initiare
878 796 905 819 et
923 791 1037 818 initiari.

249 842 336 869 Noctu
367 845 456 868 autetn
486 839 685 875 peragebantur
716 838 844 874 mysteria
872 838 899 865 in
931 837 1038 871 Eleusi;
1057 835 1076 862 Β

249 889 378 924 templum
399 887 472 915 enim
490 886 535 912 hic
551 886 705 913 dedicatum
725 885 776 912 fuit
797 885 847 920 ipsi
862 884 964 912 Cereri.
991 883 1038 910 Di-

249 937 286 963 cit
297 939 397 966 autem,
413 933 443 960 Et
455 933 514 960 haec
531 932 594 959 facit
624 936 651 959 et
667 932 724 958 haec
740 932 855 966 patitur,
873 931 935 966 quia
957 929 1040 958 Ceres

251 979 315 1007 felix
331 979 383 1005 fuit
401 977 533 1005 discendo
556 977 618 1003 filiae
633 976 757 1009 (sortem)
773 981 799 1002 et
817 975 896 1002 finem
920 975 985 1002 fecit
999 982 1039 1002 er-

248 1027 331 1058 roris,
357 1029 384 1052 et
396 1024 461 1059 quia
483 1030 514 1050 ea
541 1022 701 1050 beneficium
719 1022 810 1048 intulit
835 1022 886 1051 eis.
907 1021 975 1048 dans
998 1028 1040 1048 se—

249 1072 345 1104 mina,
380 1075 407 1097 et
439 1074 561 1097 statuens
601 1069 739 1103 mysteria.
781 1067 912 1102 Cognovit
950 1071 1040 1094 autem

249 1118 356 1145 Eleusis
369 1116 437 1147 haec,
455 1115 489 1142 de
512 1122 581 1150 pago
596 1114 674 1144 dicit,
697 1114 724 1140 in
738 1121 819 1148 quem
834 1121 895 1140 cunt
919 1113 1041 1140 venisset

248 1164 343 1193 Ceres,
367 1161 484 1189 faciebat
509 1160 649 1195 mysteria.
666 1159 735 1187 Dicit
753 1163 854 1191 autem,
874 1158 993 1186 Silendis
1013 1161 1041 1186 et

248 1209 358 1237 silentio
369 1208 469 1242 dignis,
485 1210 597 1241 propter
618 1206 703 1240 legem
733 1201 873 1240 jubentefh
902 1205 1039 1232 neminem

249 1257 420 1284 initiatorum
443 1254 573 1290 mysteria
587 1253 738 1288 divulgare,
751 1252 799 1279 sed
822 1252 914 1283 silere,
927 1256 954 1278 et
976 1259 1038 1278 cum

248 1303 372 1340 profanis
388 1309 445 1328 non
462 1299 676 1328 communicare.

1091 201 1129 233 δὲ,
1151 201 1197 228 τὸν
1215 203 1263 237 μὲν
1280 203 1362 229 τόπον
1377 204 1405 229 ὲν
1420 199 1443 237 ᾧ
1456 202 1538 239 ἦλθεν
1551 224 1558 236 ,
1576 205 1705 232 ἐκάλεσεν
1721 205 1863 232 Ἐλευσῖνα

1092 248 1167 284 παρὰ
1181 248 1211 275 τὸ
1226 249 1392 284 ἐληλυθέναι.
1411 249 1515 285 Ἐμαθε
1527 250 1555 277 δὲ
1568 251 1644 286 παρὰ
1657 251 1705 277 τοῦ
1716 251 1818 278 Κελεοῦ
1834 252 1882 279 καὶ

1091 294 1138 320 τοῦ
1153 295 1352 331 Τριπτολέμου,
1361 296 1402 322 ὄτι
1418 297 1433 332 ἡ
1453 296 1528 332 Κόρη
1539 297 1651 333 ἡρπάγη
1665 297 1718 324 ὑπὸ
1733 297 1780 324 τοῦ
1798 297 1881 324 Πλού-

1091 349 1184 372 τωνος,
1203 341 1250 368 καὶ
1263 341 1335 368 ἔστιν
1347 343 1376 369 ὲν
1389 342 1428 378 τῷ
1441 342 1501 378 ᾅδῃ.
1518 343 1647 370 Μαθοῦσα
1656 341 1703 370 οὖν
1714 344 1731 380 ἡ
1745 344 1805 375 θεὸς
1815 343 1883 370 ταῦ-

1091 395 1137 418 τα,
1151 387 1229 423 ἔληξε
1245 389 1294 423 τῆς
1320 388 1432 424 πλάνης.
1453 389 1633 425 ’Λμειϐομένη
1649 390 1677 416 δὲ
1698 390 1761 421 τοὺς
1781 390 1883 425 ᾇνόρας

1091 433 1161 469 ὑπὲρ
1174 433 1225 468 τῆς
1239 433 1349 468 χάριτος
1363 434 1464 470 ταύτης
1475 455 1483 468 ,
1495 435 1610 462 δέδωκεν
1624 435 1716 467 αὐτοῖς
1736 434 1771 461 τὰ
1795 435 1881 471 σπέρ-

1092 488 1175 514 ματα,
1189 477 1244 506 οἷον
1260 482 1331 506 σῖτον
1341 501 1348 512 ,
1361 481 1468 516 κριθὴν,
1487 481 1534 507 καὶ
1549 481 1661 516 ὄσπριον
1675 489 1685 517 θ.
1702 481 1810 514 λέγεται
1827 480 1882 516 γὰρ

1089 526 1144 552 τῶν
1160 527 1354 562 σπερματικῶν
1374 528 1489 562 καρπῶν
1507 526 1577 555 εἶναι
1593 528 1688 564 ἔφορος
1704 529 1720 563 ἡ
1737 529 1880 564 Δημήτηρ.

1091 572 1177 600 Δοῧσα
1199 573 1226 599 δὲ
1250 573 1283 600 τὰ
1310 575 1465 609 σπέρματα,
1478 575 1578 601 δέδωκε
1602 575 1652 601 xui
1671 575 1819 611 δράκοντας
1834 574 1883 601 καὶ

1091 621 1200 656 ἅρματα
1219 621 1346 656 πτερωτὰ
1361 621 1429 656 πρὸς
1442 620 1471 646 τὺ
1483 621 1635 656 περιελθεῖν
1647 622 1693 648 καὶ
1705 620 1796 647 δοῦναι
1814 615 1881 647 πᾶσι

1090 667 1136 693 τὸν
1151 669 1222 693 σῖτον
1247 667 1294 694 καὶ
1314 667 1362 702 τὴν
1379 667 1476 703 κριθήν
1487 676 1493 682 '
1509 668 1584 694 οὔπω
1599 668 1653 702 γὰρ
1673 667 1781 703 ᾔδεισαν
1797 668 1823 693 οἱ
1839 667 1881 694 ἄν·

1091 713 1194 749 θρωποι
1213 713 1312 740 ἐσθίειν
1331 714 1423 748 ἄρτον,
1439 713 1455 748 ἢ
1478 714 1595 749 χρῆσθαι
1614 714 1696 748 σίτῳ.
1714 713 1781 740 ἀλλὰ
1798 721 1882 748 νομα-

1090 759 1163 785 δικὸν
1184 759 1241 794 βίον
1264 759 1332 791 ἔζων
1345 767 1351 773 ·
1366 760 1396 785 οὺ
1422 759 1501 794 μόνον
1517 759 1545 786 δὲ
1570 759 1614 786 τὸν
1641 761 1730 789 σῖτον,
1750 758 1818 785 ἀλλὰ
1835 758 1882 784 xui

1092 805 1195 836 πάντας
1214 805 1276 836 τοὺς
1291 806 1495 840 σπερματικοὺς
1518 806 1640 841 καρποὺς
1650 805 1748 831 δέδωκε
1762 813 1768 819 ·
1786 804 1831 831 xui
1847 803 1882 830 τὰ

1093 852 1230 886 μυστήρια
1246 851 1368 877 ἐτέλεσεν
1386 852 1488 883 αὐτοῖς,
1505 851 1551 878 καὶ
1570 850 1653 883 ἔδειξε
1670 850 1728 882 πῶς
1741 850 1782 877 δεῖ
1796 850 1882 876 τελεῖν

1092 897 1139 924 καὶ
1165 896 1309 923 τελεῖσθαι.
1333 897 1449 931 Νύκτωρ
1471 896 1499 923 δὲ
1522 896 1658 932 ἐγίνετοὴ
1680 896 1776 932 τελετὴ
1799 897 1828 922 ἐν

1098 943 1247 970 Ἐλευσῖνι·
1267 943 1338 978 ἱερὸν
1353 943 1407 979 γὰρ
1420 943 1532 979 ἐκτίσθη
1553 945 1641 970 ὲκεῖσε
1663 943 1746 977 αὐτῆς
1764 944 1814 978 τῆς
1828 944 1880 977 Δή-

1093 996 1205 1023 μητρος.
1220 986 1287 1014 Eine
1299 988 1337 1020 δὲ,
1352 988 1407 1014 Καὶ
1420 989 1454 1014 τὰ
1471 988 1519 1023 μὲν
1535 990 1615 1018 ποιεῖ,
1625 988 1659 1014 τὰ
1673 988 1701 1014 δὲ
1716 988 1824 1023 πάσχει,
1836 987 1882 1014 διὰ

1091 1033 1122 1059 τὸ
1142 1034 1188 1059 xui
1202 1033 1251 1068 τὴν
1266 1034 1413 1069 Δήμητραν
1431 1033 1527 1059 παθεῖν
1541 1032 1570 1059 εὖ
1588 1034 1616 1059 ὲν
1636 1033 1675 1067 τῷ
1690 1033 1802 1060 ἀκοῦσαι
1817 1032 1883 1068 περὶ

1093 1079 1140 1114 τῆς
1158 1079 1290 1115 θυγατρὸς
1307 1079 1385 1114 λῆξαι
1400 1080 1448 1114 τῆς
1464 1079 1577 1114 πλάνης,
1589 1080 1636 1106 xui
1647 1080 1749 1115 ταύτην
1759 1080 1787 1106 δὲ
1803 1079 1880 1114 ποιῆ-

1094 1133 1138 1151 σαι
1154 1124 1184 1151 εὖ
1194 1126 1314 1156 τούτους,
1329 1125 1411 1152 δοῦσα
1427 1126 1462 1152 τὰ.
1478 1125 1634 1161 σπέρματα,
1648 1127 1694 1152 xui.
1705 1126 1838 1152 τελέσασα
1847 1125 1882 1151 τὰ

1095 1173 1240 1207 μυστήρια.
1251 1172 1288 1197 Τὸ
1300 1172 1338 1201 δὲ,
1353 1170 1429 1198 Οἶδεν
1444 1171 1564 1203 Ἐλευσὶς
1578 1171 1673 1203 ταῦτα,
1685 1172 1750 1207 περὶ
1763 1173 1812 1206 τῆς
1826 1171 1881 1198 κώ-

1094 1225 1148 1252 μης
1162 1216 1246 1250 λέγει,
1264 1217 1293 1242 έν
1311 1213 1455 1252 aueo-3m
1479 1217 1496 1251 ἡ
1510 1217 1643 1252 Δημήτηρ
1666 1217 1753 1243 ἐποίει
1776 1217 1811 1243 τᾶ
1832 1227 1879 1253 μυ-

1093 1263 1200 1297 στήρια.
1212 1260 1277 1287 Eine
1285 1261 1322 1292 δὲ,
1331 1260 1390 1286 Τῶν
1405 1270 1524 1296 σεσιωπη
1528 1261 1616 1297 μένων
1630 1262 1676 1288 καὶ
1685 1262 1789 1297 σιωπῆς
1798 1262 1880 1289 ὄντων

1087 1307 1182 1339 ἀξίων,
1196 1307 1239 1333 διὰ
1253 1307 1284 1333 τὸ
1299 1307 1382 1342 νόμον
1401 1304 1470 1332 εἶναι
1485 1307 1530 1332 τὸν
1548 1306 1693 1334 κελεύοντα
1711 1308 1813 1343 μηδένα
1828 1308 1880 1334 τῶν

247 1359 426 1388 τελεσθέντων
445 1358 479 1384 τὰ
499 1358 636 1393 μυστήρια
659 1354 832 1391 δημοσιεύειν
853 1354 902 1390 τὴν
916 1354 1039 1389 τελετὴν,
1058 1353 1126 1381 ἀλλὰ
1153 1355 1242 1388 σιωπῇ
1271 1353 1406 1387 κατέχειν,
1439 1353 1486 1379 καὶ
1503 1352 1540 1388 μὴ
1566 1353 1693 1388 ἐκφέρειν
1718 1353 1786 1388 πρὸς
1819 1353 1883 1384 τοὺς

248 1409 397 1445 ἀμυήτους.

301 1464 329 1491 5.
342 1462 379 1489 De
394 1461 492 1496 femore
511 1459 675 1494 parturiente
693 1458 872 1493 imperfectum
887 1457 979 1492 fetum.

1121 1458 1156 1489 γ’.
1178 1453 1245 1487 Περὶ
1259 1452 1312 1479 τοῦ
1330 1452 1491 1484 ὼδίνοντος
1506 1451 1604 1486 μηροῦ
1617 1452 1724 1485 ἀτελὲς
1739 1453 1846 1487 κύημα,

283 1519 389 1549 Semele
405 1519 459 1546 lilia
481 1518 531 1545 fuit
551 1517 645 1544 Cadmi
672 1515 828 1543 Thebarum
850 1516 931 1550 regis.
960 1514 1034 1542 Illam

1122 1511 1238 1546 Σεμέλη.
1254 1509 1378 1544 Θυγάτηρ
1391 1509 1487 1542 γέγονε
1501 1508 1613 1544 Κάδμου
1630 1507 1677 1535 τοῦ
1692 1508 1789 1543 Θηϐῶν
1801 1508 1881 1543 βαστ-

249 1575 311 1595 cum
326 1566 473 1592 amavisset
492 1563 607 1598 Jupiter,
626 1570 686 1590 sese
698 1562 806 1589 miscuit
818 1561 934 1596 ei,quod
950 1562 976 1588 in
994 1562 1036 1588 in-

252 1613 355 1640 vidiam
367 1614 393 1637 et
404 1610 496 1638 odium
513 1608 596 1635 movit
610 1607 743 1634 Junonetn
762 1614 873 1634 morem
889 1614 976 1633 suam.
991 1605 1035 1632 ln—

249 1657 310 1684 vida
331 1655 414 1691 igitur
439 1653 511 1681 Juno
539 1653 673 1680 Semelem
696 1652 752 1679 adit
767 1656 794 1679 et
813 1652 879 1678 dicit
906 1651 930 1678 ei
949 1660 955 1678 :
983 1650 1036 1678 Re-

247 1709 312 1729 Vcl‘n
321 1700 389 1735 (ille)
411 1699 479 1726 fallit
506 1703 545 1732 te;
563 1706 617 1725 non
631 1698 703 1725 enim
716 1697 823 1732 Jupiter
846 1701 888 1723 est
905 1697 951 1731 qui
975 1704 1035 1724 sese

248 1747 339 1783 jungit
356 1751 463 1778 tecum;
480 1745 513 1772 ad
529 1752 572 1771 me
599 1744 682 1774 enim,
697 1744 744 1774 ait,
757 1750 821 1770 cum
835 1743 928 1773 intrat,
948 1742 1036 1776 fulgu-

249 1795 327 1821 ribus
358 1797 385 1820 et
415 1790 572 1818 tonitrubns
597 1793 732 1817 coruscat.
757 1789 785 1815 Si
805 1789 886 1823 igitur
909 1789 983 1815 venit
1001 1788 1035 1814 ad

249 1843 276 1867 te
307 1837 423 1872 Jupiter,
446 1836 491 1863 die
516 1835 555 1861 illi
582 1839 612 1861 ut
640 1833 778 1869 quomodo
802 1831 936 1860 lunonem
967 1833 1035 1865 adit,

254 1885 295 1912 sic
320 1889 347 1911 te
381 1883 469 1910 adeat.
487 1882 519 1908 Et
537 1881 560 1908 si
577 1882 707 1907 miscetur
729 1880 778 1906 tibi
796 1887 858 1906 cum
881 1879 1034 1913 fulguribus

251 1937 278 1957 et
292 1929 459 1959 tonitrubns,
485 1935 580 1954 revera
602 1926 708 1961 Jupiter
724 1925 773 1952 tibi
785 1925 925 1952 miscetur.
943 1924 972 1951 Si
987 1932 1036 1951 att-

253 1981 308 2004 tetn
328 1976 405 2003 aliter
421 1981 587 2009 quocunque
602 1973 693 2004 modo,
710 1980 764 2000 non
780 1977 822 2000 est
836 1971 951 2007 Jupiter.
968 1972 1034 1998 Cum

254 2023 312 2050 ha-c
330 2020 503 2056 praedixisset
516 2019 599 2050 Juno,
625 2024 652 2046 et
668 2018 743 2045 venit
760 2017 867 2051 Jupiter
891 2017 925 2043 ad
946 2016 1036 2043 Seme-

251 2068 314 2099 lem,
325 2071 436 2101 rogatus
447 2070 488 2092 est
498 2064 532 2091 ab
542 2071 574 2091 ea
588 2069 618 2090 ut
632 2063 793 2090 misceretur
801 2062 826 2089 ei
841 2062 912 2089 sicut
921 2060 1033 2088 Junoni.

250 2113 353 2140 Deinde
366 2119 428 2138 cum
444 2111 489 2138 ille
514 2118 574 2138 sese
585 2110 723 2144 iunxisset
742 2108 767 2135 ei
784 2115 847 2134 cum
865 2107 1034 2138 fulminibus,

250 2168 305 2188 non
321 2159 382 2186 tulit
400 2157 505 2185 Semele
521 2153 875 2188 fulmina,ctobiit.Jupiter
888 2154 970 2188 igitur
981 2153 1036 2180 cito

1088 1557 1167 1589 λέως.
1186 1555 1294 1590 Ταύτης
1312 1554 1436 1590 ἐρασθεὶς
1450 1555 1464 1580 ὁ
1475 1555 1552 1586 Ζεὺς,
1565 1554 1722 1588 συνεγένετο
1737 1555 1816 1589 αὐτῇ,
1833 1555 1886 1581 καὶ

1089 1604 1128 1634 εἰς
1155 1601 1236 1637 ζῆλον
1257 1601 1305 1626 κα).
1329 1599 1425 1634 φθόνον
1447 1599 1573 1634 ἐκίνησεν
1584 1599 1673 1635 ’Ἦραν
1699 1598 1748 1634 τὴν
1764 1601 1884 1633 γυναῖκα

1089 1648 1182 1674 αὑτοῦ.
1199 1646 1414 1681 Ζηλοτυπήσασα
1439 1643 1485 1672 οὖν
1500 1646 1516 1680 ἡ
1531 1645 1606 1681 Ἦρα
1618 1666 1624 1677 ,
1641 1645 1788 1681 ἀπέρχεται
1811 1647 1881 1682 πρὸς

1088 1693 1137 1728 τὴν
1151 1692 1271 1727 Σεμέλην
1285 1692 1333 1717 xui
1349 1691 1421 1725 λέγει
1439 1690 1522 1725 αὐτῇ,
1546 1691 1586 1717 ὅτι
1601 1691 1704 1722 Ὄντως
1721 1692 1812 1727 ἀπατᾷ
1832 1696 1880 1718 σε’

1088 1739 1147 1765 οὐδὲ
1165 1738 1218 1774 γὰρ
1233 1739 1246 1764 ὁ
1264 1737 1329 1768 Ζεύς
1346 1738 1443 1763 ἐστινό
1454 1737 1651 1771 συγγενόμενος
1663 1745 1719 1763 σοι’
1738 1738 1800 1772 ἐμοὶ
1813 1738 1879 1772 γὰρ⁹

1089 1785 1181 1819 φησὶν,
1197 1784 1241 1810 ὅτε
1264 1782 1430 1816 συγγίνεται,
1447 1782 1515 1817 μετὰ
1537 1783 1684 1818 ἀστραπῶν
1699 1784 1745 1809 καὶ
1761 1783 1880 1818 βροντῶν

1090 1830 1253 1864 συγγίνεται.
1273 1829 1334 1855 Ἐὰν
1354 1826 1400 1854 οὖν
1419 1827 1484 1864 ἔλθῃ
1501 1828 1567 1864 πρὸς
1584 1828 1612 1854 σὲ
1626 1830 1640 1855 ὀ
1658 1829 1736 1860 Ζεὺς,
1752 1829 1811 1855 εἰπὲ
1827 1830 1879 1855 αὺ-

1087 1876 1127 1911 τῷ
1145 1884 1151 1891 .
1177 1876 1220 1907 Ὧς
1238 1875 1352 1910 συγγένῃ
1369 1876 1402 1909 τῇ
1420 1874 1506 1910 "Heu,
1521 1873 1592 1900 οὕτω
1617 1874 1729 1901 σύνελθέ
1746 1883 1801 1910 μοι.
1823 1875 1879 1902 Καὶ

1088 1924 1112 1949 εἰ
1130 1922 1179 1957 μὲν
1189 1921 1351 1956 συγγένηταί
1367 1929 1407 1946 σοι
1423 1920 1492 1955 μετὰ
1505 1920 1652 1955 ἀστραπῶν
1667 1921 1714 1946 xui
1726 1921 1878 1956 κεραυνῶν,

1087 1968 1126 2003 τῷ
1142 1968 1197 1994 δντι
1212 1969 1226 1994 ὁ
1239 1967 1305 1999 Ζεύς
1320 1975 1360 1992 σοι
1375 1966 1542 2000 συγγίνεται.
1559 1966 1591 1992 Et
1605 1966 1634 1992 δὲ
1647 1966 1734 1998 ἄλλως
1745 1975 1813 1998 πως,
1828 1967 1881 1993 οὐκ

1088 2015 1161 2041 ἐστιν
1178 2014 1192 2040 ὁ
1207 2013 1284 2044 Ζεύς.
1300 2012 1393 2039 Ταῦτα
1407 2012 1578 2047 ὑποθεμένης
1600 2013 1649 2048 τῆς
1667 2013 1766 2048 ”Ἠρας,
1785 2013 1879 2040 ἐλθόν-

1087 2070 1133 2092 τος
1150 2060 1196 2087 τοῦ
1221 2060 1280 2091 Διὸς
1299 2059 1366 2095 πρὸς
1387 2058 1436 2094 τὴν
1452 2059 1587 2094 Σεμέλην,
1605 2058 1691 2094 ᾐτήθη
1714 2059 1778 2094 παρ’
1792 2060 1878 2095 αὐτῆς

1089 2107 1267 2142 συγγενέσθαι
1286 2106 1355 2141 αὺτῇ
1376 2106 1413 2136 ὡς
1435 2107 1468 2140 τῇ
1487 2105 1571 2141 Ἤρᾳ.
1590 2103 1656 2131 Εἶτα
1681 2106 1877 2141 συγγινομένου

1091 2152 1159 2189 μετὰ
1188 2151 1326 2186 κεραυνῶν
1339 2171 1346 2183 ,
1365 2152 1401 2186 μὴ
1419 2151 1567 2184 ἐνεγκοῦσα
1583 2151 1600 2186 ἡ
1624 2151 1726 2187 Σεμέλη
1753 2152 1814 2183 τοὺς
1832 2160 1878 2178 κε-

250 2207 335 2234 fetum
353 2205 399 2240 qui
414 2208 473 2231 erat
485 2204 512 2229 in
530 2202 634 2230 Semele
651 2201 733 2235 cepit,
746 2200 836 2234 posuit
850 2200 877 2226 in
900 2207 980 2226 suum
996 2198 1036 2226 fe-

1090 2199 1213 2236 ραυνοὺς,
1232 2198 1378 2225 ἀπέθανεν.
1402 2198 1430 2224 '0
1446 2196 1492 2224 οὖν
1509 2198 1576 2228 Ζεὺς
1591 2198 1687 2224 θᾶττον
1705 2199 1736 2224 τὸ
1759 2198 1882 2234 ἒμσρυον

250 2258 311 2278 ιιιιιι·
329 2254 357 2277 et
385 2249 450 2281 suit,
471 2249 557 2275 donec
574 2247 778 2281 complerentur
796 2252 892 2272 norem
915 2252 1033 2271 menses.

249 2297 316 2323 Erat
327 2302 391 2322 vero
403 2294 449 2320 ille
468 2292 593 2319 Bacchus
609 2302 614 2318 :
628 2290 817 2325 imperfectum
839 2293 928 2315 autem
951 2287 1036 2315 fetum

249 2342 326 2373 dicit,
345 2341 407 2376 quia
424 2340 512 2366 femur
525 2345 587 2365 eum
602 2335 790 2372 genuitJovis.
807 2335 889 2362 Deum
907 2335 1037 2369 androgy-

249 2393 313 2414 nm
336 2391 415 2413 vocat
431 2385 577 2415 Bacchum,
596 2387 625 2410 ut
639 2382 802 2417 quandoque
824 2381 930 2408 fetninze
945 2386 1036 2416 partes

250 2420 384 2468 agentem,
394 2431 420 2458 id
431 2435 473 2458 est
484 2431 576 2456 eadem
587 2436 667 2463 quatit
685 2428 814 2454 mulieres
824 2427 981 2461 patientem,
991 2427 1037 2453 ali-

248 2476 359 2513 quando
373 2483 438 2504 vero
453 2475 504 2502 viri
526 2479 618 2509 partes
632 2477 766 2508 agentem,
790 2472 817 2498 id
843 2476 884 2498 est
911 2479 943 2498 ea
963 2472 1035 2498 viro-

248 2529 309 2549 rum
341 2521 496 2548 facientem.
522 2519 642 2546 Cltorum
670 2523 760 2545 autem
801 2517 939 2544 ebriosum
970 2517 1036 2543 dicit

250 2568 363 2604 Satyros
380 2571 407 2595 et
425 2566 544 2593 Bacchos
561 2569 587 2592 et
605 2563 729 2597 Silenos;
746 2564 884 2590 dannones
898 2566 962 2590 sunt
990 2563 1036 2590 isti

248 2614 363 2640 comites
373 2617 399 2640 et
409 2613 477 2639 socii
489 2611 597 2638 Bacchi.
607 2610 661 2637 Eos
676 2613 702 2637 et
719 2609 868 2636 exercitum
879 2613 1036 2643 protervum

248 2660 402 2687 dazmonum
412 2659 485 2686 dicit.
494 2657 654 2684 Protervum
665 2664 727 2683 eum
737 2659 816 2683 vocat
825 2659 936 2690 propter
945 2655 1036 2682 ebrie-

247 2708 340 2731 tatem.
350 2704 417 2730 Cum
426 2703 498 2729 enim
508 2702 562 2728 vini
573 2709 672 2737 praeses
688 2702 723 2728 sit
734 2700 868 2731 Bacchus,
885 2700 1037 2727 verisimili-

248 2755 289 2777 ter
304 2757 366 2776 cum
380 2757 413 2775 eo
427 2750 564 2776 daemones
576 2746 834 2775 ebriosintroducit.
852 2746 920 2773 Illud
935 2751 1034 2777 autem,

247 2792 438 2820 Thebanorum
448 2792 583 2819 dementia
591 2800 652 2819 cum
660 2793 808 2824 honoratis,
816 2791 880 2826 quia
889 2790 1036 2818 Thebanus

248 2844 307 2867 erat
317 2847 412 2872 genere
425 2839 558 2871 Bacchus,
567 2843 595 2866 ut
603 2847 635 2866 ex
645 2838 750 2866 Semele
759 2841 850 2866 natus.
858 2837 963 2873 Quippe
970 2837 1038 2866 dixi-

1086 2246 1100 2271 ὂ
1111 2244 1144 2281 ἦν
1159 2247 1187 2271 ἐν
1201 2246 1232 2280 τῇ
1253 2244 1357 2280 Σεμέλῃ
1372 2243 1462 2270 λαϐὼν
1474 2264 1481 2275 ,
1500 2243 1594 2269 ἔϐαλεν
1611 2245 1649 2275 εις
1664 2244 1709 2270 τὸν
1727 2244 1814 2279 μηρὸν
1829 2245 1878 2271 καὶ

1087 2288 1283 2327 ἓρῤαψεν,’”ἑ(ι›;
1303 2288 1334 2317 οὗ
1349 2290 1461 2326 γένηται
1483 2289 1536 2316 τῶν
1558 2290 1635 2316 ἐννέα
1659 2290 1760 2324 μηνῶν.
1779 2289 1832 2317 τΗν
1848 2291 1880 2318 δὲ

1086 2334 1162 2369 οὗτος
1177 2338 1190 2364 ὁ
1205 2338 1340 2368 Διόνυσος.
1363 2336 1468 2367 ’Δτελὲς
1486 2336 1514 2362 δὲ
1532 2335 1625 2370 κύημα
1640 2335 1729 2370 λέγειςἶ
1741 2336 1781 2363 ὅτι
1799 2338 1813 2363 ὁ
1825 2345 1880 2372 μη-

1088 2384 1133 2419 ρὸς
1153 2383 1233 2409 αὑτὸν
1251 2382 1350 2417 ἐκύησε
1372 2382 1420 2408 τοῦ
1441 2382 1515 2413 Διὸς.
1526 2381 1594 2408 Θεὸν
1617 2382 1779 2417 ἀνδρόγυνον
1799 2382 1880 2409 καλεῖ

1085 2428 1131 2454 τὸν
1150 2427 1286 2458 Διόνυσον,
1303 2427 1341 2458 ὡς
1357 2427 1422 2453 ποτὲ
1440 2427 1488 2462 μὲν
1505 2426 1740 2462 γυναικιζόμενον,
1753 2428 1878 2454 τούτέστι

1086 2473 1120 2499 τὰ
1134 2474 1188 2499 τῶν
1209 2473 1347 2507 γυναικῶν
1368 2473 1506 2507 πάσχοντα
1519 2481 1524 2487 ·
1539 2473 1602 2499 ποτὲ
1617 2473 1647 2499 δὲ
1666 2473 1858 2508 ἀνδριζόμενον
1868 2494 1877 2506 ,

1086 2519 1207 2546 τουτέστι
1228 2519 1262 2545 τὰ
1286 2518 1340 2545 τῶν
1359 2518 1463 2553 ἀνδρῶν
1486 2518 1658 2554 ἐνεργοῦντα.
1677 2518 1763 2554 Χορὸν
1777 2518 1806 2545 δὲ
1829 2528 1879 2555 με-

1087 2564 1204 2592 θυόντων
1224 2564 1303 2598 λέγει.
1319 2565 1383 2596 τοὺς
1399 2564 1537 2599 Σατύρους
1554 2565 1599 2590 xui
1620 2565 1683 2595 τοὺς
1694 2563 1815 2599 Βάκχους
1829 2566 1879 2591 καὶ

1086 2611 1149 2642 τοὺς
1163 2610 1320 2645 Σειληνοὺς-
1338 2609 1464 2645 δαίμονες
1479 2609 1509 2636 δὲ
1521 2606 1593 2636 οὗτοι
1607 2610 1701 2636 ὀπαδοὶ
1717 2611 1762 2636 xui
1777 2611 1879 2646 ὁμοκέ-

1087 2655 1175 2682 λευθοι
1197 2655 1243 2682 τοῦ
1264 2654 1402 2681 Διονύσου.
1421 2654 1523 2686 Αὐτοὺς
1544 2654 1573 2680 δὲ
1595 2654 1706 2685 τούτους
1722 2655 1814 2689 λέγει,
1828 2656 1879 2682 καὶ

1088 2701 1202 2736 στρατὸν
1229 2700 1339 2726 ἔκλυτον
1360 2696 1423 2730 τοὺς
1444 2700 1585 2734 δαίμονας.
1602 2699 1734 2726 Ἐκλυτον
1749 2701 1777 2726 δὲ
1794 2700 1878 2728 αὑτὸν

1087 2747 1173 2778 καλεῖ,
1189 2746 1230 2772 διὰ
1249 2746 1299 2780 τὴν
1318 2745 1414 2780 μέθην.
1435 2745 1543 2780 Ἐπειδὴ
1559 2745 1615 2780 γὰρ
1628 2745 1677 2772 τοῦ
1693 2746 1766 2773 οἴνου
1779 2745 1877 2781 ἔφορος

1086 2793 1101 2818 ὁ
1114 2793 1248 2824 Διόνυσος,
1261 2791 1373 2822 εικότως
1389 2791 1452 2823 τοὺς
1479 2791 1527 2818 σὺν
1545 2791 1620 2826 αὐτῷ
1645 2792 1777 2826 δαίμονας
1792 2791 1877 2827 μεθυ-

1088 2839 1154 2871 στὰς
1173 2838 1278 2872 εἰσάγει
1294 2837 1385 2870 δντας.
1408 2837 1446 2864 Τὸ
1467 2836 1515 2871 δὲ,
1532 2837 1659 2873 Θηϐαίων
1681 2837 1758 2866 ἄνοια
1781 2836 1880 2864 τοῦτον
