2046 3131
276 186 357 216 ΊῢΉ

526 240 553 267 9.
576 238 612 265 De
630 238 712 272 plenis
727 236 848 264 "illam.

327 297 365 324 De
385 296 484 323 lllithra
500 295 547 323 alii
561 295 639 322 aliter
654 297 817 322 senserunt:
831 293 942 328 quidam
951 293 1023 319 enim
1033 299 1080 320 so-

293 343 357 374 lem,
373 341 421 368 alii
440 340 583 376 prmsidcm
610 339 692 375 ignis,
709 339 809 373 aliique
825 338 970 373 specialem
987 345 1082 371 quam-

293 390 356 417 dam
365 387 513 423 potentiam
530 386 732 415 intellexerunt.
745 384 874 417 Quaedam
890 383 1018 419 mysteria
1034 382 1081 410 hn-

293 435 349 468 bet,
359 434 429 469 apud
437 433 578 460 Chaldaeos
585 431 728 467 imprimis.
737 430 863 458 lnitiandi
872 429 976 456 Mithrae
985 433 1082 463 myste-

293 481 343 508 riis
353 479 502 508 secundum
511 477 657 513 quamdam
668 483 823 504 mensuram
833 482 974 510 pmnarum
983 475 1082 509 proba-

295 526 407 557 bantur,
422 525 539 560 primum
562 522 720 553 levioribus,
729 521 826 549 deinde
835 521 983 556 majoribus
993 519 1082 556 pcenis

293 571 406 603 addicti,
419 574 459 603 ut,
468 569 584 604 exempli
601 567 806 602 causa,jejunio
818 566 1014 602 quinquaginta
1022 565 1081 593 die-

294 625 368 650 rum;
386 617 457 652 quod
483 616 507 644 si
526 617 660 650 patienter
685 614 795 642 tulisset
819 614 959 645 initiatus,
986 617 1081 648 postea

293 670 341 697 per
351 662 462 689 biduum
473 661 662 696 scalpebatur;
674 668 736 687 eum
745 659 842 687 deinde
850 666 931 694 supra
943 658 1033 685 nivem
1042 658 1081 685 vi-

261 724 263 726 -
293 708 361 743 ginti
377 708 474 735 diebus
495 714 606 734 manere
621 705 764 740 jubebant,
778 705 819 733 sic
835 704 965 740 paulatim
981 705 1014 731 ad
1027 711 1082 731 ma-

292 754 394 780 ximum
410 760 497 788 usque
509 759 603 787 pcenas
615 757 754 786 augentes.
765 750 791 778 Si
803 750 909 785 patiens
920 750 982 777 l'orti
990 750 1082 777 animo

292 807 354 827 esse
369 798 522 830 videbatur,
543 803 607 825 tunc
619 805 680 825 eum
693 797 834 825 recondita
847 796 977 833 mysteria
993 795 1077 824 doce-

293 845 369 872 bant.

592 943 635 970 £0.
652 943 690 970 De
707 943 794 971 Iu'de.

327 1001 378 1029 lsis
403 1001 497 1027 eadem
525 1000 618 1027 habita
634 1005 676 1028 est
697 1008 759 1028 cum
787 1001 825 1032 lo,
843 1009 904 1036 quae
923 1005 1001 1037 rapta
1029 1000 1080 1029 fuit

292 1054 308 1074 a
329 1046 406 1074 Jove.
420 1045 527 1081 Jupiter
546 1046 629 1078 enim,
644 1046 692 1078 ait,
725 1046 817 1081 rapuit
842 1046 879 1080 lo,
903 1052 930 1074 et
955 1051 1079 1076 metuens

292 1092 427 1120 Junonem
451 1099 563 1119 uxorem
581 1099 658 1120 suam
684 1092 801 1120 mutavit
825 1091 853 1119 lo
873 1093 900 1120 in
915 1100 1036 1126 vaccam,
1052 1098 1080 1121 et

292 1146 366 1166 nunc
378 1138 405 1164 in
420 1138 526 1169 albam,
545 1137 653 1164 nuncin
666 1137 783 1171 nigram,
801 1145 873 1164 nunc
892 1138 919 1164 in
931 1138 1078 1171 cineream,

291 1187 318 1210 et
333 1183 369 1210 ita
383 1182 492 1210 errabat
505 1189 568 1208 cum
585 1189 628 1208 ea.
646 1180 728 1208 Venit
744 1181 826 1216 igitur
844 1186 870 1209 et
883 1182 911 1208 in
931 1181 1079 1217 {Egyptum

291 1236 389 1256 errans
405 1236 467 1255 cum
487 1235 531 1260 ea,
551 1232 579 1255 et
597 1232 707 1263 propter
722 1228 774 1254 hoc
791 1228 928 1255 honorant
958 1227 1079 1264 Egyptii

293 1275 332 1308 lo,
351 1275 378 1302 id
393 1279 436 1303 est
459 1274 534 1302 lsim.
556 1274 620 1301 ldco
636 1274 664 1301 in
681 1274 780 1301 statuis
794 1273 854 1309 ejus
880 1273 961 1310 capiti
975 1281 1078 1301 cornua

291 1323 382 1347 Vaccae
398 1319 550 1354 imponunt,
574 1318 759 1354 signiﬁcantes
781 1318 894 1353 virginis
921 1319 950 1346 in
967 1326 1077 1346 vaccam

292 1366 482 1393 mutationem.

495 1506 539 1533 Η.
560 1505 598 1532 De
613 1504 756 1532 Mendesiis
774 1505 866 1532 hircis.

328 1563 517 1599 Egyptiorum
529 1563 620 1598 lingua
635 1563 728 1591 hircus
744 1568 856 1592 vocatur
870 1564 1079 1601 μένὸηςλῖοηυ-

293 1609 390 1637 rabant
405 1609 515 1644 quidam
529 1609 718 1645 {Egyptiorum
735 1610 841 1638 hircum
859 1611 979 1652 dicatum
1003 1611 1079 1647 geni-

293 1655 342 1682 tali
358 1656 495 1690 potentize.
517 1655 622 1683 Dicitur
642 1656 715 1683 enim
747 1657 879 1684 lascivum
903 1657 1003 1684 animal
1018 1666 1079 1686 esse

293 1702 397 1730 hircus.
418 1701 515 1730 Hircos
536 1701 620 1736 igitur
634 1702 730 1730 incolae
743 1709 828 1737 prope
842 1702 1008 1730 Mendesium
1019 1711 1079 1730 eor-

293 1755 330 1774 nu
343 1753 397 1774 non
409 1746 627 1780 manducabant,
642 1753 697 1781 prae
712 1747 863 1774 reverentia
883 1747 1008 1782 genitalis
1019 1746 1077 1774 Dei.

293 1792 471 1820 Honorabaut
486 1796 513 1819 et
531 1799 696 1827 magnopere
712 1797 835 1828 pastores
850 1793 989 1821 hircorum
1001 1803 1008 1827 ;
1020 1797 1079 1821 erat

293 1840 320 1866 et
333 1839 462 1874 templum
486 1838 618 1866 Mendetis
640 1838 711 1874 apud
734 1838 887 1874 Egyptios,
909 1840 936 1866 in
952 1847 1006 1875 quo
1023 1844 1079 1867 sta-

293 1888 338 1912 tua
356 1885 439 1920 pedes
465 1884 588 1912 hircinos
601 1889 627 1912 et
652 1888 773 1912 erectum
791 1885 947 1920 pudendum
965 1885 1077 1913 habens.

584 1983 628 2010 12.
650 1982 690 2010 De
712 1982 787 2011 Nilo.

328 2039 408 2067 Nilus
428 2039 529 2067 ﬂuvius
562 2044 604 2068 est
630 2039 760 2076 Egypti,
787 2041 854 2076 qui.
886 2049 969 2076 super
1003 2043 1079 2078 ripas

294 2094 355 2115 sese
374 2086 518 2115 eﬂ’undens
532 2088 625 2115 causis
643 2096 712 2123 quas
728 2088 795 2115 dicit
818 2088 983 2117 omnisciens
994 2088 1080 2117 llero-

294 2132 386 2165 dotus,
397 2131 547 2159 honoratur
563 2133 598 2161 ab
607 2133 657 2161 eis.
671 2133 700 2160 In
715 2133 874 2161 ascensione
897 2134 969 2161 enim
996 2143 1080 2162 vene-

292 2182 389 2205 rantur
409 2185 471 2206 eum
487 2182 516 2205 ut
535 2178 631 2212 Deum,
657 2183 684 2207 et
706 2179 843 2207 celebrant
862 2184 892 2206 ut
908 2180 1080 2209 abundantia:

292 2223 436 2254 nuntium,
467 2227 594 2258 putantes
621 2231 718 2259 aquam
750 2224 985 2260 Sltperefﬂuenlem
1017 2234 1078 2255 esse

292 2268 383 2296 deum.
740 2280 743 2283 ι

293 2325 337 2352 13.
347 2324 386 2352 De
413 2324 574 2352 animalibus
594 2327 794 2362 eLserpenlibus
805 2336 871 2362 quos
885 2328 1077 2356 venerabantur

609 2360 724 2396 Egyptii.

326 2415 448 2452 Egyptii
466 2416 667 2444 venerabantur
696 2418 795 2451 ibides,
823 2420 989 2451 crocodilos.
1022 2428 1080 2448 ser-

292 2464 397 2496 pentes.
422 2461 488 2489 feles
503 2465 531 2489 et
555 2462 679 2497 quasdam
699 2464 816 2498 piscium
831 2473 942 2500 genera,
968 2466 1078 2494 irratio-

292 2506 348 2534 nali
381 2506 457 2534 cultu
477 2507 530 2534 sibi
545 2506 662 2536 dedecus
680 2509 840 2538 tribuentes.
857 2510 894 2539 De
907 2511 948 2540 eis
963 2519 1076 2539 accura-

293 2556 320 2579 te
339 2552 405 2579 dicit
430 2551 593 2585 Herodotus,
614 2554 660 2589 qui
681 2555 762 2582 etiam
783 2556 816 2584 de
830 2557 904 2584 omni
920 2565 1015 2585 eorum
1034 2566 1078 2586 re-

293 2598 393 2633 ligione
403 2602 430 2626 et
445 2598 556 2634 regibus
568 2598 710 2636 diligenter
723 2605 749 2629 et
765 2603 876 2638 copiose
889 2603 1005 2639 scripsit.

361 2728 399 2764 t1)
421 2729 491 2760 Cod.
509 2733 598 2763 Ἴσιδι.

647 179 789 209 NONNUS
808 178 917 207 ABBAS
935 178 969 206 IN
987 177 1190 206 ORATIONEH
1209 176 1242 205 ΙΝ
1263 176 1400 205 SANCTA
1419 176 1562 206 LUMINA.

1849 178 1920 207 1073

1095 238 1118 266 Α
1241 234 1273 261 θ’.
1297 235 1366 269 Περὶ
1380 233 1439 262 τῶν
1451 235 1606 262 κολάσεων
1620 235 1672 263 τοῦ
1685 234 1809 270 Μίθρου.

1168 289 1221 317 Τὸν
1233 290 1341 326 Μίθραν
1353 289 1429 317 ἄλλοι
1441 290 1527 322 ἄλλως
1538 291 1682 325 ἐνόμισαν·
1699 292 1723 318 οἱ
1740 291 1788 327 μὲν
1803 291 1859 328 γὰρ
1874 291 1922 320 τὸν

1131 336 1218 371 ἥλιον,
1233 337 1257 362 οἱ
1274 336 1302 362 δὲ
1320 336 1365 364 τὸν
1383 336 1478 372 ἔφορον
1500 336 1547 364 τοῦ
1565 337 1666 372 πυρὸς,
1681 337 1755 363 ἄλλοι
1771 338 1800 364 δὲ
1816 337 1921 374 εἰδικήν

1132 389 1193 408 τινα
1205 380 1331 415 δύναμιν,
1351 381 1472 409 Γίνονται
1488 381 1517 408 δὲ
1531 382 1617 417 τούτῳ
1630 381 1668 417 τῷ
1686 382 1779 418 Μίθρῃ
1790 383 1862 414 τινὲς
1875 391 1922 408 τε-

1131 426 1217 459 λεταὶ,
1233 426 1280 452 καὶ
1297 427 1372 462 παρὰ
1394 427 1447 454 τῶν
1468 427 1609 455 Χαλδαίων
1631 428 1755 462 μάλιστα.
1775 430 1806 455 Οἱ
1830 429 1858 455 δὲ
1880 437 1922 455 τε-

1130 472 1255 508 λούμενοι
1280 473 1318 509 τῴ
1344 474 1453 511 Μίθρῃ,
1479 474 1550 501 κατὰ
1575 474 1677 510 βαθμὸν
1700 483 1760 500 τινα
1781 473 1922 500 italo-Sno

1131 519 1286 546 κολάσεων·
1310 520 1443 555 πρότερον
1465 520 1493 546 δὲ
1518 520 1567 551 τὰς
1585 520 1771 555 ὲλαιρροτάτας
1793 519 1922 551 κολάσεις

1131 563 1356 603 παρελάμϐαςδον,
1377 565 1423 591 καὶ
1445 563 1495 591 εἷθ’
1509 565 1596 597 οὕτως
1612 565 1660 597 τὰς
1680 565 1901 602 δραστικωτέρας
1912 574 1919 582 ·

1131 606 1198 642 οἷον,
1218 609 1349 645 πρότερον
1371 610 1518 645 ὲλίμωττον
1542 611 1640 643 αὐτοὺς
1655 604 1718 642 τόὺς
1740 610 1921 646 τελουμένους

1131 656 1177 682 ἐπὶ
1192 656 1360 691 πεντήκοντα
1372 656 1489 691 ἡμέρας,
1505 658 1529 683 εὶ
1540 657 1626 692 τύχοι·
1641 655 1698 683 εἶτα
1710 658 1734 683 εξ
1748 657 1838 692 ἤγαγε
1851 666 1920 693 καρ-

1131 701 1258 737 τερικῶς,
1277 700 1390 728 ἐποίουν
1401 701 1481 728 αὑτὸν
1499 702 1579 729 πάλιν
1595 701 1722 737 ξεσθῆναι
1733 702 1778 728 ἐπὶ
1788 701 1836 728 δύο
1851 703 1921 737 ἡμέ-

1133 754 1199 783 ρας·
1216 745 1274 774 εἶτα
1294 747 1429 783 πάλιντείς
1451 748 1527 783 χιόνα
1547 748 1658 783 ποιῆσαι
1675 748 1776 774 εἴκοσιν
1796 748 1919 784 ἡμέρας·

1132 793 1179 820 καὶ
1201 793 1286 825 οὕτως
1301 793 1393 826 ἁπλῶς
1413 794 1462 826 τὰς
1485 794 1611 825 κολάσεις
1627 794 1673 820 ἐπὶ
1687 794 1717 820 τὸ
1739 794 1833 829 μεῖζον
1851 794 1921 821 κατὰ

1133 838 1231 874 μικρὸν
1246 830 1376 870 αὒξοντες
1387 847 1394 854 ·
1420 840 1445 865 εί
1463 840 1478 866 ὁ
1498 839 1658 874 τελούμενος
1683 839 1825 874 καρτερῶν
1841 840 1922 874 ἐφαί-

1132 892 1202 917 νετο,
1222 883 1282 910 τότε
1298 884 1392 911 λοιπὸν
1406 885 1488 912 αὑτὸν
1500 885 1608 912 ἐτέλουν
1622 885 1657 911 τὰ
1674 885 1838 912 τελεώτατα.

1353 944 1380 968 ι’.
1402 941 1473 976 Περὶ
1491 941 1546 976 τῆς
1571 941 1695 975 Ἴσιδος.

1173 997 1207 1024 Ἦ
1220 994 1290 1029 Ἶσις
1301 997 1370 1033 αὕτη
1386 998 1516 1034 ἐνομίσθη
1533 999 1565 1034 τῇ
1586 998 1628 1034 Ἰᾦ
1642 998 1679 1033 (1)
1700 999 1732 1034 τῇ
1750 998 1923 1034 ἁρπασθείση

1130 1042 1183 1069 ὑπὸ
1194 1043 1241 1070 τοῦ
1258 1043 1334 1075 Διός’
1347 1044 1361 1070 ὁ
1381 1043 1437 1079 γὰρ
1460 1043 1544 1077 Ζεὺς,
1561 1044 1655 1079 φησὶν,
1673 1044 1781 1079 ἥρπασε
1800 1043 1848 1080 τὴν
1867 1044 1920 1077 Ἰὼ,

1130 1089 1178 1116 καὶ
1191 1089 1272 1124 φοὸού
1277 1098 1357 1125 μενος
1366 1090 1416 1125 τὴν
1429 1090 1519 1125 ’Ἥραν
1533 1090 1582 1125 τὴν
1590 1090 1687 1117 ἑαυτοῦ
1699 1091 1828 1124 γυναῖκα,
1843 1090 1920 1126 μετέ-

1130 1135 1194 1162 σαλε
1208 1135 1257 1170 τὴν
1278 1135 1320 1162 Ἰὼ
1336 1136 1376 1167 εἰς
1388 1135 1461 1171 βοῦν,
1473 1135 1521 1162 καὶ
1534 1135 1599 1162 ποτὲ
1613 1135 1663 1171 μὲν
1678 1136 1718 1168 εἰς
1729 1135 1840 1171 λευκὴν,
1855 1136 1920 1163 ποτὲ

1130 1180 1158 1207 δὲ
1177 1181 1217 1212 εἰς
1235 1181 1374 1216 μέλαιναν,
1404 1181 1469 1208 ποτὲ
1491 1181 1519 1208 δὲ
1542 1182 1582 1213 είς
1606 1181 1744 1214 ἰάζουσαν,
1770 1182 1817 1208 καὶ
1833 1182 1921 1214 οὕτως

1129 1226 1263 1252 ἐπλανᾶτο
1280 1227 1338 1261 μετ’
1360 1226 1456 1261 αὐτῆς.
1483 1224 1588 1253 Ἦλθεν
1612 1225 1658 1254 οὖν
1675 1227 1722 1254 καὶ
1740 1228 1768 1254 ὲν
1792 1227 1921 1263 Αἰγύπτῳ

1130 1270 1304 1306 πλανώμενος
1319 1271 1378 1306 μετ’
1398 1271 1485 1306 αὐτῆς
1497 1279 1503 1287 ⁸
1529 1272 1577 1299 καὶ
1591 1272 1635 1299 διὰ
1653 1272 1733 1299 τοῦτο
1754 1272 1870 1308 τιμῶσιν
1894 1273 1920 1300 οξ

1129 1315 1272 1350 Αἰγύπτιοι
1283 1316 1332 1352 τὴν
1343 1316 1398 1349 Ἰὼ,
1413 1317 1472 1352 ἦτοι
1488 1317 1537 1353 τὴν
1556 1317 1652 1344 Ἶσιδα·
1665 1318 1705 1344 διὸ
1718 1319 1766 1345 ἐπὶ
1776 1318 1823 1345 τοῦ
1835 1319 1917 1353 ἀγάλ-

1131 1370 1216 1397 ματος
1229 1361 1317 1397 αὐτῆς
1334 1362 1382 1388 ἐπὶ
1403 1363 1453 1397 τῆς
1471 1363 1593 1398 κεφαλῆς
1614 1363 1717 1399 κέρατα
1738 1364 1797 1399 βοὸς
1819 1365 1917 1399 ἐγγλύ-

1131 1417 1236 1447 φουσιν,
1260 1408 1438 1444 σημαίνοντες
1456 1409 1507 1444 τῆς
1524 1410 1610 1445 κόρης
1625 1410 1674 1446 τὴν
1690 1411 1730 1443 εἰς
1751 1410 1816 1446 βοῦν
1835 1419 1923 1446 μετα-

1130 1453 1223 1490 ϐολήν.

1255 1510 1301 1537 ια’.
1320 1510 1390 1544 Περὶ
1401 1509 1463 1537 τῶν
1479 1509 1657 1545 Μενδησίων
1675 1511 1797 1546 τράγων.

1164 1566 1326 1599 Αἰγυπτιστὶ
1341 1567 1355 1592 ὁ
1374 1566 1476 1602 τράγος
1496 1566 1617 1593 καλεῖται
1641 1567 1750 1603 μὲνδης.
1777 1567 1925 1594 Ἐσὲὅοντο

1129 1611 1159 1637 δὲ
1178 1611 1242 1638 ἔνιοι
1259 1611 1313 1638 τῶν
1332 1612 1490 1646 Αἰγυπτίων
1509 1612 1554 1639 τὸν
1570 1613 1669 1648 τράγον
1690 1613 1868 1648 ἀνακείμενον
1888 1616 1927 1651 τῇ

1130 1657 1234 1692 γονίμῳ
1254 1657 1385 1693 δυνάμειο
1402 1657 1510 1692 λέγεται
1526 1658 1580 1694 γὰρ
1601 1659 1739 1693 ὀχευτικὸν
1759 1659 1827 1691 ζῶον
1848 1657 1926 1686 εἶναι

1129 1703 1144 1727 ὀ
1162 1703 1273 1738 τράγος.
1290 1702 1360 1734 Τοὺς
1382 1701 1429 1729 οὖν
1452 1703 1570 1738 τράγους
1593 1704 1617 1730 oi
1641 1704 1779 1736 οἰκοῦντες
1799 1706 1870 1731 κατὰ
1893 1705 1929 1732 τὺ

1131 1748 1274 1783 μενδήσιον
1285 1747 1369 1784 κέρας
1385 1748 1435 1775 οὐκ
1445 1748 1549 1784 ἢσθιον,
1568 1749 1637 1783 αίδρῖ
1650 1749 1697 1776 τοῦ
1712 1750 1825 1785 γονίμου
1840 1750 1925 1777 Θεοῦ-

1130 1793 1232 1829 ὲτίμων
1246 1793 1274 1820 δὲ
1293 1794 1418 1829 μεγάλως
1437 1795 1484 1821 καὶ
1499 1795 1562 1826 τοὺς
1582 1794 1711 1827 αἰπόλους
1729 1795 1783 1822 τῶν
1800 1796 1926 1832 τράγων.

1129 1837 1184 1866 *Ην
1199 1839 1226 1865 δὲ
1238 1839 1285 1866 καὶ
1299 1839 1370 1875 ἱερὸν
1380 1839 1429 1866 τοῦ
1446 1840 1583 1875 Μένδητος
1596 1841 1662 1876 παρ’
1676 1841 1844 1875 Αἰγυπτίοις,
1857 1843 1887 1868 ἐν
1902 1841 1930 1877 ᾧ

1135 1885 1200 1920 ἱερῷ
1219 1885 1250 1911 τὸ
1274 1885 1386 1920 ἄγαλμα
1406 1886 1586 1921 τραγοσκελὲς
1604 1884 1648 1922 ἧν,
1665 1886 1755 1922 ὄρθιον
1773 1887 1804 1914 τὸ
1822 1888 1929 1916 αἰδοῖον

1130 1929 1201 1964 ἔχον.

1355 1986 1399 2021 ιβ’.
1416 1988 1486 2022 Περὶ
1501 1988 1554 2015 τοῦ
1573 1988 1694 2016 Νείλου.

1164 2041 1291 2076 Timauo;
1308 2042 1380 2068 ἐστιν
1400 2043 1414 2069 ὁ
1430 2043 1525 2076 Nam);
1544 2045 1574 2071 ἐν
1589 2046 1623 2080 τῇ
1637 2043 1778 2080 Αἰγύπτῳ,
1793 2044 1824 2076 ὃς
1837 2045 1928 2082 ὑπερ-

1129 2087 1310 2122 εκχυνόμενος
1338 2088 1382 2114 διὰ
1394 2088 1443 2121 τὰς
1454 2090 1554 2122 αἰτίας,
1567 2091 1600 2122 ἇς
1611 2099 1694 2126 φησιν
1709 2092 1724 2117 ὁ
1741 2091 1928 2126 πανσοφώτα-

1129 2178 1207 2205 ϐάσει
1230 2177 1345 2213 τιμῶσιν
1368 2179 1449 2206 αὐτὸν
1468 2180 1506 2212 ὡς
1530 2180 1601 2214 θεὸν,
1622 2182 1668 2208 καὶ
1690 2181 1860 2217 εὐφημοῦσιν
1884 2184 1928 2216 ὡς

1129 2223 1259 2260 εὐφορίας
1277 2223 1372 2257 αἴτιον,
1387 2225 1549 2261 ,νομίζοντες
1561 2227 1590 2254 τὸ
1610 2227 1680 2263 ὕδωρ
1693 2227 1724 2253 τὸ
1738 2228 1930 2264 αὐξανόμενον

1094 2261 1116 2288 ι)
1128 2267 1197 2296 εἶναι
1214 2268 1283 2295 Θέον.

1130 2328 1173 2362 ιγ’.
1199 2325 1267 2360 Περὶ
1292 2325 1351 2354 τῶν
1377 2328 1538 2355 κνωδάλων
1561 2328 1612 2356 καὶ
1640 2328 1700 2355 τῶν
1718 2328 1850 2363 ἑρπετῶν
1876 2327 1929 2358 ὧν

1339 2363 1479 2391 ἐσέϐοντο
1493 2366 1522 2390 οι
1532 2365 1696 2398 Αἰγύπτιοι.

1164 2421 1197 2448 οι
1209 2421 1352 2456 Αἰγύπτιοι
1363 2420 1487 2447 ἐσέϐοντο
1495 2420 1544 2452 τὰς
1555 2420 1634 2453 ἴϐεις,
1645 2421 1708 2452 τοὺς
1719 2419 1923 2455 κροκοδείλους,

1129 2466 1192 2498 τοὺς
1202 2467 1288 2502 ὄφεις,
1302 2467 1351 2499 τὰς
1364 2467 1516 2502 αἰλούρους,
1530 2467 1578 2494 καί
1588 2475 1648 2494 τινα
1658 2467 1711 2493 τῶν
1727 2466 1826 2502 ἰχθύων
1840 2467 1922 2503 γένη,

1131 2513 1160 2546 ἐξ
1177 2512 1274 2548 ἀλόγου
1289 2514 1372 2549 τιμῆς
1391 2515 1496 2545 ἑαυτοῖς
1515 2514 1625 2549 ἀτιμίαν
1646 2513 1828 2549 ποριζόμενοι.
1852 2514 1924 2550 Περὶ

1130 2558 1157 2585 δὲ
1171 2559 1274 2586 τούτων
1299 2560 1492 2595 ἀκριϐέστερόν
1516 2569 1598 2595 φησιν
1621 2561 1634 2586 ὁ
1661 2560 1813 2595 Ἡρόδοτος,
1833 2561 1848 2586 ὀ
1872 2562 1922 2587 καὶ

1131 2606 1194 2641 περὶ
1207 2606 1296 2642 πάσης
1314 2606 1404 2633 αὐτῶν
1416 2606 1465 2640 τῆς
1482 2606 1630 2641 θρησκείας
1647 2606 1695 2631 καὶ
1711 2605 1765 2631 τῶν
1784 2605 1922 2640 βασιλέων

1130 2650 1251 2686 ἀκριϐῶς
1266 2651 1313 2678 καὶ
1326 2650 1369 2678 διὰ
1386 2651 1487 2683 πλάτος
1501 2650 1737 2687 συγγρτςάιιενος.
