2046 3131
155 212 224 242 10⁷7

671 215 838 244 EPISTOLA
856 217 905 244 AD
920 216 1191 248 CONSTANTINUM
1213 218 1280 246 IMP.

1710 220 1779 250 1078

154 273 270 307 πίθηκος
293 273 340 300 καὶ
362 273 458 308 Αἰθίοψ
479 274 605 309 μέγιστον
622 275 724 302 τίθεται
743 276 874 312 ἑκάτερος
896 277 934 303 κα

994 285 1103 313 quoque
1123 277 1336 305 honoratissimo
1352 278 1414 306 talis
1432 277 1578 310 videretur,
1594 286 1647 306 non
1660 278 1695 306 ob
1709 279 1781 307 aliud

153 318 238 344 οἴεται
267 317 410 345 κάλλιστον
437 318 491 345 τῶν
520 319 627 347 οἰκείων
653 319 756 347 ὠδίνων
781 321 830 355 τὴν
855 322 942 358 ἀμορ-

153 360 218 396 φίαν
234 361 282 396 (8).
301 362 333 388 Et
348 362 376 390 δὲ
392 362 438 388 καί
452 371 493 390 σοι
507 363 546 398 τῷ
561 364 687 400 παντίμῳ
701 365 807 401 κριθείη
824 367 943 399 τοιοῦτος

153 406 260 442 [Βαηά.
275 407 379 435 τοιοῦτο
387 407 408 444 Ῐ.
424 409 454 435 οὺ
470 410 530 436 κατ’
545 409 609 436 ἄλλο
624 419 649 436 τι
659 431 666 443 ,
682 410 739 437 ἀλλ’
762 411 777 446 ἢ
803 412 862 438 κατ’
876 413 942 439 αὐτὸ

151 453 230 488 δῆλον
239 453 270 480 τὺ
282 454 333 489 τῆς
345 454 498 487 ὑποθέσεως
513 455 593 491 ἡδίων
607 456 753 492 ὀφθήσεται
766 458 812 484 καὶ
825 459 938 494 χαρίεις.

151 499 183 525 Τί
198 499 252 535 γὰρ
267 508 307 526 σοι
320 499 375 526 τῶν
395 500 528 527 ἁπάντων
547 502 753 539 ἐρασμιώτερον
776 504 792 539 ἢ
809 504 834 529 τε
857 513 888 538 γε
901 513 939 531 τις

151 544 341 580 μαλφέστερον
367 545 446 578 ἄλλο,
474 546 490 581 ἢ
523 547 671 583 Γρηγόριον
697 548 796 575 καὶτὰ
817 549 938 585 [Band.,

149 588 233 616 Coisl.
248 589 283 615 τὰ
293 589 340 615 τοῦ
352 589 361 625 ]
377 590 525 626 Γρηγορίου
538 592 746 628 ὲνοπτρίζεσθαί
760 602 789 620 τε
802 594 849 620 καὶ
859 595 939 621 ἀκου-

149 635 289 667 τίζεσθαιῐ
308 636 385 667 Τίνος
399 636 472 671 ἥδιον
486 637 580 671 λόγους
593 638 609 674 ἢ
623 639 685 665 νοῦν
700 640 850 674 ἀνιχνεύειν
862 640 878 675 ἢ
892 641 938 668 τοῦ

150 681 292 717 Γρηγόρου
313 681 358 708 νοῦ
380 681 417 717 (9)
432 682 527 708 τούτου
549 683 636 718 (οὕτω
663 683 717 719 γὰρ
742 684 832 711 καλεῖν
858 685 938 712 αὐτόν

148 729 225 756 ἐστιν
253 729 448 765 οἰκειότερον);
477 731 548 762 τίνος
577 731 695 758 ἄϐυσσον
723 731 834 767 σοφίαςί
866 733 937 765 τίνος

148 776 216 811 ὕψος
231 777 386 812 θεολογίας,
405 779 421 814 ἤ
440 779 566 815 φράσεως
581 780 638 815 ἅμα
664 780 762 812 κάλλος
786 781 833 808 καὶ
858 782 937 817 μέγε-

149 822 194 854 θος
209 823 265 858 (10)
280 823 296 858 ἢ
312 824 362 850 ὅσα
377 825 507 857 παντοίας
523 825 579 852 ἐστὶ
591 826 688 861 τέχνης
702 827 749 853 καὶ
764 827 878 863 θεωρίας
890 828 936 854 καὶ

147 869 275 902 χάριτοςῐ
300 869 361 896 Τῶν
377 868 423 897 οὗν
445 871 590 905 πανσόφων
609 872 704 898 τούτου
724 872 826 906 λόγων,
845 874 869 899 εί
890 874 936 900 καὶ

147 913 296 949 τολμηρὸν,
311 915 385 950 ὅμως
402 915 473 948 ἔδοξε
491 917 536 942 καὶ
550 917 584 943 τὰ
599 917 736 952 Πατράσιν
752 919 792 949 είς
806 918 934 953 ἐξήγησιν

993 323 1046 350 nisi
1061 323 1095 350 ob
1112 323 1200 359 ipsum
1222 323 1390 358 propositum
1409 324 1511 358 gratior
1527 324 1719 360 acceptiorque
1737 333 1781 353 re-

992 370 1140 404 putabitur.
1156 370 1226 403 Quid
1242 369 1313 398 enim
1334 370 1456 396 omnium
1472 370 1521 397 tibi
1535 370 1683 404 jucundius
1699 376 1780 406 atque

991 416 1149 451 pretiosius.
1167 424 1248 451 quam
1261 415 1420 450 Gregorium
1436 420 1462 442 et
1478 415 1600 451 Gregorii
1615 425 1698 452 opera
1713 425 1780 445 con—

990 461 1061 489 tueri
1079 466 1161 497 atque
1181 462 1296 490 audire?
1310 462 1395 497 Cujus
1411 462 1515 497 gratius
1533 467 1575 490 est
1595 471 1734 491 sermones
1753 469 1779 490 et

991 512 1106 535 mentem
1132 508 1306 544 investigare,
1323 516 1405 543 quam
1417 509 1490 535 illius
1509 507 1651 543 ngilantis
1665 509 1778 544 (Γρηγό-

990 555 1049 589 pou)
1079 555 1131 589 (sic
1150 555 1222 582 enim
1244 562 1343 582 vocare
1360 562 1422 581 eum
1445 555 1531 590 magis
1548 555 1688 590 proprium
1710 555 1779 590 est)?

989 599 1104 632 Quantae
1117 600 1234 635 ahyssus
1249 600 1403 634 sapientiae!
1419 599 1531 632 Quantae
1546 600 1661 627 altitudo
1675 600 1779 628 theolo-

988 647 1047 681 εἰσι,
1064 647 1121 674 sive
1136 647 1238 681 eloquii
1254 646 1352 674 decore
1367 646 1448 674 simul
1464 652 1490 673 et
1506 647 1703 681 magnitudine,
1721 647 1779 674 sive

988 693 1062 719 varia
1088 697 1157 724 arte.
1184 693 1373 727 speculatione
1399 696 1426 719 et
1451 693 1553 727 gratia!
1580 692 1778 720 Conslituimus

988 739 1079 774 igitur,
1095 739 1147 767 etsi
1162 739 1188 766 id
1205 739 1305 771 audax,
1319 748 1379 775 qua:
1399 739 1495 767 Patres
1511 740 1543 767 ad
1562 740 1779 774 sapientissimo-

989 793 1048 812 rum
1064 785 1162 812 horum
1180 793 1337 813 sermonum
1357 786 1439 813 verba
1466 785 1598 812 nonnulla
1616 785 1779 820 explicanda

987 831 1212 867 explanandaque
1227 836 1354 859 accurate
1370 832 1525 865 ediderunt,
1542 832 1668 859 breviore
1690 839 1721 858 ac
1735 831 1778 858 lu-

987 877 1090 904 cidiore
1111 877 1229 912 quodam
1254 877 1336 904 modo
1351 885 1497 912 exponere,
1514 883 1541 905 et
1562 882 1694 912 praeterea
1709 884 1779 903 non-

987 922 1060 950 nulla
1074 930 1090 950 e
1105 923 1208 950 nostris
1224 921 1335 954 addere,
1355 923 1387 949 ad
1410 923 1563 950 sententias
1578 922 1777 953 euucleandas,

147 961 195 987 καὶ
205 961 369 996 διασάφησιν
386 961 476 997 ῥητῶν
489 963 569 989 τινῶν
583 963 788 998 ἐσπουδασμένα
801 965 934 1000 ἐπινομώ-

985 975 1150 1003 sensumque
1172 967 1361 995 absconditum
1377 968 1463 1002 magis
1491 967 1518 994 in
1541 968 1627 995 lucem
1650 973 1777 1001 promen-

147 1006 226 1042 τερόν
239 1015 298 1038 nco;
315 1007 362 1033 ml
380 1007 557 1044 σαφέστερον,
571 1008 639 1035 κατὰ
656 1009 686 1035 τὸ
701 1009 769 1042 ὲνὸν,
784 1009 933 1042 διαθέσθαι,

147 1053 216 1089 πρὸς
235 1053 273 1084 δὲ,
292 1054 351 1081 τινὰ
371 1053 426 1090 (Il)
451 1055 497 1081 καὶ
515 1055 579 1090 ἡμῖν
596 1055 804 1091 προστεθεῖσθαι
826 1055 932 1092 [Bentt

147 1100 277 1136 προτεθ]
297 1101 338 1133 είς
359 1101 511 1133 ὲξάπλωσιν
531 1102 674 1137 νοημάτων
691 1103 738 1129 καὶ
754 1103 803 1138 τῆς
816 1104 845 1129 ὲν
859 1103 934 1138 βάθει

145 1144 264 1177 διανοίας
279 1146 432 1182 ἐνάργειαν.
450 1146 510 1173 Ἔτι
526 1147 553 1175 δε
570 1147 622 1173 κᾶν
634 1146 643 1182 [
655 1147 740 1174 Band.
759 1148 933 1183 ἐνάργειαν...

145 1190 216 1227 κᾶν]
245 1191 350 1223 πολλοῖς
375 1193 447 1224 ὅσοις
471 1193 599 1228 χωρίοις,
617 1193 807 1229 ὑπεροραθεῖσι
826 1195 875 1230 μὲν
897 1196 934 1227 ὼς

146 1238 281 1273 ὲπιδήλοις
297 1239 362 1270 ἴσως
377 1239 491 1271 ἐκείνοις
501 1260 508 1272 ,
528 1240 665 1275 δεομένοις
680 1241 707 1267 δέ
728 1249 801 1272 τινος
811 1261 818 1273 ,
835 1242 850 1277 ἢ
875 1243 934 1268 κατ’

145 1283 249 1310 ἔννοιαν
274 1285 438 1321 ἑρμηνείας,
466 1285 482 1320 ἢ
508 1285 579 1313 κατὰ
606 1286 760 1323 σύμφρασιν
776 1287 793 1323 ἢ
809 1287 934 1321 σύνταξιν

145 1329 315 1361 ἀκολουθίας,
332 1330 348 1366 ἢ
367 1330 436 1357 κατὰ
449 1330 566 1366 θεωρίαν
581 1331 750 1365 ἐπιστασίας,
772 1333 789 1368 ἢ
808 1333 879 1360 κατά
894 1342 934 1360 τι-

144 1383 191 1407 νας
204 1375 332 1410 τεχνικὰς
347 1375 459 1410 ἐφόδους
472 1377 604 1412 περιόδων
617 1386 646 1404 τε
662 1377 708 1404 καὶ
722 1378 868 1413 σχημάτων
888 1381 934 1406 καὶ

146 1421 222 1448 ίδεῶν
244 1421 375 1448 ποικίλων
400 1422 600 1457 ἐπισημασίας·
622 1422 728 1455 τούτοις
752 1421 799 1450 οὖν
819 1424 833 1449 ὁ
854 1424 934 1456 πόνος

144 1467 209 1502 ἡμῖν
231 1463 308 1498 οὗτος
325 1468 494 1503 ἐσπουδάσθη
522 1467 627 1504 [ϐοἰδί.
653 1470 716 1497 ὲσπ.
734 1467 820 1502 οὗτος.
845 1470 931 1498 Band.

144 1509 221 1546 οὗτος
240 1513 416 1550 ὲπεσπουδ.
438 1514 510 1550 Πρὸς
533 1515 555 1541 δ’
576 1516 626 1548 ἔτι,
642 1516 689 1543 καὶ
713 1516 833 1552 στιγμῶν
852 1517 933 1543 τινῶν

144 1558 334 1593 ἁρμοττούσας
351 1559 518 1586 ἐπιδείκνυσι
533 1559 634 1592 θέσεις,
653 1561 700 1587 καὶ
715 1561 814 1594 τόπους
829 1563 932 1598 προσή-

143 1610 241 1634 κοντας
255 1602 357 1629 τοὺτων
371 1603 510 1636 ἑκάσταις,
522 1604 573 1631 οὐκ
585 1605 638 1631 ἀπό
651 1614 722 1638 τινος
735 1606 865 1641 οὐμενοῦν
876 1607 931 1642 (12)

144 1645 285 1681 ἀλογίστου
302 1647 462 1683 ἐμπειρίας,
479 1648 560 1675 ὁποία
575 1648 630 1683 (15)
647 1649 701 1676 τῶν
717 1638 802 1685 μικρὰ
823 1649 829 1685 [
846 1638 929 1676 Coisl;
945 1638 968 1668 (ἶ

143 1691 268 1728 σμικρά]
287 1692 440 1727 βλεπόντων
459 1693 550 1727 θέλξαι
575 1694 655 1729 μόνον
679 1694 817 1730 ὑπάρχει[
834 1695 929 1729 Coisl.,

145 1736 231 1764 Band.
247 1738 392 1775 ὑπάρχειν]
405 1739 454 1774 τὴν
470 1740 605 1775 αἴσθησιν.
626 1739 671 1766 Ἑν
681 1737 721 1772 οἷς
732 1741 788 1776 (ιι)
802 1743 931 1777 περιορᾷν

144 1783 216 1811 ἐστιν
229 1783 384 1819 ἀλωμένους
397 1785 494 1818 ἐνίους,
507 1785 557 1818 τὰς
574 1786 659 1818 αὐτάς
672 1795 722 1813 που
736 1788 886 1822 περιόδους,
898 1788 931 1815 τὰ

143 1828 213 1855 αὐτὰ
229 1828 372 1856 συνδετικὰ
390 1829 444 1856 τῶν
466 1830 556 1865 μερῶν
572 1831 619 1857 τοῦ
634 1831 713 1865 λόγου
739 1832 820 1867 μόρια
837 1833 929 1859 ἄλλοτε

143 1874 230 1906 ἄλλως
254 1874 486 1909 ἐξαγγελλόντων,
512 1877 559 1903 καὶ
581 1876 629 1912 τὴν
648 1877 792 1912 ὑπόκρισιν
810 1877 932 1913 διαφθει-

144 1919 255 1955 ρόντων,
273 1921 320 1947 καὶ
342 1920 372 1947 τὸ
393 1919 459 1956 ἦθος
481 1922 554 1948 ἅπαν
570 1922 791 1958 λυμαινομένων,
808 1924 855 1950 καὶ
878 1921 932 1951 οἷον

143 1965 233 2002 ψυχρά
246 1974 307 1992 τινα
325 1966 394 2002 μέλη
411 1967 593 2003 περιᾳδόντων
609 1967 708 2004 [Bentt
724 1977 816 1996 τινα...
834 1970 930 2005 περὶ...

143 2020 196 2038 των
207 2011 236 2048 ,]
254 2011 288 2039 τὰ
311 2013 441 2048 ἀνειμένα
461 2013 534 2040 ἔστιν
548 2015 592 2041 ὅτε
614 2015 796 2047 ἐντεινόντων,
812 2016 859 2042 καὶ
872 2016 931 2042 δια-

143 2059 260 2086 λυόντων
280 2059 399 2095 ἔμπαλιν
420 2060 454 2087 τὰ
476 2061 612 2096 τεταμένα
640 2062 714 2097 (15)·
741 2062 809 2088 ἀλλὰ
833 2062 933 2098 τέχνης

143 2105 254 2142 θεσμοῖς
268 2105 485 2141 ὲπιϐεὸλημένας
504 2109 552 2134 καὶ
571 2108 702 2143 περιόδων
716 2108 804 2144 εἰρμῷ
821 2108 868 2136 καὶ
881 2108 930 2135 τά·

178 2195 217 2233 (8)
233 2195 297 2233 Ηοεο
312 2196 383 2233 forte
393 2196 500 2224 auctori
515 2200 611 2225 nostro
634 2197 772 2233 suggessit
797 2197 929 2233 Synesius

143 2231 230 2267 (φεσί.
252 2232 289 2266 1).
305 2231 345 2259 Ad
361 2231 526 2259 Nicandrum
540 2233 651 2260 mittens
662 2231 859 2260 sermonem‘de
876 2238 930 2267 quo

143 2273 171 2295 ut
181 2267 286 2303 iudicet
296 2267 426 2302 postulat,
439 2268 501 2303 quia
519 2269 623 2302 paterni
634 2268 706 2295 oculi
720 2268 810 2295 minus
829 2267 931 2302 perspi-

141 2302 222 2330 caces
234 2310 315 2337 quam
327 2303 421 2334 alieni,
432 2302 525 2330 eadem
546 2303 632 2329 utitur
648 2303 853 2337 comparatione
876 2309 930 2337 qua

141 2338 187 2366 hic
201 2337 319 2366 Basilius
335 2347 342 2365 :
359 2337 414 2366 Τὰς
425 2337 557 2366 πιθήκους
571 2338 624 2366 γάρ
641 2346 732 2366 φασιν.
757 2338 867 2364 ἐπειδὰν
886 2338 930 2364 τέ-

171 2345 187 2365 c
201 2345 319 2366 nasutus
335 2347 342 2365 :
364 2345 414 2368 ιας
425 2345 557 2370 πιυηκους
571 2345 624 2370 γαρ
641 2346 732 2370 φασιν,
757 2345 867 2364 επειοαν
886 2345 930 2364 τε-

141 2338 187 2366 hic
201 2338 319 2366 Basilius
335 2347 342 2365 :
359 2338 414 2368 Τὰς
425 2338 557 2373 πιθήκους
571 2338 624 2373 γάρ
641 2346 732 2372 φασιν,
757 2338 867 2364 ἐπειδὰν
886 2338 929 2364 τέ-

141 2381 238 2413 κωσιν,
253 2372 347 2413 ὥσπερ
361 2373 690 2413 ἁγᾲλμασιν-ὲνατενίζειν
713 2374 768 2413 τοῖς
783 2373 929 2413 βρέφεσιν,

140 2407 343 2444 ἀγαμέναςτοῇ
353 2407 467 2444 καλλοος
481 2416 487 2422 -
503 2407 590 2444 οὕτως
612 2408 685 2444 ἐστὶν
710 2409 727 2444 ἡ
755 2407 931 2444 φύσιςῗφιλὸ-

140 2442 249 2505 ἰκέρνί
270 2442 304 2470 τὰ
323 2443 352 2470 δὲ
366 2443 488 2479 ἀλλήλων
505 2443 604 2479 ὁρῶσιν
624 2443 696 2478 ἅπερ
712 2442 779 2478 ἔστι,
808 2443 930 2479 πιθήκων

182 2488 190 2505 ι
217 2487 244 2505 α.

140 2485 244 2506 παιοια.

177 2514 215 2548 (9)
226 2513 622 2549 Με.57ξ.ὲγρηγόρου.Ρι·οειυ1ἰ
631 2514 767 2549 γρηγόρου
786 2521 819 2541 ex
834 2513 932 2540 Bandi—

141 2548 387 2577 nioetCoisl.Cuni
394 2548 490 2577 eadem
499 2549 585 2576 forma
600 2548 657 2576 hoc
669 2548 752 2576 verbo
766 2548 852 2576 utitur
862 2557 930 2576 ano-

141 2592 241 2620 nymus
260 2583 370 2620 quidam
394 2590 492 2620 auctor
510 2591 641 2620 versuum
653 2584 835 2620 rpoliticorum
855 2585 930 2619 parvi

140 2618 311 2655 pretii'(apud
326 2618 442 2655 Matthaai
454 2618 531 2654 Greg.
547 2624 616 2646 orat.
633 2618 710 2651 Ιιὶἱιαξ.
726 2627 754 2654 p.
767 2619 811 2655 4)ζ
823 2618 931 2654 [supra,

140 2653 194 2683 col.
208 2653 369 2691 935‘A]qui,
381 2659 412 2682 ut
420 2653 619 2687 Basilius,ludit
630 2655 658 2682 in
672 2653 783 2682 nomine
793 2653 928 2689 Gregorii:

193 2700 261 2734 Πῶς
276 2700 345 2735 οὐχί
355 2701 459 2735 ῥεῖθρα
473 2701 738 2735 πνωματόρῥυτον
750 2700 844 2735 χύσιν

193 2736 332 2770 Ποταμὸς
346 2735 495 2768 ἀνένωτος
507 2736 540 2762 ἐκ
556 2735 744 2770 διδαγμάτων

199 2771 231 2797 ὀ
247 2770 393 2806 ποήγορος
403 2771 476 2804 νοῦς
489 2771 702 2805 πλημμυρήσει
716 2771 894 2806 πανσόφως;

177 2816 308 2844 Eumdem
325 2816 415 2844 lusum
426 2820 454 2843 et
471 2816 593 2844 eamdem
610 2816 724 2844 formam
747 2817 829 2844 habet
851 2816 929 2844 Nice-

139 2852 245 2915 Eorus
266 2851 396 2879 Callistus
412 2851 440 2878 in
465 2852 587 2892 carmine
609 2852 684 2893 brevi
714 2852 740 2879 in
760 2859 814 2887 quo
833 2852 929 2881 Patres

180 2888 270 2915 clesue
283 2891 408 2914 recenset
419 2888 473 2915 (an.
493 2887 600 2914 Fabric.
617 2887 687 2914 Βιὺι.
710 2887 767 2915 σν..
782 2887 834 2915 VII.
853 2887 926 2915 Mli.

180 2887 408 2923 clesiaerrecenset
419 2888 473 2923 (ap.
493 2887 600 2923 Ifabric.
617 2887 687 2923 Bibl.
710 2887 767 2919 Gr.,
782 2887 834 2917 VII.
853 2887 926 2923 Ml).

179 2922 209 2949 '0
224 2922 370 2957 πιήγορος
381 2921 464 2959 νοῦς,
479 2921 539 2948 τῶν
551 2922 669 2956 βροτῶν
686 2923 705 2955 ἠ
719 2924 893 2957 τερπνότης.

177 2967 233 3003 ((0)
249 2968 374 3004 Coislin,
391 2968 436 2996 καὶ
451 2967 556 3001 κάλλος.
576 2967 662 2998 Voces
686 2969 767 3001 καλός
789 2974 816 2998 ct
843 2970 928 3004 μέγας

986 1012 1061 1044 dum,
1087 1012 1204 1047 denique
1219 1016 1246 1039 et
1262 1012 1386 1047 pluribus
1411 1013 1488 1043 locis,
1513 1012 1644 1047 neglectis
1665 1012 1776 1046 quidem

986 1061 1015 1084 ut
1031 1057 1135 1091 liquido
1152 1057 1244 1084 forsan
1265 1057 1431 1092 patentibus,
1450 1062 1476 1083 at
1497 1056 1598 1091 quibus
1618 1063 1687 1090 opus
1703 1059 1776 1082 esset

984 1101 1076 1136 aliqua
1099 1102 1142 1129 vel
1167 1101 1317 1130 secundum
1342 1110 1452 1130 sensum
1480 1102 1714 1136 interpretatione,
1735 1101 1777 1127 vel

985 1148 1134 1175 secundum
1160 1149 1259 1176 seriem
1286 1147 1464 1182 ordinemque
1489 1147 1633 1175 verborum
1659 1154 1776 1174 concor-

984 1193 1093 1224 dantia,
1112 1193 1153 1220 vel
1181 1194 1332 1221 secundum
1359 1194 1494 1220 theoriam
1519 1193 1775 1225 animadversione,

984 1238 1026 1265 vel
1060 1239 1210 1266 secundum
1248 1238 1380 1274 quasdam
1415 1238 1557 1266 technicas
1597 1238 1773 1273 periodorum

983 1285 1207 1320 schematumque
1239 1289 1265 1312 et
1290 1286 1427 1312 variorum
1468 1284 1606 1312 scribendi
1644 1292 1775 1320 generum

983 1331 1104 1367 regulas;
1131 1331 1174 1359 his
1199 1331 1281 1366 igitur
1304 1338 1414 1366 operam
1439 1331 1591 1358 studiosius
1616 1330 1777 1366 impendere

983 1377 1150 1405 curavimus.
1176 1376 1311 1404 Praeterea
1335 1380 1362 1404 et
1389 1377 1584 1404 nonnullorum
1611 1382 1774 1411 punctorum

983 1427 1167 1458 congruentes
1181 1422 1353 1450 ostendimus
1367 1422 1529 1458 positiones,
1546 1423 1661 1457 locaque
1678 1430 1774 1450 eorum

983 1468 1099 1503 singulis
1120 1467 1228 1500 idonea,
1249 1476 1302 1495 non
1324 1475 1339 1496 e
1361 1468 1476 1503 quadam
1495 1475 1545 1496 nec
1571 1476 1683 1504 prorsus
1705 1469 1775 1495 irra-

983 1514 1107 1541 tionabili
1124 1514 1306 1549 experientia,
1319 1515 1407 1549 qualis
1424 1518 1466 1542 est
1483 1522 1576 1542 eorum
1601 1522 1684 1550 parva
1707 1522 1774 1550 pen-

983 1559 1105 1586 dentium
1129 1559 1317 1586 tantummodo
1342 1567 1452 1587 sensum
1479 1559 1616 1588 illustrare
1640 1570 1645 1588 :
1665 1561 1692 1588 in
1720 1569 1783 1597 quo-

983 1605 1151 1641 negligenter
1176 1605 1373 1640 perspicientes
1399 1614 1594 1641 nonnunquam
1628 1607 1774 1635 deerrave-

983 1655 1048 1679 runt
1065 1651 1199 1682 nonnulli,
1216 1651 1324 1679 easdem
1349 1660 1421 1679 nunc
1437 1653 1577 1688 periodos,
1594 1654 1703 1681 easdem
1725 1661 1773 1681 co-

985 1697 1118 1732 pulativas
1144 1697 1278 1724 sermonis
1303 1698 1420 1732 partium
1447 1698 1597 1733 particulas
1619 1699 1687 1726 alias
1709 1699 1771 1727 alibi

983 1743 1169 1775 enuntiantes,
1183 1747 1210 1770 et
1230 1744 1365 1770 actionem
1386 1749 1604 1778 corrumpentes,
1623 1751 1649 1773 et
1665 1746 1771 1780 passio-

984 1797 1046 1816 nem
1068 1797 1174 1817 omnem
1190 1794 1386 1824 pervertentes,
1400 1795 1426 1817 et
1441 1791 1519 1824 quasi
1536 1790 1632 1826 frigida
1649 1792 1771 1826 quzedam

983 1834 1105 1861 membra
1129 1834 1308 1867 illustrantes,
1330 1834 1418 1861 soluta
1442 1842 1638 1870 nonnunquam
1663 1840 1772 1863 contra-

984 1880 1091 1912 hentes,
1109 1880 1265 1913 intentaque
1282 1879 1402 1907 vicissim
1420 1880 1620 1914 dissolventes;
1636 1882 1682 1908 sed
1704 1881 1773 1908 artis

983 1924 1091 1959 legibus
1114 1924 1258 1960 impositas
1282 1929 1309 1952 et
1333 1924 1508 1959 periodorum
1534 1926 1604 1953 serie
1626 1930 1653 1953 et
1677 1926 1773 1954 ordine

983 1971 1221 2007 conjunctivarum
1241 1971 1435 2006 particularum
1456 1971 1638 2006 interpunctis
1671 1972 1772 2000 distin-

983 2023 1052 2046 ctas.
1078 2014 1144 2045 Tale
1157 2018 1238 2052 igitur
1266 2021 1408 2048 nostrum,
1434 2016 1632 2049 Serenissime,
1658 2026 1771 2051 munus,

984 2065 1037 2091 tale
1069 2064 1117 2092 tibi
1151 2064 1303 2091 litterarum
1341 2063 1530 2090 amantissimo
1567 2063 1689 2091 oll'ertur.
1724 2063 1772 2091 llis

983 2110 1032 2137 tibi
1053 2110 1235 2146 gratulamur,
1263 2109 1336 2136 omni
1364 2109 1442 2137 laude
1464 2113 1490 2137 et
1514 2109 1638 2137 victoriae
1663 2110 1772 2145 hymnis

977 2196 1082 2231 juncta:
1096 2204 1167 2231 saepe
1183 2201 1333 2224 occurrunt
1352 2196 1423 2230 apud
1437 2197 1587 2231 scriptores
1603 2198 1723 2227 Grmcos.
1744 2202 1773 2225 ut

977 2232 1099 2266 jamdixi
1114 2231 1337 2267 adhazcEunapii
1354 2232 1472 2260 verbain
1496 2231 1554 2258 Vita
1578 2232 1675 2264 Pnisci,
1695 2233 1774 2260 initio

981 2267 1099 2302 (p.555):
1118 2266 1258 2300 κάλλιστός
1267 2266 1362 2299 τεῶν,
1375 2267 1421 2293 καὶ
1439 2267 1524 2302 μέγας
1533 2267 1656 2302 ὀφθῆναι.

1016 2276 1099 2302 ιοοῦμ
1118 2276 1258 2300 καλλιστος
1267 2277 1296 2294 τε
1313 2277 1362 2299 ων,
1375 2276 1421 2293 και
1460 2276 1524 2302 εγας
1533 2276 1656 2302 οφυηναι.

1016 2303 1072 2335 (Η)
1089 2303 1152 2329 Mss.
1171 2302 1238 2336 πρὸς
1248 2303 1276 2329 δέ
1291 2311 1361 2334 τινα,
1375 2276 1457 2336 (μιοέι
1467 2302 1620 2329 emendavi.
1645 2302 1772 2330 Formula

981 2337 1050 2373 πρὸς
1063 2337 1092 2364 δέ
1107 2337 1232 2378 absolute
1252 2339 1341 2378 p_os_i_ta
1362 2345 1424 2378 cum
1455 2337 1544 2371 ellipsi
1564 2337 1771 2378 VOIClS‘FOVJ‘totg,

981 2380 1054 2407 saepe
1065 2373 1186 2413 occurrit
1202 2373 1274 2413 apud
1299 2373 1603 2413 Herodotum'et'apud
1627 2373 1696 2412 alios
1717 2381 1771 2400 non

981 2407 1075 2435 semel.
1096 2407 1211 2435 Vulemli
1232 2407 1353 2435 Scluefer
1375 2416 1403 2434 ιιι
1427 2407 1591 2440 bllxpsibus;
1611 2405 1723 2434 Fischer
1743 2409 1772 2435 in

981 2442 1097 2476 Waller";
1112 2443 1182 2470 llcill'
1189 2443 1216 2469 in
1226 2443 1420 2471 Artemidorum
1433 2448 1470 2477 (ι).
1482 2442 1554 2475 258).
1568 2442 1773 2478 Μῡξέιοςογπρὸς

981 2478 1010 2504 δέ
1021 2487 1058 2509 τι,
1078 2482 1107 2513 ut
1121 2479 1213 2513 legunt
1222 2486 1300 2510 mss.,
1316 2478 1413 2510 scripsi
1433 2476 1501 2513 πρὸς
1519 2478 1540 2504 δ’
1557 2478 1606 2504 ἔτι.
1617 2476 1772 2506 Herodotus

994 2517 1060 2540 tom.
1076 2512 1221 2549 Vlll,’cap.
1235 2513 1280 2544 90,
1297 2514 1342 2549 22)
1356 2525 1363 2543 ε
1375 2513 1446 2549 Πρὸς
1458 2512 1490 2539 δὲ
1509 2513 1549 2539 ἔτι
1570 2513 1616 2539 καὶ
1635 2514 1771 2547 προσελά-

999 2556 1043 2575 ετο
1060 2549 1136 2583 φίλος
1150 2547 1202 2575 ἐὼν
1218 2547 1414 2602 Ἀριαράμνης.
1570 2581 1575 2586 .

1017 2583 1073 2602 Ηθὶ
1087 2583 1125 2602 Mc
1155 2583 1206 2602 K73
1233 2592 1247 2602 ιι
1259 2591 1364 2602 unum“:
1382 2583 1486 2602 nniclin
1526 2582 1575 2602 Af...

1017 2581 1073 2619 (I2)
1086 2583 1137 2611 Ms.
1154 2583 1216 2619 575,
1233 2581 1364 2619 οὖμενοὺν
1382 2581 1511 2616 Coislin.,
1526 2581 1609 2618 οὕμεν
1627 2581 1684 2611 οὖν.
1705 2583 1772 2611 Ban-

981 2617 1085 2646 diriium
1100 2617 1215 2654 sequor.’

1017 2654 1074 2688 (I5)
1090 2654 1163 2689 Lego
1178 2654 1256 2681 ὁποία
1276 2662 1338 2681 cum
1356 2653 1504 2689 Bandinio;
1518 2660 1569 2681 ms.
1593 2653 1645 2681 573
1671 2655 1769 2687 ὀποῖας

981 2688 1084 2716 Coislin
1102 2688 1181 2716 ὁποῖα
1195 2689 1236 2717 vel
1247 2690 1348 2720 ὁποῖον,
1367 2696 1420 2716 non
1435 2688 1516 2715 male.

1017 2724 1072 2759 (14)
1086 2724 1130 2751 Ἰαέν
1144 2722 1194 2756 οἷς.
1210 2724 1294 2757 Quasi
1308 2724 1476 2759 scriberetur
1491 2724 1520 2749 ὲν
1535 2719 1608 2759 «Isin
1618 2732 1678 2759 quo.
1699 2723 1770 2758 Quid

981 2759 1015 2796 de
1031 2759 1092 2796 hoc
1117 2767 1168 2787 usu
1188 2760 1303 2796 pluralis
1327 2758 1432 2796 numeri
1453 2758 1628 2796 sentiendum
1647 2761 1694 2791 sit.
1713 2760 1770 2796 jam

981 2794 1038 2822 dixi
1062 2795 1088 2821 in
1112 2794 1194 2822 notis
1206 2795 1240 2822 ad
1265 2794 1386 2822 Nicetam
1408 2795 1456 2825 (vl,
1476 2794 1550 2829 454).

1018 2830 1074 2865 (l5)
1087 2830 1203 2858 Bandin.
1218 2830 1381 2865 τεταγμένα.
1406 2829 1441 2857 lis
1453 2837 1513 2864 quae
1523 2830 1591 2857 alias
1604 2829 1659 2864 (Ad,
1673 2830 1768 2859 Mari".

983 2873 1009 2900 p.
1027 2866 1071 2897 71,
1086 2865 1147 2899 146)
1163 2866 1289 2893 adnotavi
1303 2867 1337 2893 (le
1358 2865 1556 2900 permutatione
1575 2873 1672 2894 vocum
1693 2874 1771 2892 τετα-

984 2899 1063 2935 μένος
1074 2905 1101 2928 et
1110 2901 1285 2936 τεταγμένος.
1303 2899 1476 2936 addeklocum
1488 2899 1608 2936 Fischeri
1624 2902 1652 2928 in
1673 2899 1771 2936 Walle-

983 2934 1041 2962 rum
1057 2937 1134 2971 (tom.
1148 2934 1227 2971 lll,p.
1241 2934 1514 2968 I77);cl'.WakclieId
1525 2936 1550 2962 in
1566 2935 1639 2963 Silva
1650 2936 1715 2971 (tom
1737 2935 1768 2964 ν.

983 2979 1009 3004 ι).
1027 2971 1063 3004 8).
1079 2971 1186 3000 Melissa
1200 2972 1344 3004 epistolam
1358 2979 1438 3006 quam
1450 2971 1482 2999 ad
1496 2971 1646 2999 Clearetcm
1659 2971 1775 3003 seruit
