2046 3131
143 169 210 201 H09

601 174 797 213 εοιιοιιψ
818 173 946 203 ORATJ
965 172 1103 200 CONTRA
1123 172 1307 201 ιυιιΑΝωι.

1700 171 1769 199 ιιιο

140 230 183 263 δες
193 231 310 258 δεικνύει
322 251 329 263 ,
344 233 384 260 ὃτι
398 234 430 268 τῇ
448 232 592 269 μεταθέσει
607 234 658 268 τῆς
677 235 801 270 κλήσεως
813 234 868 261 τῶν
883 234 934 260 Γα-

996 231 1103 259 uvenile
1113 235 1140 258 et
1159 231 1315 267 leveipsius
1331 231 1464 263 ostendit,
1491 238 1621 266 quotnam
1649 231 1769 257 nominis

140 275 251 304 λιλαίων
279 277 357 314 ᾠήθη
392 279 439 305 καὶ
468 278 517 314 τὴν
541 279 661 307 διάθεσιν
690 279 931 315 συνακολουθῆσαν

141 321 210 357 πλὴν
230 322 277 349 καὶ
296 322 369 358 ἔργῳ
390 323 538 359 δεδήλωται
552 324 593 351 ὅτι
611 325 740 360 μέγιστον
761 326 801 357 είς
820 324 898 357 δόξαν
915 325 932 360 ἠ

140 368 186 395 τοῦ
208 369 373 406 Χριστιανοῦ
396 369 470 405 [πη.
488 371 539 399 575
559 371 788 408 Χριστιανισμούῖ
826 371 932 406 κλῆσις,

141 414 187 440 καὶ
204 414 248 441 διὰ
263 414 340 441 τοῦτο
355 415 516 452 ἀποστερεῖν
529 417 602 452 ἡμᾶς
618 417 714 444 τούτου
726 418 893 453 ἐμηχανᾶτο,
913 417 930 452 ἢ

139 459 278 493 δεδοικὼς,
291 460 421 497 καθάπερ
436 462 461 488 οἱ
477 462 615 497 δαίμονες,
633 463 682 498 τὴν
698 463 896 499 προσηγορίαν.

175 545 243 573 Ibid.
259 546 279 574 C
295 547 322 573 2.
350 547 449 582 Ἡμεῖς
463 547 489 574 δ’
502 549 539 575 οὺ
560 549 808 583 παρακινήσομεν
828 548 932 581 αὐτοῖς

142 592 177 619 τὰ
196 592 337 627 ὀνόματα.
353 593 410 620 οὐκ
425 593 523 629 ἔχομεν
536 594 601 630 γὰρ,
618 595 712 630 φησὶν,
728 595 768 626 εἰς
779 596 792 622 ὃ
808 603 833 621 τι
852 603 934 621 κατα-

142 637 334 674 γελαστότερον
347 639 566 675 μετατεθεικέναι
581 640 616 666 τά
631 639 753 676 ἡμέτερα
767 640 821 667 τῶν
835 640 935 675 ὀνομά-

117 683 120 686 ⁴
141 693 206 716 των,
223 683 278 711 τῶν
292 685 398 720 σεμνῶν
414 685 522 720 φαλλῶν
541 679 618 722 ὑμῶν
640 686 689 713 καὶ
706 686 761 713 τῶν
786 687 849 722 ἑξῆς
883 688 934 713 ὲπ-

142 728 294 764 αγομένων.

180 775 250 804 Ibid.
266 775 292 802 8.
312 776 364 803 Δεῖ
377 777 430 811 γὰρ
443 777 463 812 ἢ
483 777 613 812 ἀτυχεῖν,
626 778 682 811 (95)
697 779 765 812 παρ’
786 779 915 812 ἐκείνοις
927 799 934 805 .

143 822 205 857 Πῶς
228 823 353 858 άτυχεῖν;
382 825 422 855 εἰς
441 823 541 856 πολλὰς
568 824 773 852 ἀκολασταίνειν
803 827 935 859 γυναῖκας

143 868 201 900 ἕνα,
217 869 340 895 τουτέστι
354 869 398 896 τὸν
413 870 558 905 κράτιστον
580 870 724 906 Ἡρακλέα.

986 277 1166 305 Galilmorum
1176 278 1353 305 mutationem
1363 277 1516 305 animorum
1522 284 1631 312 quoque
1641 275 1772 302 mulatio-

983 331 1045 350 nem
1057 323 1215 350 secuturam
1241 330 1304 350 esse
1320 322 1472 350 arbitratus
1496 326 1548 350 est.
1573 321 1772 349 Verumtamen

984 368 1078 403 reipsa
1095 368 1272 403 perspicuum
1291 367 1343 395 fuit
1362 368 1512 396 Christiani
1537 375 1637 396 nomen
1658 367 1772 395 maximi

983 414 1017 442 ad
1031 414 1147 450 gloriam
1165 413 1295 449 ponderis
1312 421 1384 447 esse.
1402 422 1433 442 ac
1450 414 1565 450 proinde
1582 413 1634 442 hoc
1647 413 1674 442 is
1690 413 1772 440 moli-

982 465 1028 488 tus
1045 463 1098 492 est,
1115 464 1143 487 ut
1156 460 1183 487 id
1199 459 1279 488 nobis
1293 461 1424 495 eriperet,
1437 461 1480 489 vel
1495 461 1607 493 timens,
1625 465 1657 488 ut
1670 460 1772 488 daemo-

984 514 1044 539 nes,
1069 506 1140 533 hanc
1156 506 1380 541 appellationem.

1021 550 1078 577 Nos
1106 555 1193 577 autem
1227 551 1335 578 nomina
1387 551 1451 585 ipsis
1484 550 1688 586 haudquaquam
1733 549 1775 575 irt-

984 601 1121 624 ocrtemtu.
1142 596 1234 631 Neque
1259 596 1332 623 enim
1350 597 1435 623 ullum
1457 596 1534 623 aliud
1562 596 1649 631 magis
1673 595 1774 622 ridicu-

983 643 1040 670 lum
1072 647 1131 674 est,
1170 644 1196 669 in
1228 643 1302 678 quod
1330 647 1425 670 nostra
1459 643 1571 670 nomina
1585 642 1772 670 immutemus.

984 689 1124 723 praeclaris
1141 689 1240 716 vestris
1254 688 1364 724 pballis,
1372 692 1400 715 et
1413 688 1473 715 aliis
1489 695 1551 722 quae
1564 687 1697 714 continuo
1711 694 1776 714 euu-

986 738 1139 762 "teruntur.

1023 779 1099 814 Apud
1115 779 1175 806 illos
1192 779 1293 813 injuria
1310 779 1410 814 afﬁcere
1434 782 1544 812 oportet.
1570 776 1714 810 Quomodo
1736 776 1779 803 in-

984 826 1058 862 juria
1083 825 1210 854 allicere?
1241 824 1344 860 Nempe
1366 825 1468 852 multas
1495 823 1646 858 ignominia
1671 823 1780 850 allicere

985 870 1112 898 mulieres
1122 878 1217 901 unum.
1233 870 1339 897 scilicet
1356 868 1537 896 fortissimum
1556 868 1711 896 Herculem.

178 913 248 941 Ibid.
263 913 290 941 9.
307 915 345 942 Ἦ
355 915 389 942 ἐκ
404 914 526 942 πολλῶν
538 914 700 950 γεννᾶσθαι
712 915 938 952 [ειίίίκι-ίνεσθαι]

1032 914 1078 942 γει
1095 923 1128 942 ea:
1140 915 1230 942 multis
1245 915 1382 950 procreari
1399 922 1491 942 unum.
1512 913 1688 947 Quemnam?
1704 913 1778 940 Pana

142 959 207 986 ἕνα.
221 959 304 993 Τίνας
326 960 371 986 τὸν
394 960 470 986 Πᾶνα
494 960 579 995 λέγει,
597 961 626 987 ὃν
645 969 722 995 φασι,
741 961 855 993 πολλοὺς
873 970 939 997 μνη-

142 1003 248 1038 στῆρας
264 1004 297 1039 τῇ
311 1003 454 1040 Πηνελόπῃ
468 1003 655 1037 συνελθόντας,
669 1004 717 1031 ἕνα
735 1003 830 1031 τοῦτον
842 1012 940 1040 γεννη-

143 1049 223 1084 θῆναι
237 1049 282 1075 τὸν
295 1049 446 1084 αῐσχιστον.
462 1049 632 1085 κερασφόρον
649 1049 697 1076 καὶ
710 1049 893 1086 τραγοσκελῆ.

177 1093 238 1120 Col.
265 1092 318 1119 604
333 1093 356 1119 Α
377 1093 404 1120 3.
427 1093 594 1120 Βουθοίναν
606 1093 656 1120 καὶ
682 1093 869 1127 Τριέσπερον.
887 1092 938 1119 Τὸν

143 1138 223 1165 af;th
239 1138 313 1171 λέγει
335 1137 482 1174 Ἡρακλέα.
502 1135 587 1171 Οὗτος
602 1139 657 1174 γάρ
668 1138 857 1175 διερχόμενος.
878 1138 939 1172 ζευ-

144 1185 223 1220 γίτην
243 1184 413 1220 ἀροτριῶντα
432 1184 532 1221 εὑρὼν,
547 1184 594 1211 καὶ
611 1185 657 1212 τὸν
670 1185 763 1221 ἕτερον
778 1185 874 1212 τούτου
892 1184 938 1212 θύ-

145 1238 194 1261 σας
209 1230 264 1256 τῶν
280 1229 360 1264 βοῶν,
380 1230 470 1266 θοίνην
491 1230 586 1257 ἑαυτοῦ
602 1230 649 1257 καὶ
666 1230 763 1266 βρῶμα
778 1231 934 1266 πεποίηται·

145 1276 174 1309 ἐξ
191 1273 222 1303 οὗ
238 1276 284 1303 καῖΙ
303 1275 470 1311 ὠνόμασται.
499 1276 528 1303 '0
550 1276 631 1308 αὐτὸς
649 1273 727 1308 οὗτος
748 1276 825 1312 (ibid.
850 1277 876 1311 7)
891 1276 938 1303 καὶ

144 1323 194 1354 τὰς
206 1322 320 1349 Θεστίου
335 1323 356 1349 ν’
367 1322 520 1357 θυγατέρας
532 1323 561 1349 έν
580 1323 629 1358 μιᾷ
645 1321 782 1358 διέφθειρε
790 1323 878 1349 νυκτί·
890 1323 938 1350 καὶ

145 1369 188 1396 διά
211 1369 295 1405 τριῶν
312 1368 417 1395 νυκτῶν
432 1368 528 1404 ἐτέχθη
544 1370 577 1404 τῇ
604 1369 756 1405 Ἀλκμήνῃ.
774 1369 939 1404 καινοτομή-

148 1423 241 1446 trav-.0;
260 1414 307 1441 τοῦ
330 1414 449 1449 μεγάλου
465 1414 542 1446 Διδς,
557 1413 596 1446 ὥς
618 1422 710 1448 φασιν,
734 1414 768 1440 δι’
791 1414 939 1446 ἀκολασίας

147 1460 245 1495 ἔρωτα,
264 1460 311 1486 καὶ
325 1459 374 1491 τὰς
387 1460 503 1495 ἡμέρας,
514 1459 560 1486 καὶ
570 1458 748 1490 κελεύσαντος
760 1458 855 1495 [ϐοίδί.
869 1459 939 1494 ἡμέ-

148 1515 197 1542 ρας
212 1506 285 1543 κελ.]
303 1506 372 1542 ἡλίῳ
390 1507 435 1533 ἐπὶ
448 1506 522 1542 τρισὶ
548 1505 584 1542 μὴ
600 1506 739 1533 ἀνατεῖλαι
758 1506 885 1541 ἡμέραις,
901 1506 938 1537 ὡς

149 1551 185 1588 μὴ
198 1551 338 1588 ἀρκούσης
350 1552 447 1583 νυκτὸς
461 1552 525 1587 μιᾶς
535 1551 672 1587 ἐκπλῆσαι
691 1551 737 1578 τὸν
752 1550 824 1578 οὕτω
835 1551 937 1586 θερμῦν

148 1601 218 1634 (cod.
231 1606 258 1633 p.
274 1598 337 1629 268,
353 1598 387 1631 2)
408 1598 456 1625 καὶ
471 1598 569 1634 ἀτειρῆ
581 1597 680 1633 ἔρωτα.

180 1644 248 1672 ibid.
262 1643 307 1671 H.
331 1644 517 1671 Ειόωλιανὸν
536 1643 583 1670 καὶ
598 1643 733 1671 Πισαῖον.
751 1642 800 1669 Διὰ
813 1642 863 1678 τὴν
878 1650 943 1678 μετ-

146 1690 269 1725 ωνυμίαν
291 1689 346 1716 τῶν
385 1689 553 1720 Γαλιλαίων,
583 1688 818 1720 ὰντισκώπτοντες
843 1687 939 1724 [CoisL

148 1737 207 1763 ἀντὶ
220 1735 267 1763 τοῦ
283 1735 466 1771 σκώπτοντες]
481 1735 643 1762 Είδωλιανὸν
665 1734 745 1762 αὐτὸν
764 1735 812 1761 καὶ
829 1735 942 1761 Πισαῖον

150 1781 246 1817 (Com.
263 1781 407 1817 Πισσαῖον]
420 1782 545 1814 ἐκάλουν,
566 1782 590 1808 οἱ
610 1781 647 1817 μὴ
670 1781 890 1817 συναπαχθέντες
909 1783 942 1817 τῇ

148 1829 327 1863 δεισιδαίμονι
348 1828 437 1864 πλάνῃ
452 1828 546 1860 αὑτοῦ,
562 1828 593 1854 τὸ
608 1828 657 1863 μὲν
672 1828 727 1855 ἀπὺ
743 1827 798 1854 τῶν
814 1828 941 1861 εἰδώλων,

147 1875 178 1902 τὸ
188 1874 283 1909 suam
296 1874 345 1910 τῆς
359 1874 445 1910 Πίσης
456 1873 550 1910 [CoisL
563 1873 702 1909 Πίσσης.]·
714 1873 786 1900 οὕτω
800 1874 854 1909 γὰρ
867 1874 895 1900 έν
904 1882 944 1900 τι-

149 1930 191 1948 σιν
206 1920 384 1957 εὓρηταιτῶν
396 1921 582 1956 ἀντιγράφων·
597 1920 613 1955 ἢ
627 1920 681 1947 ἀπὸ
696 1921 743 1956 τῆς
755 1920 874 1952 πειθοῦς·
891 1920 942 1951 ὅτι,

151 1969 226 2002 φασὶ,
241 1968 288 1994 καὶ
302 1967 391 1998 τοῦτο,
407 1967 431 1993 εἰ
447 1967 494 1993 καὶ
512 1966 678 2002 βραχύτερον
699 1966 747 2002 τῆς
772 1966 846 2001 βίας,
868 1966 945 2002 ὅμως

151 2015 216 2047 παρ’
229 2012 305 2048 αὑτῷ
320 2010 363 2049 ἦν.
378 2012 540 2039 Είδωλιανὺν
553 2011 600 2039 οὖν
611 2013 693 2040 αὑτὸν
710 2012 880 2047 ὼνομάκασι,
897 2012 943 2039 καὶ

157 2060 298 2087 ’Δδωναῖον
310 2059 388 2095 (ibid.
404 2059 445 2094 15)
459 2059 513 2086 ἀπὸ
525 2059 674 2091 Ἀδώνιδος,
686 2059 732 2085 καὶ
740 2059 942 2094 Καυσίταυρον,

150 2106 190 2132 δτι
207 2105 340 2137 πολλάκις
353 2105 471 2141 ταύρους
490 2104 648 2132 ὡλοκαύτει·
671 2104 740 2131 ἀλλὰ
760 2104 811 2131 κάν
828 2105 884 2135 τοῖς
901 2112 944 2130 νυ-

153 2152 270 2187 μῑσμασι
281 2151 382 2188 ταῦρον
395 2151 525 2178 ὲνετύπου
537 2160 543 2166 ”
555 2151 594 2177 διδ
605 2152 651 2178 καὶ
663 2151 809 2186 Ἀντιοχεῖς
818 2150 943 2178 ἀποσκιῦ-

152 2206 264 2230 πτοντες
289 2197 360 2224 κατὰ
382 2197 528 2233 πρόσωπον
546 2197 652 2232 ἔλεγον·
681 2196 715 2223 Τὸ
738 2195 869 2231 νόμισμά
885 2204 944 2223 σου

989 962 1067 995 dicit,
1084 970 1165 998 quem
1184 962 1273 994 aiunt,
1301 961 1395 988 multis
1420 961 1591 988 amatoribus
1608 969 1670 988 cum
1693 959 1780 987 Pene-

990 1008 1051 1044 lope
1076 1008 1245 1043 congressis,
1269 1015 1353 1035 unum
1380 1012 1554 1041 procreatum
1580 1007 1667 1035 fuisse
1692 1006 1780 1034 defur-

990 1055 1155 1085 missimum.
1172 1054 1347 1089 cornigerum
1365 1058 1448 1089 atque
1464 1054 1578 1081 hircinis
1595 1053 1722 1087 pedibus.

1024 1100 1181 1128 Bulltwnam
1194 1105 1219 1128 et
1234 1099 1422 1134 Trivcsperum.
1437 1099 1568 1126 Eumdem
1582 1100 1618 1126 ita
1633 1098 1780 1126 Herculem

992 1151 1082 1175 vocat.
1107 1146 1158 1174 Hic
1182 1146 1255 1174 enim
1282 1147 1334 1174 iter
1361 1146 1477 1179 faciens,
1496 1154 1558 1173 cum
1583 1146 1678 1182 jugum
1697 1146 1779 1173 boum

989 1198 1092 1221 terram
1108 1198 1201 1220 aratro
1215 1194 1329 1221 sulcans
1344 1193 1455 1221 obvium
1472 1193 1625 1226 habuisset,
1642 1200 1727 1219 unum
1742 1201 1775 1220 ex

988 1240 1078 1267 bobus
1095 1243 1240 1275 acceptum
1257 1239 1402 1275 jugulavit,
1416 1247 1533 1274 eumque
1549 1239 1600 1266 sibi
1621 1238 1730 1273 epulum
1753 1242 1781 1266 et

989 1293 1081 1313 escam
1100 1285 1174 1313 fecit.
1194 1285 1272 1313 Unde
1285 1288 1312 1313 et
1325 1285 1365 1313 sic
1382 1285 1472 1312 dictus
1484 1289 1535 1313 est.
1549 1283 1600 1312 Hic
1615 1285 1687 1312 idem
1701 1285 1782 1320 quin-

989 1331 1122 1366 quaginta
1137 1330 1241 1360 Thestii
1258 1331 1328 1358 tilias
1350 1338 1402 1358 una
1419 1335 1498 1358 nocte
1518 1331 1665 1366 stupravit.
1681 1330 1712 1357 Et
1730 1338 1778 1366 per

989 1381 1045 1404 tces
1060 1384 1157 1405 noctes
1171 1378 1299 1404 Alcmene
1321 1385 1383 1404 eum
1400 1376 1538 1412 concepit,
1563 1385 1596 1404 ex
1612 1378 1718 1411 integro
1734 1385 1777 1404 re-

989 1427 1132 1451 stauraute
1149 1431 1248 1458 magno
1262 1421 1340 1454 Jove,
1365 1426 1395 1449 ut
1406 1422 1495 1454 aiunt,
1508 1422 1542 1449 ob
1555 1422 1678 1449 libidinis
1700 1427 1779 1457 pelu-

989 1470 1114 1501 lantiam,
1132 1476 1250 1500 amores,
1275 1473 1302 1496 et
1325 1469 1394 1500 dies,
1417 1469 1523 1503 solique
1548 1469 1702 1503 imperante
1730 1476 1778 1503 per

990 1523 1045 1543 tres
1059 1516 1205 1543 continuos
1218 1516 1276 1543 dies
1292 1524 1347 1543 non
1364 1515 1442 1547 oriri,
1464 1515 1541 1550 quasi
1558 1523 1610 1542 non
1627 1514 1780 1542 subiciente

991 1569 1071 1590 nocte
1087 1570 1140 1590 una
1156 1563 1190 1590 ad
1207 1563 1371 1598 explendum
1387 1562 1456 1590 adeo
1471 1561 1590 1589 calidum
1605 1566 1688 1596 atque
1702 1560 1779 1588 inde-

995 1609 1098 1636 fessum
1112 1615 1244 1636 amorem.

1029 1654 1183 1682 Idolianum
1201 1659 1226 1681 et
1241 1653 1369 1682 Piswum.
1393 1653 1511 1689 Propter
1539 1653 1715 1680 Galilaeorum
1735 1659 1786 1679 no-

994 1702 1078 1729 minis
1096 1700 1327 1733 immutationem,
1346 1700 1441 1728 eodem
1454 1699 1518 1726 ludo
1532 1698 1708 1729 ulciscentes,
1724 1696 1785 1724 ldo-

995 1748 1099 1775 lianum
1114 1755 1176 1775 eum
1190 1751 1217 1774 et
1233 1747 1348 1774 Pisanum
1361 1746 1510 1776 vocabant,
1525 1745 1572 1779 qui
1585 1751 1638 1771 non
1654 1745 1786 1778 supersti-

994 1795 1073 1822 t‘osis
1090 1794 1150 1829 ejus
1171 1794 1312 1821 erroribus
1333 1793 1466 1820 abstracti
1488 1796 1578 1821 erant,
1600 1791 1716 1818 alterum
1728 1790 1786 1825 qui-

994 1840 1055 1866 dem
1074 1840 1108 1867 ab
1127 1839 1218 1870 idolis.
1247 1840 1364 1866 alterunt
1384 1846 1398 1865 a
1417 1837 1505 1873 Πίσης
1533 1836 1632 1872 (Pisa).
1654 1835 1693 1862 Ita
1711 1837 1784 1862 enim

995 1886 1023 1913 in
1039 1886 1178 1913 nonnullis
1195 1886 1334 1913 invenitur
1351 1884 1567 1919 manuscriptis;
1592 1883 1661 1910 vela
1675 1881 1787 1914 πειθοῦς

995 1931 1207 1966 (persuasione);
1229 1930 1313 1965 quod,
1338 1930 1425 1963 aiunt,
1452 1929 1509 1956 llaec
1527 1936 1648 1964 quoque,
1674 1927 1727 1955 etsi
1742 1936 1787 1954 ra-

994 1978 1052 2015 rior
1078 1977 1220 2007 violentia.
1244 1980 1336 2004 tamen
1353 1975 1425 2011 apud
1451 1983 1514 2003 eum
1536 1980 1604 2002 erat.
1631 1973 1787 2002 ldolianum

994 2023 1078 2058 igitur
1096 2030 1158 2050 eum
1183 2026 1422 2057 nuncupaverunt,
1440 2026 1467 2047 et
1484 2021 1642 2048 Adnuiteum
1659 2021 1694 2048 ab
1712 2020 1787 2047 Ado-

995 2070 1069 2101 nide,
1099 2073 1126 2096 et
1146 2068 1368 2101 Tauricremum,
1397 2068 1470 2103 quod
1495 2069 1596 2102 saepius
1615 2067 1698 2094 boves
1726 2066 1788 2099 igne

995 2118 1139 2142 cremarct.
1159 2114 1296 2142 Monetam
1311 2121 1422 2149 quoque
1447 2118 1528 2140 tauro
1546 2113 1686 2147 signabat.
1715 2111 1787 2144 Qua-

994 2164 1105 2196 propter
1122 2159 1285 2187 Antiocbeni
1311 2159 1416 2186 vultum
1440 2159 1501 2194 ejus
1523 2158 1681 2186 deridentes
1713 2158 1787 2185 dice-

994 2207 1083 2234 bant:
1117 2205 1226 2233 Moneta
1254 2210 1299 2233 tua
1318 2211 1426 2233 taurum
1455 2205 1531 2233 habet
1553 2210 1577 2231 et
1594 2209 1722 2231 mundum
1747 2204 1787 2231 in-

151 2245 262 2279 ταῦρον
272 2244 334 2279 ἔχει
349 2244 399 2271 καὶ
414 2244 467 2271 τὸν
479 2244 595 2276 κόσμον
607 2243 775 2277 ἀνατρέπειο
792 2242 939 2278 τροπικῶς,

996 2252 1097 2279 vertit:
1131 2251 1317 2287 metaphorice
1344 2251 1518 2285 desuulptum
1545 2259 1577 2278 ex
1605 2256 1695 2277 aratro
1715 2248 1788 2285 quod

151 2291 204 2318 ἀπὸ
222 2291 270 2318 τοῦ
292 2291 345 2317 ὑπὸ
365 2290 421 2317 τῶν
443 2289 552 2326 ταύρων
567 2290 614 2317 καὶ
635 2289 690 2316 τῶν
708 2289 776 2324 βοῶν
794 2289 942 2324 ἑλκομένου

151 2338 197 2365 καὶ
213 2337 264 2372 τὴν
282 2337 334 2372 γῆν
347 2336 546 2372 ἀνατρέποντος
569 2336 694 2371 ἀρότρου.

185 2382 245 2409 Col.
266 2381 319 2409 605
341 2381 362 2408 A
387 2381 432 2409 10.
457 2380 496 2415 Τῇ
515 2380 627 2415 λεοντῇ
643 2380 701 2415 τὴν
717 2379 869 2414 κερδαλῆν
895 2380 943 2414 ἐγ-

151 2429 301 2463 κρύπτων.
319 2427 515 2463 Παροιμιακῶς
534 2428 640 2463 εἴρηται
655 2427 710 2454 ἀπὸ
726 2426 776 2462 τῆς
793 2427 874 2462 δορᾶς
895 2426 941 2453 τοῦ

151 2474 257 2506 λέοντος
271 2475 317 2501 καὶ¹
336 2474 385 2509 τῆς
399 2472 523 2509 κερδοῦς,
538 2474 625 2500 εἴτουν
642 2472 792 2504 ἀλώπεκος.
808 2472 942 2508 Εῖληπται

150 2521 204 2548 ἀπὸ
221 2520 275 2548 τῶν
296 2519 385 2552 ζώων.
403 2520 488 2550 Λέων.
508 2519 682 2555 ἰσχυρότατον
699 2520 746 2546 καὶ
761 2517 942 2554 βασιλικώτα-

151 2576 197 2593 τον
217 2567 271 2593 τῶν
287 2565 374 2599 ζώων,
389 2565 502 2601 δυνάμει
518 2565 636 2602 θαῤῥοῦν
652 2565 771 2603 ἀτρύτῳ.
788 2565 863 2593 δόλου
878 2574 944 2593 παν-

151 2614 197 2646 τὸς
224 2612 375 2648 ἐλεύθερον·
389 2612 478 2648 κερδὼ
491 2612 530 2644 δὲ,
553 2611 633 2649 ῥώμῃ
652 2612 701 2647 μὲν
721 2611 832 2644 ἀσθενὲς
849 2611 940 2647 [cadit

152 2657 293 2694 ἀσθενὴς].
310 2658 376 2693 δόλῳ
395 2657 423 2684 δε
438 2657 555 2693 κρατοῦν
570 2658 618 2684 καὶ
634 2657 824 2693 ἰσχυροτέρων.
845 2656 944 2683 Βούλε-

151 2713 197 2731 ται
213 2704 242 2731 δὲ
255 2704 345 2738 λέγειν
358 2705 372 2731 ό
386 2703 474 2738 λόγος,
486 2704 526 2730 ὅτι
536 2703 577 2741 τῷ¹
587 2703 741 2739 τυραννικῷ
752 2703 798 2730 καὶ
812 2703 945 2738 βασιλικῷ

152 2750 213 2785 ἡθει
229 2749 364 2785 ἔκρυπτεν
381 2750 395 2776 ὸ
417 2749 584 2785 ’Δποστάτης
598 2749 629 2776 τὸ
643 2749 796 2785 πανοῦργον
811 2749 858 2776 καὶ
872 2749 941 2776 δολε-

156 2797 211 2830 ρὸν,
239 2795 296 2822 ἀλλ’
317 2796 377 2830 οὐχ,
404 2795 442 2827 ὡς
463 2795 598 2831 βασιλεὺς,
619 2795 651 2823 τὰ
677 2795 781 2831 βασιλεῖ
805 2795 944 2831 πρέποντα

154 2839 315 2876 ἐλευθερίως
333 2839 380 2867 καὶ
393 2840 574 2876 άπανούργως
591 2841 685 2867 ἐτέλει.

996 2306 1012 2325 a
1028 2298 1114 2326 bobus
1127 2298 1279 2325 extrahitur
1292 2301 1446 2333 terramque
1464 2297 1582 2324 invertit.

1034 2386 1156 2413 Leonimc
1170 2386 1232 2420 pelli
1250 2386 1383 2420 vulpinam
1402 2392 1558 2419 pratexens.
1575 2382 1788 2411 Proverbialiter

996 2432 1100 2459 dictum
1123 2440 1137 2458 a
1156 2433 1243 2459 leonis
1260 2432 1345 2463 corio,
1363 2432 1515 2467 vulpisque.
1534 2430 1590 2458 Hoc
1608 2430 1642 2457 ab
1663 2429 1788 2456 animali-

997 2480 1047 2506 bus
1066 2479 1250 2514 desumplum.
1275 2479 1338 2511 Leo,
1354 2478 1552 2505 validissimum
1574 2476 1788 2512 regalissimuiu-

996 2533 1050 2562 que
1072 2526 1241 2557 animalium,
1257 2526 1362 2553 viribus
1383 2525 1525 2552 conlidens
1540 2523 1690 2553 indomitis.
1706 2527 1788 2557 atque

998 2572 1032 2599 ab
1045 2571 1118 2598 omni
1129 2571 1192 2599 dolo
1201 2571 1327 2599 liberum.
1336 2571 1436 2598 Contra
1451 2571 1554 2605 vulpes.
1569 2569 1666 2596 robore
1676 2568 1786 2604 quidem

997 2617 1107 2649 debilis,
1125 2621 1187 2645 astu
1207 2617 1334 2652 superior
1349 2620 1376 2644 et
1393 2616 1527 2643 valentior
1548 2619 1599 2643 est.
1618 2614 1705 2649 Cujus
1726 2621 1785 2641 scr-

996 2664 1086 2692 monis
1109 2664 1151 2692 hic
1178 2672 1286 2696 sensus.
1312 2663 1385 2698 quod
1408 2663 1460 2691 sub
1482 2661 1633 2698 tyrannicis
1652 2661 1787 2696 regiisque

996 2711 1119 2738 moribus
1142 2710 1299 2745 Apostatam
1323 2709 1446 2736 fraudem
1471 2713 1499 2736 et
1519 2707 1667 2736 versutiam
1693 2706 1787 2734 occul-

997 2755 1080 2785 tabat.
1096 2763 1184 2790 neque
1197 2759 1226 2782 ut
1243 2755 1400 2789 imperator,
1414 2762 1444 2781 ea
1458 2762 1518 2789 qua:
1535 2754 1726 2788 imperatorem
1739 2751 1786 2779 de-

996 2801 1104 2832 cebant.
1122 2802 1205 2830 libere
1216 2809 1248 2828 ac
1262 2801 1423 2836 simpliciter
1434 2800 1644 2835 exsequebatur.

191 2896 247 2931 (95)
261 2895 344 2934 _Editi
366 2897 478 2934 ἀδικεῖν,
507 2901 598 2934 recte;
623 2896 735 2932 ἀτυχεῖν
753 2897 825 2932 quod
841 2897 934 2934 legunt

992 2901 1078 2928 nnulli
1096 2909 1175 2934 mss,
1193 2899 1289 2930 seitsui
1311 2898 1425 2927 multum
1447 2898 1546 2933 cilicii;
1565 2901 1590 2926 et
1625 2897 1686 2925 ideo
1707 2895 1782 2923 Basi-

154 2931 219 2965 lius,
234 2930 294 2963 πῶς
307 2931 434 2968 (tractv;
451 2932 550 2969 inquit.
