2046 3131
148 171 220 198 1133

581 169 726 198 SCHOLIA
738 169 770 197 IN
789 169 891 197 ORAT.
907 168 928 196 Il
944 168 1082 197 CONTRA
1095 168 1282 198 JULIANUM.

1696 171 1763 201 “3|

144 229 220 256 ὥστε
231 228 280 256 καὶ
295 228 449 264 βροντῶντι,
465 228 540 263 φασὶ,
552 228 591 264 τῷ
601 229 652 259 Διὶ,
670 228 781 264 βροντᾷν
801 229 845 256 καὶ
857 228 931 260 αὐτὸς

986 227 1079 256 Jovem
1096 228 1218 256 aemulari
1232 227 1393 260 conabatur,
1403 235 1451 263 per
1466 228 1570 256 corium
1581 229 1683 257 siccum
1693 235 1762 258 stre-

146 276 370 310 ἁντεμηχανᾶτο,
396 276 428 301 ὲκ
456 274 558 310 βύρσης
594 274 750 301 ἐπικτυπῶν
778 275 860 310 ξηρᾶς
888 275 934 300 καὶ

149 320 298 356 χλευάζων.

184 375 252 404 Ibid.
274 376 295 404 C
318 377 344 404 1.
373 378 531 411 Τραϊανοὺς
553 378 588 404 δὲ
610 379 749 414 λέγεικαὶ
770 378 934 412 Ἁδριανοὺς

149 421 366 456 πληθυντικῶς.
382 423 485 455 Οἵτινες
495 423 614 458 βασιλεῖς
622 425 706 460 ἤστην
723 424 874 459 Ῥωμαίων,
883 424 929 450 ἐπὶ

147 469 180 503 τῇ
190 467 286 503 ἀνδρίᾳ
298 468 345 495 καὶ⁴
354 468 384 494 τὸ
393 469 510 503 ἀσφαλὲς
520 470 673 505 ἐσχηκότες·
680 469 771 496 διὸκαὶ
783 470 844 496 πολε
848 478 934 505 μικω-

147 512 221 539 τάτω
234 513 388 548 ἐγενέσθην,
402 515 448 541 καὶ
467 515 565 546 πολλὰς
581 515 673 547 πόλεις
694 516 740 541 καὶ
764 515 852 552 χώρας
871 515 934 547 ὅλας

146 559 195 584 καὶ
214 558 278 593 ἔθνη
306 559 389 594 μυρία
408 560 442 595 τῇ
472 560 614 595 Ῥωμαίων
645 561 782 594 ὑπέταξαν
808 560 932 596 ἐξουσίᾳ.

148 603 307 631 Τοὺναντίον
322 604 350 630 δὲ
365 605 455 642 Κάρον
466 605 560 641 [ϐοἰιί.
572 606 674 643 Κᾱρον]
689 608 736 634 καὶ
756 607 934 642 Οὐαλεριανὸν

147 649 219 684 ὁρμῇ
255 649 363 682 λέγεται
395 651 507 686 ἀτάκτῳ
540 652 586 678 καὶ
615 653 692 688 ἀνοίᾳ
719 652 879 680 πεπονθέναι
905 653 934 679 ἐν

146 694 261 729 Περσῶν
275 695 359 730 ὁρίοις
372 696 585 729 καταλυθένταςυ
603 698 680 733 πλὴν,
699 698 775 732 φησὶ,
798 698 848 724 οὐκ
869 698 934 724 ὀνει-

148 739 213 772 δίζω
245 740 345 776 τύχας,
373 741 586 778 διεξοδικώτερον
618 743 772 778 καταλέγων
793 744 827 770 τὰ
859 744 933 778 σφίσι

149 785 358 821 ωμὸεὸηκόταο
381 787 507 822 εἴληπται
528 787 556 814 δὲ
576 788 655 815 τοῦτο
674 788 735 823 [ηις.
752 788 802 815 573
814 788 864 816 εἴλ.
879 787 932 824 γὰρ

147 831 186 867 τ.]
201 832 255 858 ἀπὸ
268 833 317 868 τῆς
328 833 473 868 Εὐριπίδου
487 835 639 869 τραγῳδίας
659 834 796 868 Ὀρέστου
813 834 880 869 (55).

985 275 1070 310 pitum
1082 274 1166 302 edens
1182 274 1364 308 irridensque.

1021 373 1200 407 Trajanosque
1213 371 1274 398 illos
1293 376 1317 398 et
1334 370 1466 397 Adrianus
1475 371 1525 398 sibi
1541 373 1571 398 ob
1587 373 1676 400 oculos
1700 382 1762 409 pro-
1806 367 1808 377 ’

983 428 1091 454 ponens.
1100 419 1156 452 Qui
1172 417 1473 453 quidemIIomanorum
1483 417 1659 452 imperatores
1669 424 1760 453 erant,

984 469 1065 500 atque
1080 464 1174 491 virtuti
1189 463 1359 498 prudentiam
1377 463 1545 497 adiecerant.
1559 463 1674 499 Ideoque
1688 465 1717 492 in
1730 473 1762 493 re

983 511 1095 538 militari
1113 509 1309 541 excelluerunt,
1320 509 1472 543 nmltasque
1485 509 1576 541 urbes,
1587 509 1762 545 integrosque

983 556 1150 592 provincias.
1175 558 1255 590 atque
1284 553 1443 580 innumeras
1463 557 1556 588 gentes
1579 553 1762 582 Romanorum

983 601 1080 628 ditioni
1100 600 1310 635 subjunxerunt.
1326 599 1426 626 Contra
1441 598 1540 626 Carum
1549 604 1574 626 et
1586 599 1763 628 Valerianum

983 646 1074 675 ferunt
1084 646 1180 673 stolidi
1196 653 1228 672 ac
1243 645 1379 672 temerarii
1393 645 1510 679 impetus
1532 652 1628 680 pcenas
1642 645 1762 680 dedisse.

983 697 1010 720 et
1032 694 1060 720 in
1080 693 1225 720 Persarum
1249 691 1349 718 ﬁnibus
1374 690 1460 718 fuisse
1483 691 1596 719 deletos.
1623 692 1761 725 Attamen,

983 740 1030 772 ait,
1048 746 1101 766 non
1120 738 1245 765 fortunas
1262 737 1408 771 exprobro.
1420 736 1509 765 fusius
1526 744 1586 772 qnze
1601 737 1635 765 iis
1650 738 1761 766 accido»

983 790 1047 813 runt
1062 792 1211 820 exponens.
1233 783 1274 811 Ab
1290 783 1418 818 Euripide
1429 791 1512 819 porro
1528 784 1557 810 in
1579 783 1680 811 Orestis
1702 788 1762 812 tra-

983 833 1081 870 gredia,
1098 832 1149 859 hoc
1162 833 1298 865 sumptum
1314 833 1366 857 est.

182 888 252 916 Ibid.
267 888 287 916 C
302 889 343 916 14.
362 889 419 924 Τῆς
430 890 524 924 ὁρμῆς
540 890 590 924 ἣν.
607 891 707 922 Ποίας;
721 891 768 917 τοῦ
779 892 926 927 προκειμέ-

1014 891 1144 923 Tolusque
1154 886 1295 922 ferebatur.
1311 886 1341 913 In
1356 885 1507 921 quidnam?
1521 884 1550 912 In
1565 893 1626 913 eam
1644 887 1758 922 expedi-

148 941 193 959 vou
221 933 340 960 σκοποῦ·
362 934 407 966 ἵν’,
430 936 454 961 εἰ
477 936 622 970 κρατήσειε
646 936 770 971 Περσῶν,
794 937 853 963 ὅλον
872 939 928 968 τοῖς

147 980 255 1014 δαίμοσι
271 982 443 1016 παραστῆσαι
465 981 496 1008 τὸ
509 982 678 1017 Χριστιανῶν
691 983 776 1017 γένος,
795 983 929 1018 ἐπαγόμε-

147 1032 192 1055 νος
206 1025 253 1051 καὶ
269 1025 308 1056 εἰς
326 1024 355 1051 ἓν
377 1026 466 1052 πᾶσαν
483 1026 612 1061 μαντείας
631 1027 677 1053 καὶ
700 1027 829 1062 γοητείας
843 1028 928 1063 ῥητῆς

147 1078 177 1096 τε
198 1071 245 1096 καὶ
270 1071 389 1106 ἀρρήτου
410 1071 505 1103 Θυσίας
526 1073 670 1108 τερατείαν
692 1073 764 1106 ἄγων
787 1072 847 1108 [ηιδ.
867 1073 928 1105 573,

147 1124 173 1149 p.
188 1116 252 1148 επ,
268 1116 294 1149 1,
314 1124 362 1143 om.
383 1117 486 1153 ἄγων],
505 1118 646 1154 οἰκονομίᾳ
659 1118 730 1154 θείᾳ,
748 1119 792 1145 ἵνα
809 1119 882 1145 πᾶσα
900 1120 928 1145 ὲν

146 1161 229 1197 ὀλίγῳ
255 1163 469 1198 συγκαταλυθείη
493 1163 570 1199 αὐτῷ
594 1164 661 1200 θύτῃ
679 1164 727 1190 καὶ
747 1164 857 1200 τελευτῇ
875 1164 929 1190 τῶν

146 1208 285 1235 τοιούτων.

179 1262 238 1289 Col.
260 1263 311 1290 676
330 1263 351 1289 B
379 1263 405 1290 9.
433 1264 546 1298 ’Ὠσπερ
571 1264 695 1298 ψάμμου
724 1265 818 1298 ποδὸς
852 1267 929 1293 ὑπο-

146 1309 496 1345 σπιισθείσης.Ἒπείπερ,
511 1310 596 1346 λεπτὴ
609 1311 702 1345 ὥσπερ
714 1312 786 1342 κόνις
799 1312 831 1338 ὲκ
844 1312 931 1344 λιθίας

147 1354 248 1389 μικρᾶς
263 1354 453 1390 διωρισμένης,
466 1356 524 1396 αλλ’
539 1357 569 1382 οὐ
586 1357 699 1392 συνεχὴς
715 1358 731 1392 ή
744 1357 868 1393 ψάμμος,
884 1359 930 1384 καὶ

147 1398 177 1425 οὐ
195 1398 272 1433 βᾴσιν
284 1398 382 1434 ἔχουσα
392 1399 436 1426 διὰ
450 1401 528 1426 τοῦτο
543 1401 666 1436 στερεὰν,
689 1401 749 1427 οὐδὲ
763 1401 844 1436 πῆξιν
867 1403 930 1429 ἀντ-

148 1444 296 1480 ερείδοντος
313 1445 342 1471 ὲν
354 1445 421 1481 αὐτῇ
435 1445 481 1472 τοῦ
495 1447 583 1478 ποδὸς,
601 1448 754 1473 ὑποσπᾶται
771 1448 807 1483 μὴ
823 1449 932 1482 ὑφιστα-

147 1491 217 1526 μένη
234 1492 409 1518 σκεδάννυται
426 1494 458 1528 τῇ
475 1493 586 1529 διεχείᾳ,
602 1494 649 1520 καὶ
663 1495 702 1525 εἰς
723 1495 844 1521 τούπίσω
861 1495 929 1529 μᾶλ-

147 1535 192 1562 λον
205 1536 221 1570 ἢ
236 1536 425 1572 τοΰμπροσθεν
441 1537 532 1572 βάλλει
546 1539 591 1564 τὸν
607 1539 755 1573 ὁδοιπόρον.

182 1590 251 1617 Ibid.
269 1590 288 1617 C
303 1592 328 1618 8.
350 1591 400 1623 Ἐξ
415 1592 607 1626 ὑπερδεξίων.
635 1593 680 1624 Ὠς
694 1593 726 1619 ἄν
740 1602 781 1625 τις
797 1593 870 1620 εἴποι
887 1594 929 1619 δε-
944 1567 965 1595 C

150 1635 212 1667 ξιῶς
226 1635 342 1670 ἑχόντων
364 1637 410 1663 καὶ
431 1637 591 1672 ἐπιτηδείων
606 1638 652 1664 καὶ
666 1638 734 1673 πρὸς
753 1639 857 1673 ἄμυναν
874 1640 930 1665 ἐπι-

148 1681 258 1712 δεξίων·
272 1681 382 1708 τοιαῦτα
397 1682 425 1708 δὲ
448 1681 482 1708 τὰ
503 1683 686 1718 ὑπερκείμενα
707 1684 792 1718 χωρία
811 1684 857 1710 καὶ
874 1685 930 1714 τοῖς

151 1725 274 1761 βάλλουσι
297 1727 344 1753 καὶ
359 1727 521 1761 μαχομένοις
537 1727 697 1762 εὐεπίφορα.
717 1729 793 1754 Δυεῖν
807 1727 862 1761 γὰρ
882 1729 930 1754 πό-

149 1770 215 1797 λεων
243 1771 457 1806 ὑπερκειμένων,
482 1771 511 1803 ἐξ
528 1768 565 1798 ὧν
582 1771 635 1798 ἔδει
650 1772 819 1806 ἑκατέρωθεν
836 1772 929 1807 βάλλε-

151 1815 210 1842 σθαι
228 1816 290 1847 τοὺς
306 1816 500 1850 ὖποκειμένους
513 1816 560 1842 καὶ
577 1816 690 1851 ποταμῷ
703 1816 778 1851 μέσῳ
791 1817 929 1847 πλέοντας,

150 1860 202 1895 πρὸ
218 1860 363 1894 ὀφθαλμῶν
377 1860 471 1886 λοιπὸν
489 1860 577 1887 αὐτῶν
590 1860 624 1886 τὰ
639 1860 745 1896 πέρατα
758 1861 804 1887 καὶ
816 1860 846 1886 τὸ
855 1860 930 1892 τέλος

148 1906 195 1932 τοῦ
213 1905 335 1941 ὀλέθρου.

184 1962 250 1989 Ibid.
267 1962 311 1990 12.
333 1962 520 1997 Ἀποῤῥήξας
533 1963 582 1989 καὶ
605 1963 798 1997 περιαγαγών.
815 1963 868 1989 Τοῦ
883 1972 931 1989 πο-

150 2008 237 2043 ταμοῦ
258 2008 403 2042 ἀποτεμὼν
431 2009 513 2044 μέρος
528 2009 574 2034 καὶ
596 2008 763 2043 ἀπορρήξας,
783 2009 829 2035 καὶ
846 2008 884 2039 ὠς
902 2009 930 2034 ὲν

150 2054 242 2089 κύκλῳ
265 2054 441 2088 περιαγαγὼν
467 2055 514 2081 καὶ
536 2054 727 2089 περικάμψας·
748 2055 764 2089 ἡ
788 2053 842 2089 γὰρ
862 2055 931 2088 περί

151 2100 277 2135 πρόθεσις
292 2099 382 2135 κύκλῳ
395 2100 442 2126 καὶ
452 2100 482 2126 οὐ
499 2100 558 2127 κατ’
576 2099 683 2127 εὐθεῖαν
695 2100 743 2135 τὴν
757 2100 867 2134 ἀγωγὴν
882 2101 931 2135 ὲμ-

151 2146 249 2180 φαίνει.

187 2202 245 2230 Col.
260 2202 311 2229 677
325 2203 347 2228 Α
367 2203 393 2229 5,
411 2203 491 2229 Κατὰ
510 2202 647 2236 μετώπου
664 2202 697 2228 δὲ
716 2202 857 2229 ἵστασθαι
880 2202 930 2228 καὶ

151 2247 347 2274 κινδυνεύειν.
378 2247 410 2274 Ἦ
427 2248 546 2283 Περσικὴ
563 2247 676 2282 δύναμις
698 2248 767 2274 κατὰ
789 2248 932 2282 πρόσωπον

153 2293 276 2320 ἵστασθαι
289 2294 335 2319 καὶ
359 2293 492 2328 μάχεσθαι
511 2294 560 2319 οὐκ
575 2293 643 2327 ᾣετο
660 2293 714 2318 δεῖν
726 2293 787 2328 δίχα
811 2293 930 2327 μεγάλης

152 2339 282 2373 ἀνάγκης,
294 2339 490 2374 ἐνυπάρχοντος
503 2339 570 2373 αὐτῇ
581 2339 613 2364 ὲκ
627 2339 783 2374 περιουσίας
798 2338 845 2364 καὶ
858 2338 932 2364 ἀκιν-

152 2383 236 2415 δύνως
251 2385 371 2418 κρατεῖν.

187 2438 254 2466 Ibid.
267 2439 293 2465 5.
316 2439 363 2465 Ἐκ
384 2438 418 2465 δὲ
435 2438 493 2465 τῶν
506 2439 608 2473 λόφων
628 2439 676 2466 καὶ
699 2438 757 2465 τῶν
776 2437 891 2465 στενῶν

153 2484 302 2516 παρείκοι.
327 2483 454 2509 Τουτέστι
473 2482 606 2517 βάλλουσα
627 2483 673 2508 καὶ
693 2480 851 2516 τοξεύουσα],
867 2480 932 2506 ὃπου

153 2529 186 2556 ἃν
205 2530 335 2564 ἐγχωρεῖν
352 2529 438 2555 ἐδόκει
457 2528 608 2559 ἀκινδύνως
622 2527 710 2554 ἐνίκα,

188 2574 256 2602 Ibid.
262 2574 282 2600 Β
293 2574 319 2600 2.
332 2574 441 2607 Τὸνιὲπὶ
448 2573 602 2600 Βαϐυλῶνι
610 2573 683 2606 πρὸς
690 2573 786 2606 Κύρον
793 2569 934 2604 Ζώπυρον

151 2618 364 2653 μιμησάμενος.
384 2618 512 2654 Ζώπυρος
525 2618 581 2654 (54)
595 2615 670 2649 οὗτος
684 2617 856 2652 ὑπασπιστὴς
871 2617 929 2643 Κυ-

187 2728 243 2763 (55)
255 2728 295 2765 En
310 2728 433 2765 Gregorii
448 2729 531 2765 verba
551 2739 558 2757 :
573 2729 606 2756 ἵν’
623 2731 637 2756 ὅ
653 2738 735 2765 φησιν
748 2730 765 2764 ἡ
786 2727 932 2765 τραγῳδία.

156 2764 192 2798 μὴ
200 2763 321 2795 ὀνειδίζω
333 2764 382 2795 τὰς
396 2763 488 2798 τύχας.
504 2764 536 2790 Et
551 2765 642 2799 reipsa
655 2763 765 2793 orestes
781 2765 820 2790 ait
837 2764 863 2790 in
876 2767 932 2789 tra-

153 2798 242 2833 goedia
257 2806 317 2834 quae
332 2799 392 2833 ejus
407 2800 517 2826 nomine
532 2798 703 2832 inscribitur,
722 2799 801 2826 initio
820 2807 827 2825 :

211 2862 240 2889 ὀ
253 2862 308 2897 map
317 2862 473 2897 μακάριος.
485 2864 560 2890 κούκ
576 2863 704 2894 ὀνειδίζω
713 2864 816 2897 τύχας,

203 2897 271 2932 Διὸς
288 2898 438 2932 πεφυκὼς,
453 2899 492 2931 ὡς
507 2898 640 2933 λέγουσι,
656 2898 813 2931 Τάντανος.

978 937 1088 964 tionem.
1100 933 1135 960 Ut
1151 933 1174 959 si
1187 931 1286 959 Persas
1294 934 1444 965 superaret,
1454 931 1612 957 universum
1626 931 1761 959 Christia—

978 988 1077 1009 norum
1109 985 1195 1014 genus
1221 977 1273 1005 sub
1295 977 1446 1004 daemonum
1464 981 1624 1011 potestatem
1652 978 1760 1012 redige-

978 1032 1030 1059 ret,
1046 1026 1119 1054 omni
1146 1024 1322 1053 divinationis
1351 1027 1378 1050 et
1401 1023 1609 1057 praestigiarum,
1627 1023 1759 1052 dicendo-

978 1081 1094 1108 rumque
1110 1076 1137 1099 et
1159 1070 1336 1098 tacendorum
1363 1068 1559 1095 sacriﬁciorum
1583 1069 1703 1095 vanitate
1732 1069 1761 1096 in

979 1126 1063 1146 unum
1074 1117 1198 1147 collecta,
1211 1114 1328 1150 quadam
1338 1113 1383 1141 Dei
1397 1112 1580 1148 providentia,
1595 1117 1624 1139 ut
1634 1114 1760 1142 universa

978 1172 1010 1191 ea
1027 1162 1109 1190 simul
1131 1167 1192 1187 cum
1218 1159 1277 1194 ipso
1293 1157 1450 1193 hujusmodi
1473 1165 1563 1185 rerum
1583 1157 1708 1185 sacriﬁco
1733 1162 1762 1186 et

980 1208 1118 1235 initiatore
1135 1205 1281 1232 deleretur.

1021 1264 1094 1291 Velut
1120 1270 1201 1289 arena
1229 1260 1336 1294 pedibus
1361 1259 1507 1286 subtracta.
1533 1259 1625 1287 Arena
1659 1260 1763 1296 quippe

979 1311 1070 1339 tenuis
1089 1309 1197 1344 quidem
1212 1313 1254 1334 est
1271 1310 1300 1332 ut
1317 1305 1419 1340 pulvis,
1433 1313 1488 1332 non
1504 1309 1593 1333 autem
1608 1305 1760 1337 cohaerens.

981 1361 1010 1384 ut
1028 1363 1088 1391 qua:
1102 1362 1135 1382 ex
1150 1352 1306 1388 perexiguis
1327 1351 1426 1385 lapillis
1447 1354 1607 1378 coacervata
1631 1351 1682 1383 sit.
1697 1359 1762 1386 pro-

981 1407 1128 1437 ptereaque
1154 1398 1223 1425 nihil
1241 1397 1347 1424 lirmum
1373 1403 1405 1423 ac
1431 1395 1548 1423 solidum
1574 1395 1690 1428 habeat,
1716 1396 1762 1423 ubi

980 1453 1092 1483 gressus
1103 1444 1148 1479 ﬁgi
1165 1443 1272 1478 possit;
1287 1441 1324 1468 ita
1340 1445 1369 1468 ut
1387 1440 1526 1475 impresso
1548 1439 1609 1475 pedi
1634 1448 1694 1468 sese
1704 1440 1762 1475 ipsa

982 1492 1126 1520 subducat,
1142 1488 1284 1519 diducens,
1300 1490 1382 1520 atque
1398 1485 1425 1512 in
1439 1488 1546 1520 tergum
1567 1484 1660 1520 potius
1681 1493 1762 1520 quam

983 1538 1010 1565 in
1027 1537 1145 1563 frontem
1160 1534 1293 1560 viatorem
1306 1531 1406 1557 mittat.

1017 1592 1041 1618 Ε
1054 1592 1110 1618 loco
1125 1588 1263 1624 superiori.
1282 1586 1433 1614 Scilicetex
1449 1584 1611 1618 commodis,
1628 1588 1712 1620 atque
1729 1584 1763 1612 ad

981 1636 1171 1664 defensionem
1203 1631 1322 1660 maxime
1353 1630 1460 1657 idoneis
1494 1629 1572 1657 locis.
1600 1629 1664 1657 Haec
1691 1630 1762 1658 enim

980 1683 1053 1711 edita
1068 1682 1128 1709 loca
1147 1679 1182 1707 ad
1210 1678 1362 1708 feriendum
1381 1676 1651 1711 propulsandumque
1669 1677 1764 1704 admo-

981 1729 1045 1755 dum
1060 1725 1214 1754 c0nnnoda.
1236 1723 1301 1750 Duas
1314 1723 1388 1750 enim
1404 1722 1486 1749 urbes
1495 1722 1665 1753 eminebant,
1677 1729 1692 1749 e
1702 1721 1764 1757 qui-

981 1774 1033 1800 bus
1049 1779 1161 1799 necessc
1176 1773 1235 1797 erat
1251 1769 1380 1802 utrinque
1396 1768 1457 1795 telis
1478 1768 1535 1803 peti
1557 1767 1604 1802 qui
1625 1767 1654 1794 in
1676 1766 1765 1793 humi-

984 1819 1100 1846 lioribus
1116 1817 1185 1844 locis
1199 1820 1278 1843 erant
1302 1821 1334 1841 ac
1353 1813 1453 1840 ﬁumen
1475 1812 1603 1847 trajicere
1622 1812 1764 1840 conaban-

986 1869 1031 1891 tur
1049 1873 1055 1891 :
1074 1863 1110 1890 ita
1123 1866 1153 1889 ut
1175 1861 1214 1887 illi
1256 1863 1319 1887 ante
1340 1859 1435 1885 oculos
1458 1858 1525 1884 nihil
1548 1857 1601 1884 nisi
1615 1857 1763 1892 perniciem

985 1913 1144 1943 certamque
1164 1913 1258 1934 necem
1275 1904 1488 1939 prospiciebant.

1021 1965 1087 1992 Cum
1098 1963 1242 1997 dirupiaset
1255 1969 1286 1987 ac
1305 1959 1535 1986 circumduxisset.
1557 1958 1639 1985 Parte
1660 1958 1765 1986 scilicet

989 2010 1062 2037 ﬁuvii
1082 2009 1195 2044 pracisa
1210 2007 1380 2040 abductaque
1390 2010 1416 2032 et
1430 2006 1509 2040 quasi
1533 2005 1560 2032 in
1582 2005 1686 2032 circulo
1710 2006 1765 2032 cir-

981 2055 1124 2082 cumducta
1140 2056 1166 2080 et
1182 2052 1290 2079 innexa.
1306 2050 1469 2085 Praepositio
1482 2051 1555 2077 enim
1576 2050 1640 2085 περί
1662 2050 1763 2077 circui-

982 2103 1050 2129 tuni,
1065 2105 1118 2124 non
1135 2100 1236 2123 rectam
1252 2094 1432 2122 directionem
1448 2094 1559 2122 indicat.

1019 2197 1137 2223 Adversa
1163 2193 1268 2230 quidem
1292 2194 1348 2220 acie
1369 2193 1421 2220 sibi
1441 2195 1564 2220 standum
1573 2197 1598 2220 et
1617 2194 1764 2228 periculum

950 2230 970 2256 D
985 2242 1069 2269 adire.
1085 2241 1199 2268 Persica:
1214 2239 1300 2274 copiae
1315 2239 1429 2266 adversa
1449 2240 1507 2266 acie
1520 2239 1574 2266 sibi
1592 2240 1720 2267 standum
1736 2246 1763 2268 et

985 2286 1179 2315 decertandum
1191 2293 1245 2312 non
1262 2288 1438 2320 putaverunt,
1459 2285 1513 2311 nisi
1530 2292 1626 2319 magna
1641 2287 1764 2313 necessi-

988 2337 1043 2360 tate
1055 2335 1177 2367 urgente,
1192 2338 1255 2358 cum
1268 2330 1343 2357 nullo
1357 2330 1466 2365 negotio
1484 2337 1517 2357 ac
1536 2330 1696 2359 discrimine
1708 2332 1766 2359 vic-

985 2379 1083 2406 toriam
1097 2377 1220 2404 obtinere
1235 2375 1340 2402 liceret.

1022 2434 1045 2460 E
1056 2433 1164 2460 tumulis
1175 2437 1200 2459 et
1219 2432 1336 2458 locorum
1356 2432 1486 2466 angustiis
1497 2452 1503 2464 ,
1516 2436 1561 2458 ubi
1577 2432 1694 2466 facultas
1714 2433 1766 2460 da-

986 2486 1069 2507 retur.
1086 2479 1113 2506 Id
1136 2483 1178 2506 est
1205 2478 1257 2505 tela
1277 2481 1304 2504 et
1330 2479 1446 2512 sagittas
1469 2477 1645 2512 dejicientes,
1672 2477 1717 2505 ubi
1739 2479 1766 2506 id

987 2526 1097 2560 impune
1115 2523 1174 2551 ﬁeri
1185 2523 1336 2550 videretur.

1023 2569 1120 2604 Zopyri
1135 2568 1207 2595 illius
1226 2576 1288 2602 erga
1298 2567 1406 2602 Cyrum.
1419 2568 1447 2594 in
1461 2567 1606 2603 Babylonis
1619 2568 1764 2600 obsidione,

988 2613 1091 2647 facinus
1112 2612 1241 2639 imitatur.
1263 2611 1386 2646 Zopyrus
1407 2611 1453 2639 ille
1475 2611 1539 2647 Cyri
1566 2613 1683 2646 armiger
1708 2622 1767 2642 erat

1020 2724 1059 2751 Ex
1081 2724 1134 2751 hoc
1157 2723 1252 2751 Basilii
1271 2725 1332 2752 loco
1356 2723 1554 2758 expungendus
1575 2724 1628 2751 erit
1644 2725 1670 2751 in
1690 2728 1767 2753 textu

981 2758 1110 2794 Gregorii
1120 2759 1254 2794 articulus
1265 2759 1314 2790 τάς
1330 2760 1403 2793 quod
1420 2759 1623 2794 hemistichium
1641 2759 1766 2794 impedit.

1021 2793 1077 2829 (54)
1094 2793 1193 2828 Zopyri
1211 2792 1363 2829 historiam
1373 2797 1468 2829 narrat
1482 2792 1636 2829 Herodotus
1647 2792 1703 2826 (uti,
1716 2794 1768 2822 155

983 2827 1185 2863 sqq.).Lapsiis
1196 2832 1238 2855 est
1253 2827 1403 2863 Gregorius
1418 2827 1516 2863 Cyrum
1530 2836 1581 2863 pro
1594 2828 1680 2856 Dario
1694 2831 1764 2857 scri-

988 2864 1056 2902 bens
1069 2884 1076 2896 ,
1095 2863 1180 2902 quod_
1196 2866 1307 2902 secutus
1328 2867 1370 2902 est
1388 2863 1529 2902 _Basilius;
1551 2869 1580 2892 at
1605 2864 1768 2893 scholiastcs

988 2897 1147 2927 Montacutii
1162 2898 1272 2926 Darium
1287 2897 1418 2926 restituit.
