2046 3131
277 145 345 174 1135

945 147 1065 177 BASILII
1081 147 1192 181 MlNlMl

1822 155 1890 183 H36

274 202 439 238 Babylonem
461 202 622 231 obsidentis.
637 204 734 239 Quem,
749 212 811 231 cum
824 212 884 232 eam
900 213 1051 242 oppugnare

1110 214 1156 242 ρου
1201 206 1302 239 τελῶν,
1338 207 1544 243 πολιορκοῦντος
1579 208 1725 237 Βαϐυλῶνα
1758 210 1805 241 ui.
1841 213 1891 248 οὐχ

275 248 386 276 minime
404 253 505 283 posset,
520 249 598 281 adiit,
610 250 685 278 urbis
704 251 931 286 oppugnationem
951 252 1057 286 pollici-

275 297 330 320 tus.
347 293 386 320 Ac
400 301 430 321 sc
446 294 534 328 ipsum
557 294 628 322 foede
651 294 820 327 dilacerans,
843 295 877 322 ad
895 295 1057 331 Babylonios

275 339 431 374 transfugit.
450 340 530 375 quasi
541 339 611 376 Cyro
630 340 747 368 maxime
762 340 954 376 infensus,qui
967 341 1055 376 ipsum

274 385 343 411 adeo
358 385 496 413 atrocibus
513 386 601 421 plagis
626 387 850 420 excruciavisset,
877 388 1055 422 corporisque

274 430 475 458 mutilationem
491 432 649 459 ostendens.
663 432 703 459 llli
717 441 782 460 vero
802 433 862 460 istis
875 433 953 460 fidem
979 433 1056 460 adhi-

275 475 370 503 bentes
385 480 411 504 et
428 476 523 504 fraude
539 478 656 512 decepti.
670 479 748 506 inscii
768 479 874 514 seipsos
889 483 916 507 et
937 479 1055 515 Babylo-

274 529 335 549 nem
351 521 457 558 Zopyro
470 527 497 550 et
513 522 585 558 Cyro
602 525 784 552 tradiderunt.

308 622 345 648 Ac
356 622 426 648 risus
444 621 548 656 insuper
572 622 720 651 accedebat.
746 623 917 657 Quibusnam
940 625 1054 652 accede-

272 668 335 695 bat?
348 667 449 702 Nempe
467 667 602 695 hostibus.
619 668 832 697 Persuadentine
842 669 854 696 ?
865 670 907 697 vel
924 677 1056 704 persuaso

272 718 299 741 et
313 713 468 741 exercitui?
486 713 626 745 Hostibus.
654 716 777 751 inquam,
804 716 877 744 risus
899 716 1054 749 accedebat,

272 767 334 788 cum
350 760 406 796 jam
422 761 450 789 in
469 767 501 788 eo
514 765 606 788 essent
622 766 650 789 ut
674 769 820 797 persuasos
853 762 1023 791 trucidarent
1047 773 1053 791 :

275 813 346 840 quos
364 806 435 833 enim
456 806 508 834 sibi
527 807 595 842 ipsis
612 812 726 836 mortem
742 808 1057 842 consciscerevidebant,

271 851 463 887 propriamque
474 853 589 880 salutem
606 853 667 888 igne
683 850 884 889 conflagrantes
896 875 904 888 ,
920 854 1057 890 quomodo

272 903 397 932 poterant
418 907 473 926 non
504 899 614 927 ridere?
633 900 711 933 Quod
738 901 848 936 quidem
869 908 919 936 pro
942 901 1006 936 joco
1029 905 1056 929 et

271 943 330 971 risu
355 943 520 978 habendum,
542 945 694 973 credidisse
714 946 823 974 scilicet
848 946 1009 982 Apostatam
1029 950 1057 974 et

271 996 336 1017 suos
368 996 382 1015 a
408 989 462 1017 Deo
493 989 628 1018 dementia
651 991 802 1026 perculsos,
828 991 906 1027 quasi
926 998 1057 1027 superva-

271 1041 353 1064 cuum
369 1043 438 1063 onus
451 1036 606 1070 rejicientes
629 1041 657 1064 et
693 1037 811 1066 celerius
834 1045 916 1074 quam
937 1045 997 1073 qua:
1022 1046 1056 1065 cx

270 1081 400 1116 opinione
415 1081 542 1116 praedicta
555 1085 645 1116 erant,
661 1083 780 1110 evenire.

307 1221 439 1249 Nonnulli
457 1223 526 1249 enim
558 1231 574 1249 a
600 1223 689 1251 Persia
718 1232 777 1251 eum
796 1225 889 1259 jaculo
918 1226 1054 1260 conﬁxum

268 1268 350 1302 fuisse
364 1268 448 1294 aiunt.
465 1267 579 1301 Quidam
591 1269 662 1296 enim
671 1277 733 1296 eum
750 1271 894 1298 temerario
906 1279 937 1298 ac
950 1271 1055 1299 furioso

269 1313 372 1347 impetu
389 1313 442 1340 huc
458 1318 540 1348 atque
555 1314 619 1341 illuc
646 1320 771 1342 ruentem
795 1315 867 1342 idem
891 1317 963 1352 quod
983 1317 1054 1353 Cyro

270 1358 437 1393 Parysatidis
452 1359 507 1386 filio
529 1360 745 1395 Artaxerxisque
774 1361 852 1388 fratri
867 1362 975 1396 accidit,
989 1371 1055 1398 pas-

269 1412 330 1431 sum
347 1404 431 1432 fuisse
446 1405 533 1432 aiunt.
547 1404 596 1432 llic
625 1407 697 1433 enim
720 1407 818 1442 Cyrus,
844 1408 891 1435 sed
913 1416 968 1435 non
994 1417 1053 1436 ma-

268 1458 349 1486 gnus.
373 1451 546 1485 congregatis
566 1450 659 1478 decem
688 1451 844 1480 Graecorum
869 1454 1002 1488 millibus,
1025 1455 1052 1482 in

271 1496 373 1529 quibus
387 1495 537 1530 Xenophon
550 1495 634 1531 Grylli
649 1496 731 1530 lilius,
748 1502 778 1524 ut
795 1498 839 1525 ille
851 1498 908 1532 ipse
920 1499 947 1525 in
963 1499 1053 1526 suade

1072 876 1093 906 Β

1107 252 1163 278 οἵου
1184 260 1214 278 τε
1230 252 1306 283 ὄντος
1323 251 1403 284 ἐλείν,
1429 253 1586 288 προσελθὼν
1612 255 1706 291 Κύρῳ,
1722 255 1892 291 ὑπισχνεῖται

1105 297 1155 333 τὴν
1172 297 1288 324 ἅλωσιν·
1313 298 1361 324 καὶ
1383 298 1415 334 δὴ
1430 299 1605 334 αἰκισάμενος
1619 300 1724 333 ἑαυτὸν,
1746 302 1893 338 αὐτομολεῖ

1106 341 1300 374 Βαϐυλωνίοις,
1326 342 1363 375 ὡς
1382 343 1413 378 δή
1424 345 1687 380 τιπροσκεκρουκὼς
1705 345 1805 382 Κύρῳ,
1827 347 1843 373 ὸ
1862 347 1892 374 δὲ

1106 386 1237 413 αἰκίσαιτο
1258 388 1318 419 ταῖς
1339 389 1511 421 ἀνυποίστοις
1534 390 1646 423 ταύταις
1671 391 1768 424 αὑτὸν,
1797 393 1890 429 φησιν,

1107 431 1201 467 [CoirL
1222 433 1303 459 ἀνυπ.
1324 433 1435 466 ταύταις
1453 435 1550 471 φησ.],
1568 436 1687 469 αίκίαις,
1713 438 1819 470 δεικνὺς
1842 438 1891 474 τὴν

1106 476 1151 503 τοῦ
1169 476 1293 512 σώματος
1306 477 1395 515 λώϐην
1408 487 1414 493 ·
1427 479 1451 505 οἱ
1464 479 1492 506 δὲ
1502 482 1562 516 ταῖς
1578 481 1714 514 τοιαύταις
1727 483 1892 511 πιστεύσαν-

1105 530 1151 553 τες
1173 522 1221 548 καὶ
1240 523 1441 558 τεθαρρηκότες
1459 524 1593 557 ἀπάταις,
1615 525 1709 552 ἔλαθον
1733 527 1847 560 ἑαυτούς
1861 536 1892 554 τε

1106 567 1304 603 προδεδωκότες
1318 568 1365 595 καὶ
1378 569 1523 595 Βαϐυλῶνα
1538 571 1660 606 Ζωπύρῳ
1671 571 1717 598 καὶ
1732 572 1826 607 Κύρῳ.

1143 623 1209 651 Ibid.
1233 623 1253 651 C
1273 625 1317 651 1‘2.
1331 624 1387 652 Καὶ
1405 625 1549 659 προσῆνό
1568 627 1670 662 γέλως.
1692 628 1753 655 Τίσι
1768 630 1892 664 προσῆν;

1109 666 1164 704 ἄρα
1177 671 1233 701 τοῖς
1255 669 1412 705 πο).εμίοις;
1430 671 1447 706 ἢ
1469 671 1508 706 τῷ
1524 671 1718 707 βουλεύσαντι;
1738 674 1755 709 ἢ
1775 674 1815 709 τῷ
1831 683 1891 701 mt-

1107 714 1194 741 σθέντι
1209 716 1256 742 καὶ
1274 717 1306 751 τῇ
1328 718 1461 752 στρατιᾷ;
1477 718 1539 749 Τοῖς
1562 719 1712 754 πολεμίοις,
1732 718 1826 755 οἶμαι,
1842 730 1891 748 κα-

1105 760 1225 794 τάγελως
1249 759 1293 797 ἦν,
1319 762 1412 798 ἐπειδὴ
1435 763 1513 799 καὶὴ
1539 765 1630 800 σφαγὴ
1645 765 1677 792 οὐ
1704 766 1813 802 μακρὰν
1837 768 1892 794 τῶν

1107 808 1327 835 πεπιστευκότων
1339 816 1345 824 '
1361 809 1520 845 αὐτόχειρας
1535 811 1589 846 γὰρ
1606 812 1654 846 τῆς
1665 812 1768 840 ἑαυτῶν
1783 813 1893 848 σφαγῆς

1106 852 1252 886 γεγονότας
1274 853 1437 888 ἑωρακότες,
1453 855 1500 882 καὶ
1520 854 1614 891 [CoisL
1633 865 1685 884 om.
1709 857 1767 894 καὶ]
1781 858 1832 894 τὴν
1846 859 1893 886 αὑ-

1106 896 1160 923 τῶν
1177 898 1312 933 σωτηρίαν
1332 899 1399 933 πυρὶ
1424 900 1647 936 παραδεδωκότας
1660 921 1667 935 ,
1684 902 1744 935 πῶς
1759 904 1791 930 οὐ
1807 913 1892 932 κατα-

1106 941 1188 977 γελᾷν
1203 943 1275 974 εἰκὸς
1286 940 1338 979 ἧν;
1355 944 1474 972 Ἔστιδέ
1487 947 1556 972 νοεῖν
1571 947 1618 973 καὶ
1632 947 1670 980 ὡς
1685 948 1715 975 ὲν
1728 949 1827 985 παιδιᾷ
1842 951 1890 977 καὶ

1105 987 1204 1022 γέλωτι
1221 987 1294 1023 ἔχειν
1317 989 1347 1016 τὸ
1361 990 1470 1024 γεγονὸς
1481 1011 1488 1024 ,
1504 992 1549 1018 τόν
1568 1001 1598 1019 τε
1624 994 1810 1025 πιστεύσαντα
1827 995 1889 1031 [πιε-

1106 1034 1159 1061 575
1178 1035 1224 1061 τὸν
1238 1035 1326 1070 πιστ.]
1346 1036 1514 1073 Ἀποστάτην
1530 1039 1592 1071 τοὺς
1613 1040 1661 1067 σὺν
1684 1041 1759 1076 αὐτῷ
1780 1041 1892 1070 θεοϐλα-

1106 1079 1167 1115 6είᾳ.
1185 1079 1341 1116 βληθέντας,
1358 1081 1396 1113 ὡς
1409 1084 1535 1119 περιττὸν
1549 1085 1646 1120 φόρτον
1662 1086 1889 1123 ἀποσεισαμένων

1106 1124 1168 1160 [ιη’.
1180 1126 1230 1153 575
1238 1128 1464 1166 ἀποσεισάμενον]
1473 1131 1519 1156 καὶ
1532 1131 1628 1158 ϐᾶττον
1642 1134 1704 1166 (ms.
1719 1133 1772 1161 575
1782 1142 1810 1170 p.
1821 1135 1890 1170 271)

1105 1171 1158 1198 τῶν
1171 1173 1240 1200 κατά
1251 1173 1362 1209 γνώμην
1376 1175 1606 1211 προηγγελμένων
1622 1178 1770 1213 ἐπιτυχεῖν.

1145 1227 1204 1254 Col.
1221 1229 1274 1256 680
1290 1230 1310 1256 A
1333 1231 1360 1257 4.
1389 1232 1421 1257 (Il.
1435 1231 1493 1266 μὲν
1510 1233 1565 1267 γὰρ
1590 1234 1649 1260 ὑπὸ
1670 1235 1794 1269 Περσῶν
1822 1245 1890 1264 κατ-

1104 1275 1279 1305 ηκοντίσθαι
1291 1277 1394 1309 φασιν.
1404 1276 1552 1309 Ἀτάκτοις,
1566 1280 1656 1314 φησιν,
1672 1281 1817 1317 ἐκδρομαῖς
1827 1283 1890 1318 τῇδε

1104 1319 1215 1346 κάκεῖσε
1231 1321 1278 1347 σὺν
1292 1321 1429 1358 ἐμπληξίᾳ
1445 1322 1540 1358 [Cois].
1555 1325 1704 1362 ἐκπληξίᾳ]
1727 1328 1890 1364 φερόμενον,

1103 1364 1194 1399 ὅμοιόν
1205 1374 1229 1392 τι
1243 1367 1401 1394 πεπονθέναι
1414 1368 1496 1404 Κύρῳ
1506 1369 1545 1405 τῷ
1557 1371 1749 1406 Παρυσάτιδος,
1763 1375 1811 1402 καὶ
1827 1376 1890 1412 ’Δρο

1103 1409 1231 1445 ταξέρξου
1247 1411 1367 1447 ἀδελφῷ·
1382 1410 1456 1445 οὗτος
1470 1414 1524 1450 γὰρ
1539 1416 1554 1442 ό
1568 1415 1668 1452 Κῦρος.
1683 1419 1739 1444 ἀλλ’
1754 1420 1802 1455 οὐχ
1813 1421 1828 1447 ό
1841 1409 1889 1457 es-

1103 1463 1164 1488 γας,
1187 1456 1355 1483 συνανελθὼν
1372 1458 1441 1492 μετὰ
1456 1461 1560 1495 μυρίων
1588 1461 1733 1498 Ἑλλήνων,
1746 1466 1774 1492 ἐν
1789 1463 1830 1498 οἷς
1844 1467 1891 1493 καὶ

1103 1500 1226 1547 ξενοφῶν
1252 1503 1266 1528 ὁ
1286 1503 1405 1539 Γρύλλου
1417 1524 1423 1536 ,
1443 1506 1482 1538 ὡς
1498 1507 1578 1539 αὐτὸς
1596 1510 1698 1542 ἐκεῖνος
1713 1511 1742 1538 ἐν
1761 1513 1793 1547 τῇ
1817 1514 1890 1541 Ἀνα-

266 1540 329 1575 Cyri
348 1540 519 1575 expeditione
533 1541 649 1568 historia
665 1547 769 1574 narrat,
783 1542 859 1569 fratri
875 1543 902 1569 in
927 1544 985 1571 acie
1005 1552 1051 1572 oc-

1103 1545 1181 1573 δάσει
1195 1547 1294 1583 γράφει
1308 1567 1315 1580 ,
1331 1549 1418 1576 συνὼν
1434 1550 1528 1586 [CoisL
1548 1554 1644 1590 συνῆν]
1659 1540 1727 1590 μετὰ
1744 1540 1793 1583 «:95
1812 1558 1889 1585 ἀδελ-

267 1584 365 1615 cnrrit,
382 1589 408 1611 et
423 1592 486 1611 cum
501 1592 534 1611 eo
548 1591 722 1619 congressus,
745 1585 858 1620 jamque
872 1586 972 1619 victor,
989 1595 1052 1622 pro-

267 1630 327 1664 prio
344 1630 444 1664 impetu
461 1629 552 1664 lapsus
567 1637 629 1656 cum
646 1629 728 1657 fratre
741 1630 856 1660 interiit.
873 1631 919 1658 Sic
933 1636 962 1659 et
985 1640 1050 1660 eum

267 1675 345 1701 aiunt
359 1674 497 1702 interiisse
512 1683 526 1701 a
539 1674 632 1702 Persis
651 1675 745 1710 jaculo
764 1677 915 1704 conﬁxum.
935 1678 1052 1714 Quoquo

268 1724 356 1746 autem
376 1723 455 1753 pacto
468 1727 510 1746 res
528 1727 558 1747 se
574 1720 682 1752 habeat,
707 1725 735 1747 et
761 1729 776 1748 a
809 1730 864 1757 quo
888 1723 1051 1751 interfectus

267 1764 314 1797 sit,
331 1764 412 1791 letale
425 1768 501 1792 certe
522 1764 637 1800 orbique
655 1765 786 1794 universo
808 1767 927 1795 salutare
951 1769 1051 1798 vulnus

268 1809 378 1844 accipit,
394 1817 426 1836 ac
442 1817 490 1844 per
504 1810 613 1837 unicam
639 1811 803 1839 incisionem
827 1813 974 1841 multorum
995 1815 1052 1842 vis-

267 1863 371 1886 terum,
388 1856 458 1883 male
473 1856 651 1888 creditorum,
670 1857 814 1886 incisionis
842 1867 936 1892 pmnas
960 1861 1050 1888 exsol-

268 1901 319 1927 vit.
332 1900 409 1933 Quod
427 1901 507 1928 etiam
519 1901 609 1936 ipsum
634 1901 815 1930 admiratione
834 1904 956 1939 dignum,
979 1914 1048 1941 quo-

268 1946 349 1973 modo
361 1947 407 1981 qui
427 1954 456 1974 se
470 1954 518 1981 per
535 1947 670 1974 viscerum
696 1949 834 1977 sectiones
853 1951 945 1977 omnia
969 1959 1050 1980 nosse

266 1991 461 2021 arbitrabatur,
481 1992 587 2026 plagam
602 1993 808 2028 sectionemque
824 1994 978 2024 visceribus
991 1998 1049 2025 suis

267 2035 436 2070 inﬂigendam
458 2036 594 2071 ignorarit.

302 2090 453 2125 Tyrannide
465 2091 580 2125 profecto
591 2091 682 2127 digna.
718 2095 861 2122 Jovianuni
890 2096 957 2123 dicit
973 2098 1048 2131 pium

265 2135 355 2162 virum
385 2140 466 2170 atque
494 2136 609 2171 imperio
637 2138 784 2166 admodum
811 2140 933 2175 dignum.
951 2141 1048 2170 .Prisci

265 2182 337 2209 enim
351 2189 428 2216 reges
444 2186 575 2216 tyrannos
593 2184 778 2218 appellabant,
790 2191 817 2212 et
831 2194 944 2222 regnum
956 2192 1048 2223 tyran-

265 2227 366 2254 nidem.
384 2226 481 2255 Postea
499 2232 590 2255 autem
609 2229 757 2258 discrimen
772 2231 829 2258 haec
854 2240 907 2260 vox
929 2234 1046 2269 accepit,

263 2277 295 2299 ut
303 2273 348 2307 qui
363 2280 411 2307 per
423 2273 476 2300 vim
492 2281 525 2301 ac
539 2281 594 2301 non
611 2282 644 2302 ex
661 2275 750 2311 legum
764 2278 926 2313 praescripto
940 2287 984 2308 res
1000 2281 1048 2307 ad-

269 2319 456 2351 ministraret.
478 2323 613 2354 tyrannus
631 2325 790 2355 vocaretur;
819 2330 866 2350 rex
888 2329 989 2358 autem,
1000 2327 1047 2361 qui

264 2365 384 2400 legitime
397 2365 540 2400 imperium
563 2367 738 2401 gubernaret,
755 2373 783 2396 et
804 2370 950 2398 consilium
971 2372 1047 2399 adhi-

261 2411 349 2443 beret,
379 2419 478 2447 resque
494 2413 641 2447 prudenter
660 2418 686 2441 et
701 2415 827 2443 consulte
843 2421 960 2452 gereret.

296 2510 348 2536 Aut
358 2509 433 2536 aliud
450 2511 577 2544 quiddam
591 2520 692 2544 eorum,
710 2521 769 2548 quia
783 2514 857 2548 fama
880 2516 1042 2549 ferebantur,

262 2560 414 2584 metuentes.
435 2556 587 2589 Quaenam?
603 2557 770 2586 Timuerunt
785 2561 860 2588 enim
873 2569 908 2589 ne
919 2561 991 2592 forte
1002 2571 1045 2591 ne-

260 2601 388 2629 cessitate
411 2602 444 2629 ad
471 2601 690 2637 desperationem
715 2606 857 2640 compulsi,
876 2614 908 2634 ac
925 2615 974 2643 per
997 2609 1045 2636 de-

261 2646 445 2682 sperationem
469 2648 599 2676 excitatis
614 2649 724 2682 animis,
755 2650 887 2680 furiosius
902 2653 929 2680 in
941 2661 988 2681 eos
1007 2654 1045 2681 ir-

294 2760 351 2801 (55)
367 2760 397 2788 Si
417 2761 505 2801 reipsa
530 2762 648 2801 Basilius
662 2763 800 2801 in_mente
826 2766 941 2801 habuit,
958 2772 987 2795 ut
1004 2777 1038 2796 ex

258 2794 543 2835 ejus.textu__induci_
557 2801 646 2835 potest
658 2819 665 2831 ,
684 2799 786 2835 Cyrum
809 2805 837 2829 et
857 2794 1038 2831 Artaxerxem

259 2837 313 2870 una
327 2831 353 2856 in
370 2831 461 2870 praatio
475 2833 546 2870 apud
557 2831 808 2865 'Cunaxam'czesos
823 2836 920 2870 fuisse,
938 2846 952 2865 a
971 2846 1038 2868 vero

258 2865 371 2892 multum
390 2866 537 2894 aberravit.

1103 1591 1164 1626 φοῦ,
1184 1593 1340 1628 συμϐαλὼν,
1354 1596 1409 1629 καὶ,
1426 1597 1507 1624 νικῶν
1519 1598 1569 1634 ἤδη
1579 1620 1586 1632 ,
1601 1599 1695 1635 Θράσει
1712 1603 1804 1638 οίκείῳ
1818 1613 1889 1640 συμ-

1102 1637 1192 1685 πεσὼν
1207 1639 1245 1674 τῷ
1264 1640 1371 1677 ἀδελφῷ
1393 1644 1576 1680 συνανῄρηται
1600 1646 1667 1681 (53).
1684 1647 1761 1675 Οῡτω
1840 1637 1889 1678 καὶ

1102 1682 1180 1731 αὲτόν
1197 1692 1276 1717 φασιν
1301 1686 1453 1722 ἀνῃρῆσθαι
1471 1689 1523 1716 ὑπὸ
1541 1691 1653 1726 Περσῶν
1673 1682 1854 1729 βεὸλημένον·
1870 1696 1888 1731 ἢ

1100 1726 1147 1756 οὖν
1170 1729 1257 1762 οὕτως
1277 1731 1292 1766 ῆ
1310 1732 1421 1764 ἐκείνως
1439 1733 1534 1770 [CoisL
1550 1726 1683 1774 éxsivogj,
1701 1726 1822 1774 ὑρίότου
1839 1726 1888 1769 καί

1101 1774 1143 1824 δὴ,
1172 1775 1246 1810 ὅμως
1270 1776 1378 1824 δέχεται
1407 1779 1516 1816 πληγὴν
1547 1783 1656 1818 καιρίαν
1682 1785 1729 1811 καὶ
1747 1787 1828 1814 παντὶ
1849 1788 1888 1824 τῷ

1101 1820 1195 1855 κόσμῳ
1215 1822 1347 1857 σωτήριον
1359 1844 1367 1856 ,
1384 1825 1434 1860 μιᾷ
1458 1826 1545 1863 τόλμῃ
1560 1827 1616 1861 (56)
1637 1831 1764 1864 σφαγέως
1781 1820 1888 1861 πολλῶν

1102 1864 1261 1900 σπλάγχνων
1267 1868 1405 1904 ἀνατομῆς
1416 1871 1509 1903 κακῶς
1519 1873 1718 1901 πιστευθέντων
1725 1877 1888 1914 ἀπαιτηθείς

1100 1911 1251 1946 τιμωρίαν’
1274 1913 1342 1948 ὅπερ
1363 1915 1409 1941 και)¹
1432 1915 1569 1951 θαύματος
1592 1919 1676 1953 ἄξιον,
1701 1921 1774 1953 ὅπως
1798 1911 1888 1953 παντά

1100 1954 1241 1987 γινώσκειν
1257 1957 1378 1992 οίόμενος
1392 1960 1451 1990 ταῖς
1467 1961 1615 1997 ἀνατομαῖς
1626 1985 1633 1996 ,
1654 1965 1703 2000 τὴν
1716 1966 1773 1993 τῶν
1790 1968 1886 1996 ἑαυτοῦ

1102 1999 1261 2035 σπλάγχνων
1277 2004 1392 2038 ἠγνόησε
1407 2006 1494 2042 τομὴν
1512 2007 1558 2033 καὶ
1572 1999 1690 2045 πληγήνι

1134 2097 1191 2126 Col.
1212 2099 1258 2126 681
1279 2101 1297 2127 C
1316 2101 1340 2128 Ι.
1358 2103 1411 2129 Kal
1432 2103 1465 2130 τὸ
1481 2102 1561 2138 εἶδος
1586 2107 1706 2142 ἀληθῶς
1721 2110 1809 2142 ἄξιον
1834 2121 1886 2140 τυ-

1095 2144 1246 2177 ραννίδος.
1270 2146 1396 2173 Ἰοϐιανὸν
1410 2148 1481 2182 λέγει
1494 2150 1575 2185 ἄνδρα
1588 2153 1686 2188 εὐσεϐῆ
1707 2156 1753 2181 καὶ
1770 2157 1800 2182 τὸ
1812 2155 1885 2190 εἶδος

1062 2213 1087 2242 D
1099 2189 1172 2222 ἄξιον
1186 2189 1281 2225 ἔχοντα
1295 2191 1447 2226 βασιλείας·
1461 2196 1524 2227 τοὺς
1538 2197 1591 2232 γὰρ
1606 2198 1724 2232 βασιλεῖς
1737 2201 1762 2228 οἱ
1773 2189 1885 2230 ’παλαιοί⁴

1099 2235 1245 2270 τυράννους
1266 2237 1396 2271 ἐκάλουν,
1422 2241 1468 2266 καὶ
1489 2241 1538 2277 τὴν
1560 2243 1698 2277 βασιλείαν
1721 2248 1863 2282 τυραννίδα
1876 2257 1883 2264 ·

1101 2280 1211 2329 ὕστερον
1223 2283 1277 2318 γὰρ
1289 2284 1419 2320 διαφορὰν
1431 2287 1538 2320 ἐδέξατο
1552 2290 1568 2324 ἡ
1582 2290 1666 2326 φωνὴ,
1678 2291 1724 2318 τὺν
1740 2280 1789 2328 μὲν
1796 2293 1884 2329 βίαιον

1099 2327 1146 2352 καὶ
1163 2327 1199 2362 μὴ
1218 2328 1287 2355 κατὰ
1305 2331 1367 2361 τοὺς
1385 2332 1484 2366 νόμους
1504 2334 1708 2371 πολιτευόμενον
1734 2327 1880 2376 μόναρχον,

1099 2372 1238 2407 τύραννον,
1256 2374 1366 2409 βασιλέα
1380 2377 1419 2409 δὲ,
1434 2377 1478 2405 τὸν
1493 2380 1652 2415 πειθόμενον
1667 2372 1769 2419 νόμοις,
1851 2389 1882 2423 τῇ

1101 2417 1181 2467 βουλῇ
1201 2419 1350 2455 χρώμενον,
1379 2423 1425 2449 καὶ
1449 2425 1602 2459 πράττοντα
1622 2428 1657 2454 τὰ
1685 2417 1883 2467 βεϐουλευμένα

1101 2463 1147 2489 καὶ
1164 2463 1272 2499 ἔννομα.

1135 2519 1201 2547 Ibid.
1217 2521 1243 2548 9.
1264 2522 1303 2549 "H
1317 2531 1343 2549 τι
1362 2525 1520 2559 Δείσαντες
1534 2527 1612 2555 ἄλλο
1628 2529 1688 2557 τῶν
1701 2532 1880 2567 λεγομένω-ν.

1099 2565 1185 2592 Τίνων
1207 2566 1376 2612 λεγομένωνς
1392 2570 1498 2598 ἔδεισαν
1512 2572 1566 2607 γὰρ
1584 2573 1648 2606 ἴσως
1666 2577 1703 2611 μή
1799 2579 1882 2612 ὁμόσε

1097 2612 1259 2658 τῇνάνάγκῃ
1281 2615 1454 2650 χωρήσαντες
1478 2618 1526 2644 καὶ
1547 2619 1700 2653 ἀπογνώσει
1727 2622 1772 2649 τὸν
1797 2623 1884 2658 Θυμὸν

1097 2657 1266 2692 ἀνάψαντες,
1293 2662 1352 2686 κατ’
1370 2662 1459 2690 αὐτῶν
1482 2665 1638 2700 ὁρμήσωσιν
1658 2668 1881 2705 ἀμεταστρεπτὶ,

1128 2772 1373 2818 (βδλίῐϊξλμῃμῐηεκ
1386 2781 1516 2813 uterque;
1527 2779 1696 2818 editisopﬁ,
1713 2782 1788 2816 quod
1811 2790 1882 2818 prm-

1094 2811 1164 2850 stat;
1182 2813 1210 2849 et
1225 2809 1354 2838 Basilium
1368 2809 1540 2849 ipsum'toptﬁ
1558 2809 1657 2850 legisse
1672 2809 1745 2850 “3351.3:
1761 2825 1795 2845 ex
1812 2809 1882 2846 itote

1092 2842 1238 2880 ἀνατομῆς,
1251 2853 1312 2880 ουκ
1326 2842 1387 2874 cum
1404 2849 1473 2883 τομῇ
1493 2842 1640 2878 ιιήἶὶιιιῖίεὶιι
1657 2842 1749 2880 eiﬁcirtr.
