2046 3131
267 145 337 172 Hi3

943 149 1065 179 BASILII
1086 150 1195 178 Ml'Nllﬂ

1808 146 1838 174 Ν
1844 147 1885 175 ιι

265 190 399 217 ῑὶυοτοιιιι·
423 194 505 226 atque
530 190 686 220 dill‘erretur
714 199 729 219 a
752 192 808 220 Deo
837 201 887 221 sua
915 195 1039 223 adversus

1096 196 1176 232 ἡνίκα
1202 194 1362 222 ἀνεϐάλλετο
1387 193 1435 220 καὶ
1463 192 1562 228 ἀνοχῆς
1586 191 1674 227 εἴχετο
1695 192 1712 227 ἡ
1736 192 1807 219 κατά
1825 193 1881 219 τῶν

265 234 365 270 impios
379 235 431 269 ira,
451 243 502 264 nos
515 244 586 272 azgre
599 237 716 266 ferentes
731 247 780 266 eas
791 240 981 268 emittebamus
999 249 1046 268 vo-

265 286 322 307 ces.
342 279 408 307 Dein
439 286 499 316 post
535 283 619 309 multa
648 283 762 318 adjicit:
792 284 856 312 Hcce
881 290 967 313 autem
993 287 1046 320 ipse

264 325 382 358 prin...
400 335 467 354 nunc
486 335 554 362 vero,
569 332 595 355 et
611 329 728 365 reliqua.

299 412 399 441 Cecidit
421 414 477 446 Bel,
503 417 633 445 contritus
660 424 699 446 est
722 419 827 456 Dagon,
853 423 930 455 palus
957 423 1044 457 factus

263 464 302 486 est
316 459 411 488 Saron.
425 461 482 494 Bel.
499 462 590 498 Dagon
606 469 633 492 et
648 465 746 500 Saron,
763 468 862 503 templa
877 473 904 495 et
923 470 998 504 signa
1017 475 1044 497 et

264 505 417 534 daemonum
432 509 554 536 nomina.
574 509 595 538 Ε
611 510 752 547 Scriptura
766 513 823 540 haec
837 519 943 550 sumpta
960 521 1021 543 sunt
1035 525 1041 542 ε

264 551 298 578 ad
316 552 522 581 similitudinem
540 563 634 583 eorum
655 565 715 592 quae
737 559 787 586 hoc
801 561 930 595 temporis
946 570 1044 590 evene-

263 601 338 624 runt.
356 598 378 624 Α
398 599 451 634 piis
473 601 544 628 enim
563 602 620 629 haec
634 605 724 631 omnia
741 606 827 633 deleta
848 611 875 634 et
893 614 998 640 eversa,
1015 613 1043 636 et

263 643 372 675 penitus
392 644 483 672 diruta
505 651 578 674 sunt.
600 648 702 677 Deinde
723 644 818 686 adjicit
837 656 865 679 et
885 657 990 685 nostra,
1017 658 1043 681 et

262 686 354 715 futura
371 693 544 725 praenuntiat,
559 702 619 729 qua:
633 699 660 722 ct
673 704 745 724 nunc
765 697 853 724 adhuc
873 699 1042 733 perspiciun-

263 738 308 760 tur
320 735 364 762 vel
378 737 540 772 evenientia,
561 740 604 766 vel
623 741 679 775 jam
702 742 824 777 impleta,
842 744 882 771 vel
903 749 977 772 certe
1000 745 1042 772 fu-

261 783 334 813 tura,
351 784 379 807 ut
396 783 480 816 probe
495 784 553 811 scio
573 794 580 813 :
599 785 632 813 iis
653 788 725 814 enim
747 796 807 823 qua:
829 794 926 817 eventu
942 790 1042 818 conﬁr-

261 829 334 852 mata
347 833 411 854 sunt
427 828 454 855 in
471 829 625 859 futurorum
642 832 693 860 ﬁde
706 834 882 863 conﬁrmatus
898 843 970 863 sum.

296 913 356 942 Non
369 915 426 949 jam
438 917 576 946 adversum
591 929 637 948 nos
649 921 728 955 festos
738 922 793 950 dies
806 928 893 958 agent.
910 922 1041 951 Solemni-

261 964 332 988 tates
351 970 382 989 ac
400 963 468 992 festa
482 965 671 999 celebrabunt,
684 969 833 1003 gaudentes
845 970 978 998 adversus
990 978 1040 999 nos

261 1006 336 1041 impii
357 1007 470 1042 inimici,
494 1017 525 1037 ac
549 1011 615 1047 legis
638 1013 737 1048 iniquae
759 1014 869 1042 decreto
888 1023 902 1042 a
924 1015 991 1044 falsa
1013 1020 1040 1044 et

259 1051 413 1081 adulterina
436 1055 559 1083 doctrina
580 1065 630 1085 nos
648 1060 833 1088 excludentes.
856 1061 1040 1089 Prohibebant

259 1097 332 1124 enim
348 1106 382 1126 ne
394 1100 542 1129 Christiani
559 1103 715 1132 Grzecarum
728 1106 879 1133 litterarum
895 1115 927 1134 ac
942 1107 1042 1135 doctri-

259 1150 355 1170 narum
372 1146 518 1182 participes
535 1154 627 1176 essent
642 1159 649 1177 ε
667 1151 717 1178 hac
731 1152 835 1180 ratione
846 1160 876 1180 se
892 1153 958 1180 illud
975 1161 1042 1181 con-

259 1194 401 1218 secuturos
420 1193 597 1227 arbitrantes,
621 1202 651 1223 ut
671 1197 778 1233 linguas
803 1207 912 1234 quoque
932 1204 1041 1228 nostras

259 1234 424 1264 inhiberent.

294 1279 385 1314 Ignem
403 1283 497 1318 facifer
516 1290 576 1313 tuus
594 1287 752 1323 exstinguat.
773 1288 865 1324 ignem
887 1290 998 1325 gerebat
1018 1291 1042 1318 is

258 1326 304 1360 qui
322 1326 407 1355 facem
429 1331 553 1364 tenebat,
571 1332 652 1360 simul
672 1338 699 1361 et
715 1335 856 1362 sacriﬁciis
877 1336 966 1371 ignem
992 1336 1042 1362 im-

257 1372 381 1405 minens,
397 1381 424 1402 ct
438 1383 516 1404 sacra
531 1383 558 1405 et
576 1381 752 1408 caeremonias
767 1381 798 1408 ad
814 1382 922 1416 aliquod
935 1386 1041 1417 tempus

258 1417 417 1447 illuminans
432 1426 599 1458 :postcaque
609 1425 734 1452 eumdem
749 1427 935 1462 exstingucns,
952 1429 1042 1462 turpia

257 1462 406 1491 etobscena
415 1468 542 1501 mysteria
551 1468 577 1494 in
587 1469 705 1496 tenebris
712 1470 865 1497 celebrandi
873 1472 990 1506 spatium
998 1472 1043 1498 da-

256 1508 312 1534 bat.
325 1509 362 1536 Ac
377 1514 433 1538 tum
444 1519 584 1540 sacrorum
598 1515 713 1543 antistes
720 1517 873 1543 meretricia
883 1522 956 1545 veste
966 1518 1042 1545 indu-

256 1556 423 1600 tusturpiter
433 1557 466 1585 de
484 1559 565 1587 rebus
577 1562 664 1589 sacris
675 1563 837 1590 disserebat.
858 1564 918 1592 Ideo
930 1565 1043 1600 subjun-

257 1599 296 1632 git
310 1608 336 1626 ιε
351 1600 448 1629 Fmdas
460 1607 521 1632 tuas
535 1609 562 1631 et
576 1607 696 1634 tenebris
709 1608 802 1642 plenas
814 1614 907 1636 noctes
917 1599 1040 1637 cohibe.)

293 1645 385 1672 Aerem
402 1650 510 1682 sparsit.
531 1649 643 1686 Proprie
658 1653 764 1687 singula
785 1655 913 1689 exprimit
927 1664 934 1682 :
950 1664 958 1680 ι
974 1654 1043 1682 Pro—

257 1691 345 1725 duxit,
365 1693 493 1728 ﬁrmavit,
511 1698 640 1730 tornavit,
661 1699 773 1734 sparsit,
787 1700 886 1728 limites
901 1701 1039 1736 imposuit,

258 1738 351 1771 traxit,
370 1740 461 1767 anima
480 1742 600 1776 donavit,
622 1744 656 1771 ad
671 1753 748 1772 suam
771 1745 884 1774 formam
900 1748 1010 1775 elﬁnxit.
1029 1759 1037 1775 ι

263 1783 421 1819 Ἐμόρφωσε
437 1786 470 1814 ad
492 1786 539 1814 Dei
559 1797 668 1824 quoque
685 1791 830 1826 imaginem
853 1793 951 1821 innuit.
972 1794 1042 1828 Εψό-

257 1838 338 1864 χωσε,
355 1831 407 1859 hoc
421 1837 473 1864 est,
493 1835 621 1862 animalia
634 1837 750 1865 rationis
769 1839 901 1872 expertia,
922 1839 1002 1867 bruta
1013 1844 1041 1868 et

257 1876 391 1904 sentiendi
415 1878 543 1907 facultate
568 1882 681 1916 praedita
710 1884 799 1911 anima
824 1884 944 1913 donavit.
976 1886 1040 1914 Flu-

257 1922 361 1949 minum
373 1926 491 1951 tractum
505 1931 585 1961 atque
598 1935 708 1955 cursum
723 1936 790 1957 voce
805 1930 930 1964 Εἴλκυσε,
944 1934 1038 1965 traxit,

257 1967 429 2001 signiﬁcavit.
444 1969 549 2005 Ὥρισε,
567 1971 678 1999 limitem
697 1973 801 2001 scilicet
817 1976 884 2002 mari
899 1976 1037 2010 imposuit.

259 2010 408 2039 Terminum
431 2015 516 2046 enim.
551 2015 657 2051 inquit,
695 2019 837 2052 imposuit,
875 2029 950 2056 quem
986 2031 1039 2050 non

256 2058 399 2090 prwteribit
419 2060 450 2086 ".
474 2061 570 2088 Aerem
587 2070 696 2098 quoque
721 2072 844 2098 sparsum
872 2075 933 2095 esse
961 2069 1038 2096 valde

256 2103 365 2137 proprie
381 2104 469 2131 dixit:
486 2105 531 2133 ille
550 2108 622 2134 enim
639 2116 687 2143 per
707 2110 864 2138 universum
889 2113 981 2146 inane,
1007 2119 1038 2141 ut

256 2148 416 2182 appellatur,
434 2149 511 2178 fusus
526 2159 557 2178 ac
573 2160 686 2187 sparsus
705 2160 756 2183 est.
772 2158 840 2191 Apte
858 2163 948 2186 autem
970 2160 1035 2187 illud

254 2191 348 2223 etiam,
377 2193 499 2220 tcmlum
525 2197 652 2224 tornavit.
672 2207 681 2223 ι
709 2198 792 2232 Quasi
818 2201 844 2227 in
875 2202 978 2230 circulo
1008 2208 1034 2231 et

255 2240 334 2264 torno
348 2238 574 2274 circumductum,
590 2243 721 2277 sphaerica
731 2245 817 2272 l'orma
830 2247 965 2275 elﬁnctum
981 2255 1032 2277 est.

254 2281 376 2310 Firmum
400 2284 571 2321 solidumque
595 2291 674 2316 terra:
691 2291 829 2325 proprium
851 2297 901 2320 est.
928 2293 1035 2322 Lumini

255 2331 346 2356 autem
369 2330 458 2358 solute
484 2336 511 2358 et
535 2334 611 2367 quasi
637 2335 846 2371 incorporaliter
867 2340 942 2366 eunti
962 2340 1035 2368 dedit

255 2372 346 2401 locum
363 2375 514 2411 subjiciens
530 2386 591 2407 aere
606 2381 700 2416 gracili
714 2385 740 2409 et
754 2383 831 2410 exsili
848 2385 920 2411 vehi.

289 2467 380 2503 Dojice
395 2467 449 2500 iam
469 2468 640 2502 Triptolemo:
662 2476 729 2498 mos.
750 2471 808 2499 Jam
823 2473 857 2500 de
880 2473 914 2501 iis
931 2474 1033 2501 dictum

255 2517 296 2542 est
329 2514 358 2541 in
382 2514 506 2541 oratione
533 2515 560 2540 in
585 2515 789 2550 Theophaniam,
813 2525 845 2545 ac
871 2518 904 2546 de
926 2517 1033 2554 Orpheo

290 2560 311 2577 ¹²
331 2560 402 2588 Psal.
417 2567 474 2593 crv,
489 2559 515 2588 9.

289 2606 347 2641 (51)
364 2607 414 2634 Ms.
435 2606 486 2634 5'15
511 2606 617 2632 σκότου.
636 2605 772 2633 Scribitur
787 2608 804 2633 ό
820 2607 929 2639 σκότος
954 2611 980 2634 et
1005 2608 1035 2635 τὸ

255 2641 360 2672 σκότος.
385 2641 417 2668 D.
444 2641 719 2677 Clemencetusrlegit
744 2642 856 2673 σκότους
877 2643 954 2677 juxta
977 2643 1036 2677 ple-

254 2683 356 2711 rosque
369 2684 435 2705 mss.
454 2677 514 2703 Mox
535 2675 702 2711 Gregorius,
721 2676 751 2702 τὸ
771 2677 865 2708 σκότος
878 2675 1036 2706 ﬂuam-Est

254 2711 282 2737 in
299 2710 358 2746 ejus
374 2712 542 2739 carminibus
560 2710 636 2739 locus
652 2711 723 2737 haud
740 2712 872 2739 absimilis
887 2722 894 2739 :

327 2746 417 2773 Τινῶν
429 2747 463 2774 δὲ
475 2747 593 2779 νύκτες.
607 2746 718 2778 ’νυκτὸς
738 2746 830 2779 ὄντως
845 2747 934 2778 ἄξιαι.

253 2780 295 2807 Ad
314 2788 375 2815 quae
395 2781 555 2809 scboliastes
577 2781 702 2808 Doctoris
726 2781 823 2808 Clarke
845 2782 902 2810 haec
924 2783 1036 2810 adnotat

255 2815 362 2851 (φησι.
379 2815 517 2844 Gaisl‘ord.
534 2824 561 2851 p.
580 2816 634 2850 55)
653 2825 660 2843 :
684 2815 790 2848 Νύκτες
808 2816 837 2842 δέ
854 2818 906 2844 εἰσι
924 2818 1036 2850 σκότους

253 2849 365 2890 ἄξιαιμί
379 2851 449 2878 κατά
460 2851 504 2877 τὸν
514 2849 606 2879 κέλεὸν
617 2849 664 2879 καὶ
676 2851 710 2878 τὰ
720 2851 769 2887 τῆς
782 2851 885 2879 ἐκείνου
901 2849 1036 2888 μυστήρια

253 2890 374 2920 τελετῆς.

1096 241 1200 268 ἀσεϐῶν
1227 240 1294 275 ὀργὴ
1314 238 1360 266 τοῦ
1387 238 1464 271 Θεοῦ,
1490 237 1749 272 δυσανασχετοῦντες
1771 238 1879 269 ἐκείνας

1096 288 1211 322 ὴιρίεμεν
1222 286 1271 317 τὰς
1281 285 1382 319 φωνάς’
1397 282 1444 310 εἴτ’
1458 284 1555 317 ἐπάγει
1569 283 1637 318 μετά
1652 283 1735 309 πολλά
1748 282 1812 318 (col.
1826 283 1878 311 700

1095 332 1117 358 A
1135 332 1192 366 11)·
1212 331 1305 357 Ταῦτα
1318 329 1376 364 μὲν
1391 327 1448 356 οὖν
1465 329 1618 362 πρότερον,
1631 328 1699 354 νυνὶ
1719 328 1767 361 δὲ,
1781 328 1828 355 καὶ
1843 328 1885 389 τὸΙ

1095 377 1175 389 ς..-ι

1095 377 1185 403 λοιπά.

1128 423 1188 450 Col.
1210 421 1258 449 70!
1281 422 1302 448 Δ
1325 422 1351 449 3.
1371 422 1481 448 Ἔπεσε
1499 421 1572 454 Βὴλ,
1590 420 1746 455 συνετρίϐη
1763 419 1879 454 Δαγὼν,

1094 468 1149 502 ἕλη
1169 468 1285 502 ἐγένετο
1302 469 1318 494 ό
1333 468 1444 501 Σαρών.
1462 468 1515 503 Βὴλ
1533 469 1578 495 καὶ
1592 467 1685 502 Δαγὼν
1701 468 1747 494 καὶ
1761 466 1856 502 Σαρὼν
1867 487 1880 499 ,,

1093 513 1153 539 ναοὶ
1174 513 1220 539 καὶ
1239 513 1334 548 στῆλαι
1350 513 1396 539 καὶ
1417 513 1549 548 δαιμόνων
1569 513 1705 547 ὀνόματα·
1727 513 1759 538 ὲκ
1780 511 1809 538 δὲ
1826 512 1876 547 τῆς

1093 559 1202 594 Γραφῆς
1216 558 1283 594 (Isa.
1300 567 1371 592 XLVI,
1386 559 1398 586 l
1411 567 1418 591 ;
1436 567 1532 590 xmu,
1556 559 1583 592 9)
1600 558 1702 593 ἐλήφθη
1717 558 1763 584 καὶ
1777 558 1875 584 ταῦτα’

1093 605 1153 632 καθ’
1170 606 1299 640 ὁμοίωσιν
1310 605 1364 633 τῶν
1376 607 1436 632 κατ’
1446 607 1533 632 ἐκεῖνο
1545 605 1638 642 [CoisL
1651 604 1767 640 ἐκείνου]
1776 604 1874 640 καιροῦ

1093 650 1320 685 συμῦεὸηκότων·
1345 651 1397 677 ὑπὸ
1421 650 1475 685 γὰρ
1501 651 1554 677 τῶν
1576 650 1694 676 εὐσεὸὦν
1720 649 1878 684 καθῄρηται

1092 696 1176 722 ταῦτα
1197 696 1245 722 καὶ
1266 695 1420 731 συνετρίϐη,
1444 695 1490 722 καὶ
1510 695 1631 731 ἀπωλείᾳ
1648 694 1737 729 τελείᾳ
1757 693 1876 729 παραδέ-

1091 741 1164 769 δοται
1176 751 1182 756 ·
1197 739 1256 768 εἶτα
1267 741 1390 776 ἐπιφέρει
1405 741 1451 767 καὶ
1464 741 1498 767 τὰ
1515 741 1634 775 ἡμέτερα
1647 741 1694 766 καὶ
1709 738 1879 774 προφητεύει

1091 788 1125 814 τὰ
1142 788 1280 823 μέλλοντα,
1297 787 1316 814 ἃ.
1330 788 1377 814 καὶ
1395 787 1442 813 νῦν
1462 786 1500 812 ἐτι
1519 786 1668 821 καθορᾶται
1681 785 1810 819 γινόμενα
1827 783 1875 810 καὶ

1091 835 1221 869 γεγονότα
1237 833 1302 870 ἦδη¹,
1320 834 1366 860 καὶ
1384 833 1553 868 γενησόμενα
1569 830 1597 858 εὖ
1619 830 1676 858 οἶδα
1689 839 1695 846 ·
1720 832 1774 862 τοίς
1798 830 1876 856 τελε-

1055 873 1077 901 Β
1093 880 1177 906 σθεῖσι
1185 879 1238 915 γὰρ
1250 879 1365 914 βεϐαίως
1375 878 1429 913 ἔχω
1441 877 1537 913 [CoisL
1549 876 1628 912 ἔχων]
1643 876 1688 903 καὶ
1700 876 1734 902 τὰ
1747 876 1874 910 ἐσόμενα.

1126 925 1193 952 Ibid.
1212 925 1232 951 C
1252 924 1279 951 2.
1303 925 1363 951 Οὐκ
1380 924 1423 950 ἔτι
1443 923 1684 958 πανηγυρίσουσι
1700 922 1763 948 καθ’
1778 919 1873 955 ἡμῶν.

1090 970 1260 1006 Πανηγύρεις
1275 969 1412 996 τελέσουσι
1424 969 1471 995 καὶ
1487 967 1594 1003 ἑορτὰς,
1609 967 1795 1002 ὲπιχαίροντες
1807 967 1874 1000 ἡμῖν

1089 1019 1114 1044 ot
1130 1017 1317 1053 ἐχθραίνοντες
1331 1016 1449 1048 ἀσεϐεῖς,
1468 1016 1542 1051 νόμῳ
1557 1015 1649 1050 ἀνόμῳ
1663 1013 1875 1043 ἀποκλείσαντες

1089 1065 1138 1099 τῆς
1160 1063 1285 1099 κιϐδήλου
1305 1063 1352 1089 καὶ
1378 1063 1507 1098 ἀδοκίμου
1535 1061 1718 1091 παιδεύσεως*
1742 1059 1874 1094 ἀπεῖρξαν

1090 1109 1143 1145 γὰρ
1155 1109 1332 1145 Χριστιανοὺς
1342 1108 1464 1139 παιδείας
1480 1107 1637 1142 Ἑλληνικῆς
1645 1106 1692 1132 καὶ
1704 1104 1798 1138 σοφίας
1827 1113 1878 1140 με-

1090 1154 1280 1190 ταλαμϐάνειν,
1289 1153 1389 1185 καὶτὰς
1398 1152 1519 1186 γλώττας
1531 1153 1609 1188 ἡμῶν
1624 1151 1806 1186 ἀποφράττειν
1821 1149 1873 1175 κάν

1090 1200 1176 1234 τούτῳ
1196 1198 1357 1234 κακούργως
1377 1198 1505 1233 οἰόμενοι.

1126 1286 1183 1314 Col.
1208 1286 1258 1313 704
1279 1285 1301 1312 Δ
1324 1285 1350 1312 6.
1378 1283 1515 1312 Σϐεσάτω
1540 1283 1573 1310 τὸ
1597 1282 1656 1322 πῦρ
1674 1283 1691 1308 ό
1714 1279 1871 1314 δᾳδοῦχος.

1097 1333 1260 1367 Ἐπυρφόρει
1284 1328 1359 1362 οὗτος
1380 1331 1393 1356 ὁ
1413 1329 1549 1365 δᾳδοῦχος,
1571 1328 1636 1363 ὁμοῦ
1661 1327 1709 1358 τάς
1728 1334 1758 1351 τε
1777 1325 1875 1355 θυσίας

1091 1377 1243 1404 ὁλοκαυτῶν
1257 1377 1303 1403 καὶ
1316 1374 1438 1411 φωτίζων
1452 1375 1498 1401 ἐπί
1512 1383 1573 1400 τινα
1583 1373 1676 1408 χρόνον
1689 1371 1737 1402 τὰς
1751 1369 1875 1400 τελετάςν

1092 1421 1151 1449 εἶτα
1167 1421 1370 1449 κατασϐεννύων
1382 1421 1465 1447 ἐδίδου
1481 1419 1574 1454 καιρὸν
1586 1420 1614 1445 ἐν
1627 1418 1714 1452 σκότῳ
1725 1417 1757 1442 τὰ
1772 1414 1874 1450 αἰσχρὰ

1092 1469 1146 1495 τῶν
1164 1468 1319 1503 μυστηρίων
1335 1466 1477 1493 τελεῖσθαι.
1495 1465 1628 1500 Πορνικὴν
1644 1464 1672 1490 δὲ
1692 1463 1787 1497 στολὴν
1803 1462 1817 1487 ὁ
1833 1462 1873 1487 ιε-

1095 1515 1229 1549 ροφάντης
1257 1512 1475 1547 ἐνδιδυσκόμενος
1504 1509 1622 1545 αἰσχρῶς
1652 1507 1801 1543 ἱερούργει·
1833 1505 1881 1532 διὸ.

1095 1560 1229 1594 ἐπιφέρει·
1241 1568 1250 1584 c
1270 1558 1396 1592 Ἑπίοχες
1409 1566 1455 1583 σου
1465 1557 1512 1588 τὰς
1520 1555 1634 1591 αἰσχρὰς
1643 1555 1688 1581 καὶ
1696 1554 1806 1584 σκότους
1817 1551 1875 1586 (51)

1093 1614 1123 1639 γε
1129 1605 1229 1640 μούσας
1246 1605 1354 1636 νύκτας.
1374 1613 1383 1629 υ

1129 1652 1198 1679 Ibid.
1221 1651 1241 1677 Β
1265 1651 1308 1678 12.
1335 1651 1493 1683 Ἕσπειρεν
1514 1647 1596 1682 ἀέρα.
1620 1645 1734 1676 Οίκείως
1759 1645 1878 1671 ἕκαστον

1092 1698 1265 1725 ἀποδίδωσιν·
1302 1705 1312 1721 ι
1344 1695 1531 1730 ὑπεστήσατο,
1560 1693 1692 1728 ⁴ἡδρασεν.
1718 1690 1874 1726 ἐγύρωσεν,

1091 1744 1226 1778 ἔσπειρεν,
1242 1742 1351 1778 ὥρισεν,
1367 1741 1499 1772 εἵλκυσεν,
1517 1739 1665 1774 ἐψὺχωσεν,
1682 1737 1836 1772 ἐμόρφωσε·
1859 1745 1871 1762 ι

1090 1790 1133 1816 διὰ
1147 1789 1196 1824 μὲν
1209 1788 1262 1824 γὰρ
1278 1788 1324 1814 τοῦ
1341 1797 1351 1813 ι
1371 1787 1513 1822 ἐμόρφωσε
1529 1794 1539 1810 ι
1554 1785 1583 1812 τὸ
1597 1784 1656 1811 κατ’
1669 1783 1760 1810 εἰκόνα
1773 1781 1871 1817 δηλῶν·

1089 1835 1133 1862 διὰ
1155 1835 1183 1861 δὲ
1197 1834 1244 1860 τοῦ
1262 1842 1272 1859 ι
1295 1833 1417 1868 ἐψύχωσε
1437 1842 1446 1857 ι
1472 1832 1501 1858 τὸ
1518 1831 1633 1863 ζωτικδν
1647 1830 1754 1863 λογικόν
1770 1837 1800 1855 τε
1826 1828 1878 1855 καὶ

1091 1881 1152 1917 [ηις.
1165 1881 1228 1912 5T5,
1242 1879 1356 1911 ζωτικόν
1369 1887 1398 1905 τε
1411 1878 1469 1912 λόγ.
1485 1877 1531 1903 καὶ¹
1545 1876 1553 1912 ]
1566 1875 1656 1912 νοερὸν
1671 1876 1718 1901 καὶ
1731 1876 1762 1901 τὸ
1775 1874 1873 1908 ἄλογον

1091 1927 1172 1963 μέρος
1187 1927 1236 1961 τῆς
1247 1925 1350 1960 ψυχῆς·
1368 1923 1411 1950 διὰ
1426 1923 1471 1949 τοῦ
1489 1932 1499 1948 ι
1521 1923 1628 1949 εἵλκυσε
1646 1931 1655 1946 ι
1675 1920 1721 1947 τὸν
1734 1920 1812 1947 ὁλκὸν
1826 1919 1879 1946 καὶ

1088 1972 1137 2007 τὴν
1153 1971 1206 1997 τῶν
1227 1969 1356 2004 ποταμῶν
1372 1968 1457 2004 φοράν
1470 1975 1476 1982 ·
1494 1967 1525 1994 τὺ
1540 1967 1568 1993 δὲ
1589 1976 1598 1991 ι
1620 1965 1719 2000 ὥρισεν
1735 1974 1743 1989 I
1757 1965 1876 1999 ἐμφατιο

1088 2017 1135 2044 κόν
1157 2018 1213 2043 ἐστι
1236 2014 1283 2042 τοῦ
1299 2013 1439 2049 διορισμοῦ
1455 2012 1505 2048 τῆς
1523 2011 1670 2047 θαλάσσης,
1686 2011 1789 2044 Ὅριον
1805 2011 1871 2044 γὰρ,

1087 2062 1178 2097 φησὶν,
1196 2061 1265 2088 ἔθου
1281 2059 1296 2086 ὃ
1316 2060 1351 2085 οὐ
1378 2058 1592 2093 παρελεύσεται
1618 2057 1627 2091 (
1645 2056 1718 2083 Paul.
1742 2063 1801 2087 cm,
1821 2056 1870 2090 9).

1092 2105 1241 2141 Ἐσπόιρθαι
1265 2104 1293 2131 δὲ
1310 2105 1357 2131 καὶ
1379 2105 1424 2131 τὸν
1449 2104 1518 2139 ἀέρα
1540 2103 1652 2134 εἰκότως
1671 2100 1739 2128 εἷπε·
1757 2101 1873 2136 κέχυται

1086 2153 1139 2188 γὰρ
1152 2152 1198 2179 καὶ
1213 2150 1373 2185 διέσπαρται
1389 2150 1470 2176 παντὶ
1484 2149 1621 2184 λεγομένῳ
1636 2147 1715 2183 κενῷ·
1731 2148 1828 2174 οἰκεῖον
1842 2147 1873 2173 δὲ

1086 2199 1132 2226 καὶ
1146 2198 1178 2224 τὸ
1194 2206 1204 2223 σ
1221 2198 1359 2233 ἐγύρωσεν
1381 2206 1389 2222 ι
1413 2196 1546 2231 οὐρανοῦ·
1562 2195 1599 2226 ὡς
1612 2196 1639 2221 ἐν
1659 2194 1736 2229 γύρῳ
1751 2193 1805 2228 γὰρ
1823 2193 1872 2219 καῖ¹

1085 2245 1171 2281 τόρνῳ
1194 2242 1368 2278 περιαγαγὼν
1382 2242 1438 2277 (52)
1464 2240 1614 2276 σφαιρικῶς
1637 2241 1812 2275 ἐτεκτήνατο·
1840 2239 1873 2265 τὸ

1085 2292 1107 2318 δ’
1119 2291 1223 2326 ἑδραῖον
1238 2290 1284 2316 καὶ
1296 2289 1404 2324 στερεὸν
1419 2288 1483 2314 ϊδιον
1498 2286 1568 2321 (cod.
1588 2295 1613 2322 p.
1625 2287 1688 2318 276,
1706 2286 1733 2320 2)
1747 2286 1814 2320 γῆς·
1831 2285 1872 2321 τῷ

1087 2337 1155 2372 φωτὶ
1171 2337 1199 2363 δὲ
1213 2336 1365 2370 λελυμένως
1383 2334 1430 2361 καὶ
1448 2331 1502 2360 οἷον
1521 2333 1673 2368 ἁσωμάτως
1695 2332 1759 2359 ἰόντι
1772 2331 1871 2358 δέδωκε

1086 2384 1176 2419 χώραν
1194 2383 1347 2417 ὑποστήσας
1361 2380 1529 2407 ἐπιϐατεύειν
1545 2380 1607 2414 ἀέρι
1625 2379 1713 2415 ἀραιῷ
1730 2378 1792 2414 [πη.
1817 2378 1872 2405 575

1087 2429 1182 2464 εὑρεί]
1196 2429 1240 2455 καὶ
1256 2426 1354 2462 λεπτῷ.

1123 2475 1190 2502 Ibid.
1213 2475 1233 2502 (Σ
1253 2474 1279 2501 ’5.
1304 2472 1456 2500 Κατάϐα.ιέ
1474 2479 1531 2499 σου
1548 2471 1618 2504 τοὺς
1643 2471 1870 2506 Τριπτολέμους.

1088 2521 1200 2556 Εἴρηται
1209 2520 1273 2550 περὶ
1285 2519 1385 2546 τούτων
1397 2519 1424 2545 ἐν
1437 2518 1475 2553 τῷ
1485 2519 1527 2550 εἰς
1534 2518 1570 2544 τὰ
1578 2517 1724 2551 Θεοφάνια
1733 2517 1804 2552 λόγῳ
1813 2517 1870 2551 (55)

1121 2608 1175 2645 (32)
1203 2609 1252 2636 ilic
1277 2617 1345 2637 voce
1374 2610 1552 2645 περιαγαγεῖν
1576 2609 1732 2645 explicatur
1754 2609 1868 2636 verbum

1084 2644 1203 2679 γυροῦνε
1233 2645 1301 2671 alias
1329 2645 1388 2671 vice
1414 2644 1504 2672 versa.
1531 2645 1596 2671 Cum
1623 2645 1694 2672 enim
1721 2644 1869 2679 Gregorius

1085 2680 1111 2706 in
1122 2679 1174 2705 alio
1189 2687 1314 2706 sermone
1325 2679 1438 2715 dixisset
1452 2680 1503 2715 (0r.
1515 2680 1559 2710 54,
1576 2687 1648 2706 nunc
1663 2679 1719 2714 28),
1736 2679 1777 2710 τίς
1795 2688 1870 2715 περιέ

1085 2715 1189 2749 ήγαγεν
1204 2715 1334 2749 οὐρανόν;
1351 2713 1467 2741 Basilius
1481 2715 1537 2742 hac
1551 2714 1677 2741 observat
1696 2713 1703 2741 ἑ
1721 2715 1792 2740 Ἴσον
1809 2713 1870 2740 ἐστὶ

1085 2749 1123 2784 τῷ
1137 2748 1260 2785 ἐγύρωσε
1270 2769 1277 2781 ,
1292 2750 1442 2785 κυκλοτερῆ
1463 2750 1510 2776 καὶ
1528 2749 1681 2784 σφαιροειδῆ
1703 2749 1867 2785 εἰργάσατοξ

1089 2787 1104 2822 ἢ
1122 2784 1175 2827 γάρ
1196 2785 1259 2819 περὶ
1268 2784 1372 2826 κύκλον
1397 2784 1571 2827 σημαίνει-,ἣ
1587 2785 1636 2827 τὴν
1652 2785 1804 2827 περιφορὰν
1820 2784 1868 2810 τοῦ

1085 2819 1281 2854 κυκλοφορικοῦ
1297 2819 1390 2846 τούτου
1405 2819 1530 2854 σώματος
1543 2819 1719 2854 ὑποληπτέον.

1121 2853 1177 2887 (5'5)
1199 2853 1227 2881 I'n
1257 2854 1348 2881 Basilii
1378 2853 1490 2881 schuiiis
1519 2854 1553 2880 ad
1579 2853 1731 2881 sermonem
1760 2855 1805 2887 εὶς
1831 2854 1869 2880 τὰ

1088 2888 1232 2923 Θεοφάνια
1245 2889 1330 2925 (orat.
1346 2889 1406 2925 58),
1423 2889 1489 2917 nihil
1505 2889 1539 2917 de
1557 2888 1725 2923 Triptolemo
1740 2889 1867 2917 invenir.
