2046 3131
232 169 299 198 “5!

909 166 1030 195 BASILII
1051 166 1163 196 MiNlMl

1784 167 1813 195 ﬂ
1818 166 1857 195 ΕΞ

268 227 320 259 Qui
347 233 405 252 cum
431 233 477 260 per
496 234 529 252 en
553 234 612 261 quw
636 233 730 260 passus
754 232 804 254 est.
832 226 883 259 Qui
906 226 1016 262 quidem

1105 226 1170 254 Ibid.
1190 227 1232 254 13.
1257 229 1305 260 Ὃς
1319 225 1364 260 οἷς
1391 226 1530 254 πέπονθε.
1553 226 1646 257 Ὅστις
1668 224 1784 261 Χριστος
1809 224 1859 252 καὶ

233 271 359 297 Christus
376 270 502 305 Deusque
515 276 610 298 noster
624 291 632 302 ,
647 271 727 298 vietis
746 278 793 305 per
805 278 836 297 ea
849 278 909 305 quae
926 278 1022 305 passus

234 321 276 343 est
292 317 523 351 persecutoribus,
539 325 572 344 eo
586 317 696 343 nomine
705 317 788 344 multo
802 318 888 352 magis
909 324 1023 351 supera-

234 363 283 394 vit,
293 363 365 397 quod
375 371 437 389 cum
451 363 544 390 multis
555 363 680 397 partibus
691 363 821 397 majorem
833 363 966 390 adversus
976 370 1022 390 eos

235 408 303 434 iram
315 408 459 435 ostendere
477 414 567 442 posset
580 428 587 439 ,
605 409 655 434 hoc
668 412 761 434 tamen
779 416 832 435 non
862 409 943 435 modo
966 416 1021 434 non

237 452 311 484 fecit,
322 461 415 480 verum
422 453 504 479 etiam
518 460 567 486 pro
575 454 705 488 singulari
713 453 832 488 quadam
843 454 1021 488 benignitate,

235 498 357 533 proipsis
367 498 472 526 Patrem
479 503 604 533 precatus
618 503 660 526 est
669 507 701 526 ne
709 500 759 526 hoc
770 499 804 527 iis
813 500 920 527 crimini
935 500 1022 527 daret.

274 577 351 604 Mitto
367 578 456 604 diuina
468 583 493 604 et
507 583 607 605 nostra.
635 579 700 611 Quin
719 586 734 605 a
756 579 810 606 Deo
830 584 857 606 et
880 587 895 606 a
916 580 1018 607 divinis

239 624 421 658 scriptoribus
444 624 477 651 de
496 625 639 659 suppliciis
671 625 738 652 istos
765 625 809 652 hic
838 626 1023 656 manentibus,

238 671 403 704 accepimus.
423 671 470 702 ait,
489 671 566 697 mitto
578 671 669 698 dicere
681 677 708 699 et
720 677 862 706 ρωποι-ρο.
894 673 928 699 At
946 676 974 699 tu
991 673 1024 699 ad

238 719 301 741 tuos
313 715 468 742 Graecorum
483 723 624 744 sermones
644 718 737 744 venias
747 738 754 748 ,
779 719 879 753 quibus
898 724 983 753 portae
998 723 1025 745 et

240 761 394 796 philosophi
417 761 603 795 delectantur;
624 764 671 798 qui
696 764 805 798 quidem
829 765 922 800 igneos
941 773 1025 799 quos-

239 807 301 833 dam
318 807 415 834 ﬂuvios
432 807 465 834 ad
477 809 663 842 improbormu
675 811 826 837 cruciatum
841 810 1024 842 tradiderunt,

240 851 502 888 Pyriphlegetontes,
511 858 538 880 et
550 854 681 889 Cocytos,
694 860 721 882 et
734 855 904 884 Acherontes
916 857 1024 892 (plurali

241 899 346 927 scilicet
366 908 479 927 numero
490 901 529 928 sic
550 902 756 935 quodammodo
775 903 958 938 appellatos);
979 911 1026 938 per

240 953 309 979 quos
318 945 427 979 quidem
439 946 537 974 ﬂuvios
553 947 624 982 apud
643 956 691 975 vos
714 953 799 983 poeta:
814 957 845 976 ac
869 949 1024 984 philosophi

242 991 448 1025 improbitatem
462 993 599 1020 cruciant.
626 993 658 1019 Et
669 993 813 1021 Tantalum
828 994 931 1029 duplici
946 1002 1026 1029 pmua

240 1036 409 1064 laborantem
421 1038 509 1069 aiunt,
522 1039 593 1066 inter
607 1047 693 1074 aquas
706 1044 824 1067 stantem
843 1048 931 1075 usque
947 1042 980 1068 ad
995 1049 1027 1069 os

240 1088 268 1110 et
287 1083 410 1110 barbam.
425 1084 459 1110 At
474 1092 535 1111 cum
554 1093 650 1117 senex,
666 1090 696 1112 ut
712 1085 846 1114 Homerus
858 1087 911 1118 ait,
927 1094 1028 1121 corpus

241 1128 479 1157 demittitbibendi
503 1131 711 1165 cupidissimus,
733 1132 860 1166 protinus
889 1132 1025 1167 paludem,

241 1175 270 1201 in
283 1183 337 1210 qua
352 1175 495 1204 demersus
505 1178 607 1209 stabat,
637 1178 747 1205 daemon
769 1180 900 1207 exsiccat.
919 1178 1027 1215 Tityum

241 1227 306 1247 vero
320 1228 402 1255 super
418 1222 502 1249 multa
517 1223 623 1257 plcthra
639 1224 844 1251 recumbentem
856 1226 942 1258 (tanta
953 1226 1027 1252 enim

241 1267 365 1300 corporis
379 1272 438 1294 erat
453 1269 638 1304 magnitudo),
653 1274 680 1296 et
695 1270 730 1296 ab
745 1271 842 1298 avibus
856 1271 950 1304 jecore
961 1271 1029 1297 dila-

242 1315 335 1338 cerato
347 1319 509 1348 semperque
532 1319 638 1344 νοιειο,
656 1322 717 1342 cum
736 1323 843 1350 semper
862 1317 1026 1350 renascitur,

242 1362 337 1384 narrat
347 1357 447 1385 fabula.
462 1360 550 1393 Atque
576 1360 695 1387 Ixionem
721 1365 787 1388 rotae
808 1369 906 1396 magno
926 1362 1028 1397 impetu

242 1406 358 1430 versata:
370 1404 526 1432 devinctum
545 1409 572 1433 et
595 1414 658 1432 eum
685 1414 716 1434 ea
737 1407 764 1434 in
783 1408 875 1434 orbem
896 1409 1028 1436 volutum.

243 1446 277 1474 lli
289 1452 353 1475 sunt
366 1449 411 1483 qui
429 1449 579 1477 inferorum
590 1452 733 1486 suppliciis
747 1452 848 1480 addicti
865 1458 939 1481 sunt.
952 1454 1030 1487 Qum-

245 1500 308 1519 uam
323 1501 388 1521 vero
402 1495 595 1530 impiissimum
624 1498 707 1525 istum
736 1498 877 1526 Julianum
899 1501 1031 1528 manent?

247 1538 333 1565 Multo
351 1541 476 1574 graviora
493 1542 559 1573 illis,
573 1544 621 1574 ait,
645 1545 817 1579 perpetietur
839 1550 866 1572 et
890 1554 922 1573 eo
945 1547 1030 1582 magis

247 1584 361 1617 lugebit,
375 1594 431 1620 quo
450 1588 540 1622 magis
561 1589 735 1623 improbitate
759 1596 872 1625 praestat
889 1601 894 1619 :
919 1593 1031 1627 quando

246 1630 357 1664 quidem
379 1639 466 1665 poma:
485 1637 568 1668 atque
589 1635 731 1662 cruciatus
754 1644 804 1671 pro
821 1637 904 1665 modo
918 1646 1030 1672 (eorum,

246 1684 308 1710 qua:
321 1677 438 1712 quisque
454 1680 586 1708 scelerate
603 1681 678 1714 fecit,
698 1683 871 1710 tribuuntur.

284 1804 342 1832 Hoc
357 1805 404 1832 tibi
418 1814 467 1840 pro
486 1807 551 1841 pede
566 1807 601 1834 sit
614 1816 720 1835 munus.
743 1809 889 1837 Narratum
906 1815 948 1838 est
964 1819 1032 1846 quo—

247 1854 328 1881 modo
357 1853 490 1889 Ulysses,
520 1855 570 1883 lliu
594 1861 755 1890 revertens,
786 1859 880 1886 multis
908 1859 1032 1894 objectus

247 1901 331 1929 fuerit
345 1903 489 1937 periculis,
509 1908 592 1938 atque
608 1905 742 1932 vicesimo
764 1913 837 1933 anno
856 1907 966 1933 domum
989 1915 1033 1934 re-

248 1951 342 1984 dierit,
351 1952 466 1987 pauperi
479 1954 587 1986 similis,
597 1954 780 1989 omnibusque
790 1955 907 1990 ignotus.
918 1956 1033 1983 Arcum-

247 2006 301 2033 que
334 2000 451 2034 experiri
495 2001 629 2029 simulans
656 2010 710 2037 quo
737 2002 894 2037 Penelope,
934 2011 1032 2038 procos

248 2055 314 2075 suos
330 2048 454 2081 eludens,
472 2057 520 2084 per
536 2050 674 2077 securium
690 2051 825 2078 foramina
847 2052 977 2087 sagittare
988 2053 1033 2087 ju-

247 2094 339 2122 bebat.
355 2094 419 2122 Istis
437 2103 532 2130 parum
548 2096 769 2130 proﬁcientibus,
782 2097 840 2131 ipse
856 2098 975 2124 intendit
986 2106 1032 2124 ar-

247 2149 321 2174 eum,
339 2141 393 2168 telo
410 2142 443 2168 ad
457 2142 625 2169 destinatum
639 2143 735 2174 misso,
754 2143 906 2170 Antinoum
935 2152 1032 2179 proco-

248 2195 311 2214 rum
342 2188 461 2222 primum
491 2188 637 2223 transﬁgit.
663 2193 817 2223 opportune
844 2197 1031 2224 percussum:

247 2233 283 2260 ad
302 2241 382 2268 quem
400 2233 534 2268 deiectum
554 2234 610 2261 hzec
624 2235 707 2262 verba
724 2235 794 2262 dixit
810 2245 816 2262 :
844 2235 901 2262 lloc
919 2236 967 2263 tibi
983 2244 1032 2270 pro

247 2280 317 2314 pede
329 2280 365 2307 sit
378 2287 488 2307 munus.
509 2279 608 2307 Pedem
622 2288 687 2307 vero
709 2281 788 2308 bovis
811 2281 912 2312 innuit,
939 2290 993 2317 quo
1016 2290 1031 2309 ιι

247 2332 344 2352 mensa
374 2331 486 2361 arrepto
517 2326 698 2362 conjectoque
723 2328 875 2362 supplicem
907 2328 1032 2363 Ulyssem

247 2372 319 2399 male
339 2372 518 2400 multaverat.
536 2373 584 2401 His
608 2381 718 2408 quoque
739 2382 807 2401 usus
831 2379 875 2401 est
902 2375 1034 2403 adversus

247 2418 330 2446 istum
352 2418 516 2447 homicidam
535 2418 687 2447 Idolianum
707 2419 767 2454 (sic
781 2420 855 2447 enim
869 2427 932 2447 eum
948 2421 1037 2448 nomi-
1055 2416 1060 2422 ”

280 2529 338 2565 (71)
359 2530 430 2561 Τοὺς
451 2529 702 2565 Πυριφλεγέθοντάς
726 2537 773 2555 σου
795 2529 918 2565 καὶτοὺς
932 2530 1032 2565 Κωκυ-

247 2563 309 2606 tot};
328 2563 377 2592 καὶ
399 2565 463 2596 τοὺς
490 2563 668 2600 Ἇχέροντας,
693 2564 730 2591 ait
752 2564 906 2599 emphatice
929 2563 1033 2599 Grego-

248 2607 316 2627 I‘IUS.

285 2646 342 2682 ('12)
362 2645 413 2673 Ms.
437 2646 505 2682 575,
527 2645 649 2682 πλέθρα..
665 2644 785 2682 Alteram
804 2644 948 2672 lectionem
966 2644 1034 2680 elegi

248 2679 424 2715 quam'habet
442 2681 577 2708 Homerus
596 2679 660 2714 (0d.
677 2688 715 2712 ιι,
728 2679 791 2715 576)
809 2689 814 2706 :

250 2737 303 2763 Kal.
315 2736 419 2763 Τιτυὸν
431 2735 521 2767 εἶδον,
538 2735 628 2768 Γαίης
644 2733 796 2768 ἐρικυδέος
808 2734 884 2765 υἱὸν,

250 2772 391 2805 Ire/peror-
401 2772 435 2798 ὲν
445 2771 562 2803 δαπέδῳ
571 2779 578 2784 '
593 2771 610 2796 ό
622 2769 647 2795 δ’
663 2768 751 2805 ἐννέα
765 2768 842 2805 κεῖζο
853 2769 981 2805 πέλεθρα
989 2776 996 2784 ·

251 2803 334 2833 Γῦὲιε
351 2806 385 2833 δέ
402 2815 455 2841 μιν
474 2805 610 2839 ἑκάτερθε
629 2803 786 2838 παρημένω
807 2803 887 2838 ἧπαρ
906 2803 1032 2836 ἔκειρον.

293 2863 459 2891 Scholiastes
476 2871 527 2890 ms.
538 2862 658 2889 doctoris
669 2861 766 2889 Clarke
779 2860 879 2895 (Catal.
894 2859 1030 2893 Gaisford.

253 2907 279 2933 ν.
293 2898 350 2934 55),
363 2899 411 2934 qui
424 2905 485 2927 cum
498 2898 593 2926 Nonne
605 2897 721 2925 conferri
734 2900 833 2932 potest,
848 2896 881 2923 de
898 2895 968 2923 Titio
981 2903 1031 2922 uo-

1072 273 1137 304 Θεὸς
1150 273 1227 308 ἡμῶν
1241 273 1283 308 ἐφ’
1301 270 1339 304 οἷς
1354 273 1469 299 πέπονθε
1487 273 1516 298 τδ
1538 271 1678 307 εὐδόκιμον
1690 271 1736 297 καὶ
1747 271 1852 297 αινετδν

1073 318 1112 349 εἰς
1119 318 1196 353 νίκην
1205 317 1284 352 ἔχων,
1300 317 1389 352 πολλῷ
1396 318 1476 344 πλέον
1481 318 1632 352 νενίκηκεν,
1642 317 1683 351 ἐφ’
1690 314 1740 348 οἷς,
1750 317 1789 348 ὡς
1795 316 1856 348 θεὸς
1867 324 1871 325 '

1072 363 1183 395 δυνατὸς
1198 363 1235 390 ὢν
1251 363 1449 390 πολλαπλάσιον
1462 364 1502 394 είς
1516 363 1612 394 αὐτοὺς
1629 361 1794 393 ἐνδείξασθαι
1804 362 1858 396 τὴν

1073 407 1166 442 ὀργὴν,
1184 407 1262 434 τοῦτο
1273 408 1322 434 οὐκ
1334 408 1469 443 ἐποίησεν,
1488 408 1555 434 ἀλλὰ
1569 408 1615 434 καὶ
1630 407 1807 441 ὑπερεύχεται
1817 406 1856 442 τῷ

1074 453 1161 488 Ilasz
1173 453 1209 488 μὴ
1221 453 1316 488 στῆναι
1330 454 1421 484 αὐτοῖς
1431 454 1480 488 τὴν
1495 453 1640 489 ἁμαρτίαν,
1653 452 1857 486 φιλανθρωπίας

1075 498 1223 534 ὑπερϐολῇ.

1108 576 1168 602 Col.
1185 576 1235 602 7M
1252 575 1272 602 B
1283 576 1310 602 9.
1334 575 1386 602 Ὲῶ
1395 575 1431 602 τὰ
1442 576 1505 603 θεῖα
1516 576 1564 603 καὶ
1584 576 1620 603 τὰ
1634 576 1770 611 ἡμέτερα.
1786 577 1858 604 "On

1075 622 1107 648 ἐκ
1122 621 1188 648 Θεοῦ
1204 622 1250 648 καὶ
1273 621 1326 648 τῶν
1351 622 1435 656 ἁγίων
1460 622 1557 657 ἔχομεν
1578 622 1693 658 Γραφῶν
1719 623 1781 658 περὶ
1803 623 1858 650 τῶν

1075 667 1180 694 ἐκεῖθεν
1202 667 1415 702 δικαιωτήρίων,
1438 667 1483 698 ἐῶ,
1503 668 1579 702 φησὶ,
1594 668 1640 694 καὶ
1657 668 1858 703 καταλιμπάνω

1075 713 1161 739 ταῦτα
1171 720 1177 726 ·
1199 713 1244 738 ἐπὶ
1260 712 1288 738 δὲ
1303 713 1366 744 τοὺς
1382 713 1444 744 σοὺς
1460 713 1519 739 ἐλθὲ
1533 713 1586 739 τῶν
1607 713 1737 748 Ἐλλήνων
1752 714 1858 747 λόγους,

1075 757 1115 790 οἷς
1138 759 1299 795 ἀρέσκονται
1328 759 1437 794 ποιηταὶ
1453 759 1499 785 καὶ
1525 759 1680 792 φιλόσοφοι,
1704 760 1728 786 οἳ
1755 759 1858 795 [εοὶδί.

1075 803 1148 841 οἷον]
1173 805 1311 841 ποταμοὺς
1327 805 1411 840 πυρὸς
1427 806 1467 837 είς
1485 806 1594 832 κόλασιν
1611 807 1758 836 ἐκτιθέασι,
1776 807 1860 842 Πυρι-

1076 851 1263 885 φλεγέθοντας,
1281 851 1427 884 Κωκυτούς
1440 859 1470 877 τε
1488 851 1534 878 καὶ
1556 851 1724 886 ’Λχέροντας,
1741 851 1861 887 πληθννῳ

1041 897 1063 924 Β
1076 898 1159 929 τικῶς
1172 898 1227 933 (Ἡ)
1252 897 1322 924 οὕτω
1341 907 1399 930 πως
1417 897 1594 934 εἰρημένους·
1613 895 1710 924 οἷστισι
1731 898 1863 930 τοιούτοις

1077 944 1217 976 κολάζουσι
1225 943 1284 980 [ηις.
1293 944 1356 975 575,
1365 942 1462 971 οἷστισι
1472 943 1541 979 uel.)
1554 945 1685 979 ποταμοῖς
1691 945 1715 971 οἱ
1723 946 1785 980 παρ’
1797 945 1864 979 ὑμῖν

1079 989 1175 1025 [σοίδί.
1191 990 1268 1026 ἡμῖν]
1285 990 1395 1024 ποιηταὶ
1407 991 1455 1016 καὶ
1467 990 1604 1024 φιλόσοφοι
1618 990 1666 1025 τὴν
1680 991 1789 1017 κακίαν.
1806 991 1862 1016 Καὶ

1077 1035 1212 1061 Τάνταλον
1225 1035 1288 1070 δίψῃ
1304 1035 1368 1069 φασὶ
1381 1035 1472 1068 (ibitl.)
1488 1035 1667 1070 κολαζόμενον
1685 1035 1779 1071 [CoisL
1795 1036 1862 1070 δίψῃ

1078 1079 1148 1115 κολ.]
1157 1080 1199 1114 ἐφ’
1209 1079 1302 1111 ὓδατος
1309 1080 1443 1115 ἑστηκότα
1454 1080 1535 1115 μέχρι
1546 1080 1678 1115 στόματος
1688 1082 1733 1107 καὶ
1744 1081 1862 1114 γενείου,

1079 1125 1201 1159 Ὄμηρος
1218 1124 1327 1159 (Odyss.
1346 1125 1400 1158 XI),
1421 1124 1478 1151 ἀλλ’
1493 1125 1548 1156 ὅτε,
1564 1125 1655 1160 φησὶν,
1672 1126 1687 1151 ὁ
1705 1125 1793 1160 γέρων
1813 1125 1862 1151 κὺ-

1077 1170 1136 1204 ψειε
1143 1171 1228 1197 πιέειν
1240 1170 1395 1205 μενεαίνων,
1408 1170 1596 1204 καταζήνασκε
1608 1170 1703 1206 [CoisL
1721 1170 1862 1206 κατεζήν.)

1078 1216 1191 1251 δαίμων,
1209 1215 1341 1251 ξηραίνων
1368 1217 1417 1251 τὴν
1436 1217 1464 1242 ἐν
1529 1216 1625 1250 ἕστηκε
1641 1216 1747 1251 λίμνην.
1765 1216 1862 1242 Τιτυὸν

1078 1262 1106 1288 δὲ
1121 1263 1167 1288 ἐπὶ
1179 1261 1263 1288 πολλὰ
1275 1263 1398 1296 κείμενον
1414 1262 1469 1296 (72)
1485 1262 1602 1298 πέλεθρα
1612 1262 1747 1297 (τοσοῦτος
1759 1262 1814 1297 γὰρ
1827 1260 1862 1297 ἦν

1079 1311 1109 1334 τὸ
1132 1308 1238 1342 σῶμα),
1259 1308 1346 1342 ὅρνισι
1370 1308 1400 1334 τὸ
1425 1305 1502 1344 ἦποιρ
1518 1308 1674 1344 κειρόμενόν
1698 1317 1726 1334 τε
1749 1308 1796 1335 καὶ
1818 1309 1862 1335 ἀεὶ

1080 1353 1243 1388 ἐσθιόμενον,
1258 1355 1281 1380 εἰ
1293 1354 1340 1380 καὶ
1355 1354 1399 1380 ἀεὶ
1410 1354 1594 1390 πληρούμενον
1609 1354 1676 1390 [τηε.
1688 1355 1804 1381 5ῖ5ὲσθ.
1815 1355 1861 1381 καὶ

1082 1400 1118 1434 μὴ
1136 1398 1248 1435 πληρ.],
1272 1401 1286 1426 ό
1309 1400 1394 1434 μῦθός
1427 1408 1509 1435 φησι”
1542 1399 1636 1432 Ἰξίονα
1652 1401 1680 1427 δὲ
1697 1399 1864 1436 ροιζουμένφ

1079 1444 1168 1480 τροχῷ
1183 1444 1370 1479 συνδεδεμένον
1383 1445 1429 1471 καὶ
1443 1445 1674 1480 συγκυκλούμενον
1685 1445 1750 1478 (75)
1761 1445 1807 1471 καὶ
1817 1443 1863 1472 οὗ-

1080 1499 1121 1517 τοι
1140 1491 1188 1525 μὲν
1202 1492 1225 1517 οἱ
1238 1491 1292 1517 τῶν
1305 1492 1334 1517 ἐν
1354 1491 1417 1526 ᾇδου
1433 1491 1618 1527 κολαστηρίων
1637 1490 1799 1526 ἠξιωμένοι·
1818 1492 1864 1517 οὐ-

1081 1537 1139 1562 τοσὶ
1153 1536 1182 1562 δὲ
1202 1536 1216 1561 ὁ
1239 1536 1381 1571 ἐξάγιστος
1405 1537 1545 1568 Ἰουλιανὸς
1564 1538 1659 1568 τίνωνς
1681 1537 1759 1567 πολὺ,
1785 1537 1862 1571 φησὶ,

1082 1581 1278 1617 χαλεπωτέρων
1299 1581 1400 1608 τούτων
1422 1582 1470 1608 καὶ
1492 1583 1614 1609 πείσεται
1637 1583 1683 1609 καὶ
1707 1582 1863 1617 οἰμώξεται,

1082 1627 1136 1661 ὅσῳ
1147 1627 1193 1654 καὶ
1205 1627 1322 1662 πονηρία
1338 1627 1417 1663 [forte
1430 1628 1556 1664 πονηρίᾳ]
1572 1629 1728 1663 διήνεγκεν·
1747 1629 1807 1655 ἐπεὶ
1817 1629 1865 1655 καὶ

1083 1673 1109 1699 αἱ
1123 1673 1206 1704 τίσεις
1220 1673 1266 1699 καὶ
1280 1673 1426 1705 ἀντιδόσεις
1441 1674 1511 1700 κατὰ
1525 1673 1554 1700 τὸ
1566 1674 1664 1709 μέτρον
1675 1674 1800 1709 νέμονται
1810 1674 1866 1701 τῶν

1082 1719 1190 1753 ἡμαρτη
1196 1719 1292 1753 μένων.

1118 1816 1176 1844 Col.
1193 1817 1244 1843 716
1265 1817 1287 1843 A
1307 1817 1333 1844 5.
1348 1817 1439 1844 Τοῦτό
1454 1826 1497 1843 τοι
1518 1816 1583 1843 ἀντὶ
1607 1816 1699 1849 ποδὸς
1722 1816 1864 1849 ξεινήῖον.

1083 1864 1197 1900 Εἴρηται
1215 1863 1252 1894 ὡς
1274 1863 1415 1894 Ὀδυσσεὺς
1435 1863 1610 1898 ὑποστρέψων
1632 1862 1738 1888 Ἰλιόθεν
1760 1863 1866 1893 πολλοῖς

1083 1912 1274 1946 περιπέπτωκε
1300 1909 1371 1944 (cod.
1390 1917 1414 1944 p.
1427 1909 1490 1943 27S)
1516 1908 1663 1940 κινδύνοις,
1683 1908 1730 1935 καὶ
1752 1908 1867 1942 εἰκοστῷ

1084 1956 1176 1992 [CoisL
1193 1954 1408 1992 περιπεπτωκὼς
1423 1955 1490 1981 κινδ.
1511 1954 1577 1990 εἰκ.]
1600 1954 1653 1980 ἔτει
1667 1954 1695 1980 ἐν
1712 1953 1752 1989 τῷ
1770 1953 1867 1980 ἑαυτοῦ

1083 2003 1198 2037 ἔφθασεν
1219 2003 1306 2037 οἴκῳ,
1334 2001 1434 2036 πτωχῷ
1457 2001 1565 2036 ὅμοιος,
1585 2000 1651 2035 μηδὲ
1667 1999 1868 2034 γνωριζόμενος

1084 2049 1136 2075 ὑπό
1151 2056 1232 2080 τινος,
1251 2048 1297 2074 καὶ
1312 2047 1447 2082 προφάσει
1462 2046 1576 2081 δοκιμῆς
1590 2046 1620 2071 τὸ
1635 2045 1710 2078 τόξον
1723 2045 1865 2079 λαμϐάνει,

1082 2093 1156 2129 ᾧτινι
1180 2094 1331 2130 Πηνελόπη,
1350 2094 1411 2124 τοὺς
1425 2093 1524 2126 ἑαυτῆς
1546 2091 1640 2128 (Com.
1656 2090 1779 2125 ἑαυτοὺς]
1804 2091 1866 2123 ἐξα-

1084 2142 1198 2168 πατῶσα
1223 2140 1397 2175 μνηστῆρας,
1423 2138 1540 2170 τοξεύειν
1564 2137 1633 2164 κατὰ
1657 2137 1710 2163 τῶν
1725 2137 1799 2163 όπῶν
1812 2136 1869 2163 τῶν

1084 2187 1218 2214 πελέκεων
1241 2185 1422 2212 διεκελεύετο⁸
1440 2184 1494 2210 τῶν
1519 2183 1546 2210 δὲ
1574 2183 1768 2217 ἡπορηκότων,
1791 2180 1868 2213 οὗτος

1048 2229 1070 2257 1)
1085 2233 1196 2259 ἐντείνει
1212 2231 1261 2266 μὲν
1274 2231 1304 2257 τὸ
1317 2231 1403 2263 τόξον,
1422 2230 1467 2255 καὶ
1485 2228 1530 2254 τοῦ
1545 2227 1646 2254 σκοποῦ
1661 2226 1759 2261 τυχὼν,
1773 2226 1868 2254 λοιπὸν

1083 2279 1129 2305 ἐπὶ
1149 2277 1279 2304 Ἀντίνοον
1303 2277 1349 2302 τὸν
1372 2275 1477 2311 πρῶτον
1502 2274 1593 2310 βάλλει
1616 2273 1670 2300 τῶν
1692 2274 1867 2308 μνηστήρων,

1084 2325 1197 2360 καιρίως
1212 2323 1323 2359 πλήξας,
1338 2323 1403 2358 ﬁgi);
1419 2322 1448 2348 ὃν
1465 2322 1510 2348 καὶ
1528 2321 1603 2347 τουτὶ
1622 2320 1651 2346 τὸ
1670 2319 1734 2350 ἔπος
1757 2319 1866 2353 (Odyss.

1084 2379 1152 2403 XXII,
1167 2371 1230 2405 290)
1254 2369 1449 2404 ἐπιφθέγγεται
1474 2367 1600 2397 πεσόντα,
1622 2367 1694 2393 Ἀντὶ
1717 2365 1805 2397 ποδὸς,
1821 2365 1868 2392 λέ-

1084 2426 1150 2452 των,
1166 2417 1239 2443 τουτί
1258 2425 1298 2443 σοι
1312 2415 1342 2442 τὸ
1368 2415 1453 2447 ξένιον
1469 2413 1563 2450 [CoisL
1577 2412 1690 2448 ξένειον]
1705 2412 1760 2447 (74)
1775 2419 1782 2427 '
1800 2411 1868 2438 πόδα

1082 2533 1136 2554 tam
1154 2527 1264 2561 scripsit
1283 2533 1344 2561 quae
1369 2525 1409 2552 sic
1429 2524 1555 2561 incipit:
1577 2522 1711 2561 ἰξολάζετε
1726 2522 1754 2549 δὲ
1769 2522 1798 2548 ἐν
1816 2521 1869 2557 ᾄδῃ

1081 2563 1172 2593 Τιτύς.
1189 2558 1259 2596 Lége
1269 2558 1413 2592 κολάζεται
1426 2559 1455 2586 δὲ
1469 2560 1497 2585 ἐν
1511 2558 1562 2594 ᾄδῃ
1578 2558 1683 2588 Τιτυός.

1122 2607 1176 2640 (75)
1198 2606 1264 2634 Vide
1281 2607 1404 2633 eumdem
1425 2604 1589 2640 scholiasten
1616 2604 1655 2637 (p.
1678 2602 1723 2636 44)
1742 2603 1775 2640 in
1796 2601 1870 2629 hunc

1082 2637 1203 2677 Gregorii
1215 2649 1322 2669 versum
1339 2644 1438 2675 (carm.
1449 2640 1476 2671 8,
1491 2638 1526 2666 De
1541 2639 1642 2669 anima,
1656 2645 1727 2664 vers.
1742 2637 1788 2671 58)
1807 2645 1813 2662 :

1178 2698 1303 2730 Ἰξίονος
1317 2697 1476 2724 κύκλωσιν
1494 2694 1728 2729 ἁλιτροτάτοιο...

1121 2754 1177 2789 (74)
1194 2753 1367 2789 Μνημονικὸν
1376 2751 1538 2789 ἁμάρτημα.
1555 2750 1681 2777 Eumanls
1697 2748 1867 2789 Qtesippum,

1086 2784 1141 2817 non
1163 2784 1311 2816 Antinoum
1330 2784 1612 2821 alloquiturI'Lapsus
1624 2790 1671 2812 est-
1684 2784 1766 2821 etiam
1785 2784 1869 2821 scho-

1087 2826 1179 2852 liastes
1192 2823 1359 2851 Montacutii.
1381 2819 1408 2849 lii
1426 2821 1596 2856 proverbium
1616 2823 1736 2856 cesserat
1750 2819 1802 2846 hoc
1820 2819 1869 2846 hc-

1088 2860 1253 2888 mistichium
1267 2867 1275 2886 :
1288 2857 1372 2884 Τοῦτό
1385 2854 1433 2884 σοι’
1443 2857 1503 2884 ἀντὶ
1517 2855 1596 2887 ποδὸς
1613 2854 1737 2890 ξεινήϊον.
