2046 3131
171 170 240 198 1155

618 169 764 197 SCIlOLlA
783 168 816 196 [Ν
833 168 936 198 ORAT.
951 169 973 196 ll
991 168 1132 196 CONTRA
1152 168 1339 199 JULIANUM.

1727 171 1797 201 HM

169 228 197 255 δὲ
211 227 283 262 λέγει
295 227 389 263 [σοίςί.
406 228 473 258 πόδα
486 228 557 264 λέγ.)
575 228 644 263 βοὸς,
664 229 755 255 ὅντινα
773 227 962 263 προσαιτοῦντι

1016 227 1076 254 nari
1091 227 1179 262 magis
1194 227 1336 262 proprium
1351 227 1420 263 erat)
1437 235 1486 263 pro
1501 235 1532 255 ea
1546 235 1599 263 qua
1614 228 1642 256 in
1663 227 1799 257 Christia'

170 273 210 309 τῷ
231 274 352 301 Ὀδυσσεί
367 274 420 301 ἀπὸ
435 274 484 309 τῆς
498 273 637 311 τραπέζης
651 274 740 301 λαϐὼν
752 273 797 301 καὶ
813 273 960 309 ἐπιῤῥίψας

171 320 263 352 κακῶς
279 319 385 355 διέθηκε
395 327 402 334 ·
427 320 557 356 κέχρηται
576 320 605 346 δὲ
624 320 710 354 τούτῳ
726 319 796 347 κατὰ
808 319 855 346 τοῦ
873 319 960 346 παλα-

173 366 269 400 μναίου
296 365 456 392 Είδωλιανοῠ
488 365 543 399 (75)
569 365 660 401 (οὕτω
683 365 738 401 γὰρ
763 365 845 392 αὑτὸν
869 364 961 392 καλεῖν

175 413 357 448 οίκειότερον)
374 412 432 439 ἀνθ’
447 407 487 438 ὧν
501 412 584 447 ὠμῶς
597 412 729 448 κέχρηται
747 413 796 439 καὶ
819 411 962 447 ἀπανθρὼ-

173 466 231 490 πως
245 459 428 494 Χριστιανοίς,
443 459 467 484 ει
480 458 527 485 καὶ
539 458 578 493 τῷ
592 458 680 493 κωδίῳ
693 459 742 493 τῆς
755 458 885 491 δοκούσης
901 458 962 483 ὲπι-

171 504 275 535 εικείας
285 504 329 531 τὸν
350 504 492 538 Ἀραΰικὺν
503 504 550 539 τῆς
565 504 662 539 μανίας
680 503 761 531 λύκον
775 503 829 538 (76)
847 504 964 538 ὑπεκρυ-

1013 281 1064 300 nos
1095 282 1162 301 usus
1178 278 1220 300 est
1239 274 1403 301 crudelitate
1419 294 1426 306 ,
1441 275 1493 303 etsi
1511 275 1646 303 simulatae
1668 283 1798 304 mansue-

1014 319 1117 346 tudinis
1135 319 1234 346 vellere
1249 319 1396 347 Arabicum
1411 320 1515 348 furoris
1537 321 1628 356 lupum
1646 321 1799 349 absconde-

1015 364 1061 391 rit.
1079 363 1184 396 Δὼστε,
1201 364 1229 391 id
1243 370 1284 392 est
1303 365 1414 399 optime,
1432 366 1564 401 praeclare
1579 374 1627 401 per
1640 367 1797 395 irrisionem

1015 410 1171 445 compellat,
1193 410 1312 445 propriis
1327 411 1426 446 [ipsum
1449 411 1540 439 verbis
1566 413 1712 444 allocutus,
1729 421 1799 448 quo-

1014 456 1087 483 niam
1103 456 1260 490 hujusmodi
1274 456 1409 484 dictiones
1436 465 1469 484 ex
1489 457 1606 485 ethnicis
1629 458 1797 486 carminibus

1016 509 1048 529 ac
1064 502 1250 530 monumentis
1266 502 1425 537 desumptas
1440 511 1501 530 esse
1520 507 1637 530 constat.

174 557 240 576 πτεν
256 548 317 584 [ηις.
338 549 389 577 573
403 550 525 586 cita-sxa].
538 550 635 582 λῷστε
645 550 674 577 δὲ
688 548 763 576 εἶπεν
776 550 836 577 ἀντὶ
851 549 897 576 τοῦ
915 548 1034 584 βέλτιστε
1058 547 1104 574 καὶ
1119 548 1193 580 καλὲ,
1209 548 1351 584 σαρκάζων
1371 550 1527 584 προσειπεῖν
1539 549 1566 575 δὲ
1578 549 1657 576 αὐτὸν
1677 549 1727 584 ἐφη
1743 549 1799 580 τοῖς

174 594 372 631 αὐτοῦ,ὲπειδὴ
392 596 446 623 τῶν
467 597 628 632 Ἑλληνικῶν
641 598 800 633 ποιημάτων
809 597 857 624 καὶ
872 595 1093 631 συγγραμμάτων
1109 596 1138 622 αἱ
1153 598 1328 631 κομμωτικαὶ
1344 596 1398 631 (77)
1417 593 1497 622 αὗται
1510 596 1596 628 λέξεις
1609 595 1797 631 γνωρίζονται.

210 641 279 670 Ibid.
312 641 355 668 1‘1.
395 642 545 676 Νειλῴους
582 644 769 678 καταράκτας
796 643 858 679 [mm
885 643 937 670 575
953 662 960 674 ,

172 685 310 721 Γκιτταῤῥλ
336 689 499 721 Αἰθιοπίας.
524 689 626 725 Πέτραι
649 690 750 725 ὑψηλαὶ
770 689 818 716 καὶ
830 687 962 722 ἁπότομοί

175 734 245 760 εἰσιν
260 733 377 768 ὕπερθεν
387 735 540 766 Αἰθιοπίας,
555 735 584 767 ἐξ
593 732 630 762 ὧν
641 736 865 772 καταρρήγνυται
877 736 891 761 ὁ
902 734 964 760 Νεῖ-

174 778 221 810 λος
235 779 282 805 καὶ
299 781 441 815 καταρρεῖ·
459 780 550 815 δούπῳ
568 780 596 807 δὲ
618 782 666 807 καὶ
689 781 748 816 ἤχῳ
772 779 862 814 πολλῷ
879 787 963 814 προσ-

179 825 367 860 αρασσόμενος
382 827 441 858 ταῖς
459 826 572 862 πέτραις
588 827 673 862 ὄνομα
686 827 726 862 τῷ
739 826 814 861 τόπῳ
826 824 964 852 Καταδού-

177 878 244 902 mus
259 870 353 906 [CoisL
370 871 440 898 κατὰ
453 871 568 908 δουπῶν]
580 872 695 907 ἀφῆκεν.
711 872 815 907 Ὠσπερ
829 871 857 898 δὲ
868 871 964 898 ἀδύνα-

176 922 224 941 τον
243 914 336 950 [CoisL
356 915 428 942 ὦσπ.
450 916 536 952 ἁδύν.]
552 917 653 944 τούτων
666 918 809 951 κατασχεῖν
826 916 870 942 τὸν
889 915 962 950 ῥοῦν,

1052 641 1207 668 ϐαιίιναειω
1226 642 1286 668 Nili
1305 643 1337 668 ab
1361 642 1509 676 Aflhiopia.
1537 643 1623 670 Petra:
1643 648 1707 670 sunt
1721 643 1799 670 altis-

1016 677 1091 713 simae
1116 692 1143 714 et
1168 692 1310 722 praeruptae
1342 694 1425 722 supra
1450 687 1597 722 [Ethiopiaz
1617 693 1757 720 montana,
1783 695 1800 715 e

1017 731 1117 766 quibus
1134 732 1242 766 prosilit
1258 738 1284 759 et
1306 731 1401 759 deﬂuit
1421 732 1498 759 Nilus
1516 742 1522 759 :
1553 737 1636 768 alque
1660 741 1714 760 non
1738 733 1800 760 sine

1017 777 1119 811 ingenti
1138 777 1240 812 δουπῴ,
1254 777 1279 804 id
1297 782 1339 805 est
1355 777 1447 805 sonitu
1464 785 1495 805 ac
1519 777 1628 813 fragore
1656 779 1741 813 petris
1760 779 1799 805 al-

1016 823 1121 854 liditur,
1134 823 1206 850 unde
1222 823 1304 850 etiam
1320 823 1384 850 huic
1400 824 1459 850 loco
1474 823 1681 864 Cataduparuni
1694 831 1796 851 nomen

1016 869 1133 896 inditum
1149 874 1201 897 est.
1221 869 1298 896 Sicut
1322 869 1406 904 igitur
1431 869 1601 904 impossibile
1623 875 1664 897 est
1691 871 1798 897 illarum

1016 914 1183 950 proﬂuentes
1197 922 1283 950 aquas
1298 922 1438 946 coercere,
1454 915 1504 947 sic,
1522 920 1550 941 ut
1564 916 1646 947 ait,et
1665 915 1800 942 Christia—

175 959 259 992 οὕτω,
274 961 366 996 φησὶν,
379 962 517 998 ἀμήχανον
532 964 578 990 κα).
587 963 637 995 τὰς
648 963 817 1000 Χριστιανῶν
829 961 962 997 γλώσσας-

1017 967 1113 988 norum
1130 961 1229 996 linguae
1244 960 1352 988 vincula
1371 960 1459 994 injici,
1474 969 1518 989 res
1530 965 1635 990 vestras
1651 962 1799 990 insectanti

177 1006 302 1042 πεδῆσαι,
311 1007 357 1034 τοῦ
367 1008 404 1044 μὴ
411 1008 446 1037 τὰ
457 1009 576 1044 ὑμέτερα
587 1009 733 1044 διελέγχειν
745 1009 962 1045 στηλιτευούσας.

216 1053 284 1080 Ibid.
303 1053 332 1080 Β.
354 1055 449 1082 Ταῦτα
470 1056 626 1088 Βασίλειος
641 1056 690 1083 καί
704 1058 875 1092 Γρηγυόριος.
896 1057 963 1083 Κοι-

179 1099 327 1126 νοποιείται
339 1100 477 1127 κάνταῦθα
494 1101 528 1127 τὰ
539 1102 636 1129 ἑαυτοῦ
652 1105 707 1136 τοῖς
719 1102 766 1129 τοῦ
780 1103 897 1138 μεγάλου
913 1103 963 1128 Βα-

181 1143 290 1178 σιλείου,
310 1145 366 1177 οὓς,
385 1147 477 1181 φησὶν,
502 1148 579 1180 εἰδὼς
596 1149 774 1184 ὁμονοοῦντας
795 1150 841 1176 καὶ
857 1150 964 1176 ἀντιδοο

176 1190 290 1223 ξοῦντάς
308 1201 359 1224 σοι,
381 1203 389 1218 ι
411 1193 460 1228 τὴν
482 1194 659 1222 Κυκλώπειον
687 1196 782 1232 ἐτίμας
802 1197 895 1232 τιμὴν,
919 1197 963 1224 καὶ

178 1235 349 1269 τελευταίους
365 1239 508 1274 ὲταμιεύου
524 1240 562 1275 τῷ
577 1241 701 1276 κινδύνῳ,
717 1241 765 1268 καὶ
781 1241 865 1277 δῶρον
879 1243 964 1268 ἐπινί-

175 1288 237 1307 κιον
252 1281 373 1314 ἐπενόεις
390 1285 444 1314 τοῖς
460 1284 595 1319 δαίμοσιν,
617 1286 643 1311 εἴ
656 1294 685 1312 σε
704 1287 757 1312 ἀπὸ
771 1287 820 1322 τῆς
835 1287 964 1322 Περσίδος

180 1326 368 1361 ὑπεδεξάμεθα
384 1327 446 1362 [uts.
462 1329 525 1361 573,
543 1329 625 1365 21:655.]
638 1331 818 1366 ἐπανήκοντα.
835 1332 964 1358 »Κυκλώ-

179 1379 255 1398 πειον
271 1372 299 1398 δὲ
314 1373 395 1409 τιμὴν
410 1374 469 1400 τίνα
485 1375 575 1408 λέγεις
599 1376 752 1410 Ὀδυσσεὺς,
768 1378 828 1404 καθ’
841 1379 963 1414 ’Όμηρον

179 1416 289 1452 (Odyss.
315 1420 363 1454 Ix),
381 1419 421 1446 ἔτι
437 1421 655 1457 περισωζομὲνης
676 1423 750 1458 αὐτῷ
765 1424 814 1458 τῆς
835 1424 897 1459 νηὸς
917 1425 963 1451 καί

178 1472 258 1490 τινων
275 1465 397 1501 ἑταίρων,
415 1467 454 1497 εἰς
473 1467 552 1501 νῆσον
574 1468 698 1504 καταίρει
714 1469 882 1497 Κυκλώπων.
909 1471 963 1497 Καὶ

174 1511 210 1545 δὴ
224 1511 275 1545 τῆς
289 1512 351 1547 νηὸς
377 1513 482 1544 ἀποῦὰς
498 1514 583 1540 ἄνεισι
599 1515 667 1550 πρὸς
682 1515 729 1550 τὴν
744 1517 835 1551 νῆσον,
850 1517 877 1543 εί
888 1526 963 1550 τινας

178 1557 329 1593 ἀνθρώπων
346 1558 420 1593 εὖροι
434 1560 636 1593 κατοικοῦντας.
660 1561 688 1588 ‘0
705 1562 733 1588 δὲ
750 1563 872 1599 σπηλαίῳ
893 1565 963 1600 κενῷ

180 1604 342 1639 περιτυχὼν,
363 1605 408 1631 καί
428 1614 487 1632 τινα
510 1608 610 1642 σημεῖα
633 1608 808 1636 ἐνοικούντων
826 1611 960 1646 εὑρηκὼς,
975 1627 996 1657 c

180 1649 191 1657 .
306 1650 312 1657 .
364 1651 370 1657 .
397 1652 401 1657 .
523 1650 569 1657 ε.-
604 1653 628 1657 -.
706 1654 711 1657 .
737 1654 741 1657 .
787 1655 793 1657 .
822 1656 825 1657 ,

177 1649 258 1684 ἔμενε
274 1650 336 1682 τοὺς
347 1651 489 1687 οἰκήτορας
499 1660 506 1667 '
521 1650 586 1688 ἦλθε
602 1653 630 1680 δέ
643 1663 684 1685 τις
699 1654 768 1690 ἀνὴρ
782 1655 851 1691 ὑπὲρ
863 1657 960 1693 ἄνδρα·

176 1694 236 1721 οὐδὲ
247 1695 301 1731 γὰρ
310 1696 399 1731 ἐῴκει,
409 1697 489 1732 φησὶν
510 1698 747 1735 ”Ομηρος(οι1ῃδδ.
756 1708 794 1731 lx,
806 1702 878 1737 190),
887 1703 963 1739 ἀνδρὶ

179 1742 326 1776 σιτοφάγῳ,
336 1742 454 1776 Κύκλωψ
462 1739 538 1774 οὗτος
548 1741 591 1779 ἦν,
601 1744 685 1780 ὄνομα
696 1746 867 1782 Πολύφημος,
880 1748 964 1784 θρέμ-

180 1794 251 1819 ματα
267 1786 311 1812 xui.
321 1787 410 1821 νέμων
424 1788 471 1814 κα)¹
486 1789 646 1816 εἰσελαύνων
661 1792 710 1826 ἤδη
727 1792 756 1818 ἐν
769 1792 808 1827 τῷ
823 1794 944 1829 σπηλαίῳ
954 1803 960 1810 ·

176 1832 192 1858 ὁ
203 1832 231 1858 δὲ
244 1832 337 1858 τοῦτον
350 1833 395 1859 καὶ
409 1835 470 1865 τοὺς
484 1835 607 1871 ἑταίρους
619 1836 689 1868 ἰδὼν,
702 1838 772 1870 τίνες
783 1837 836 1865 εἶεν
852 1840 945 1875 ἠρώτα
954 1849 960 1855 “

185 1877 326 1909 Ὸδωσσεὺς
340 1878 367 1905 δὲ
377 1880 520 1914 καταλέγει
536 1882 570 1908 τά
578 1891 606 1908 τε
621 1882 687 1909 ἄλλα
703 1885 748 1910 καὶ
761 1885 879 1920 τοῦνομα
889 1886 960 1921 (cod.

178 1930 205 1956 ῃ.
223 1922 285 1954 278,
300 1923 338 1957 2),
358 1920 438 1952 Οὖτιν
455 1927 548 1953 ἑαυτὸν
574 1929 769 1963 παρονομάζων
780 1939 786 1946 ’
802 1929 860 1957 εἶτα
875 1931 922 1958 σύν
933 1941 962 1958 τε

176 1967 223 1994 δύο
238 1969 291 1995 τῶν
307 1970 420 2006 ἑταίρων
444 1972 553 2007 μάρψας
570 1982 599 1999 τε
613 1974 660 2000 καὶ
675 1975 831 2011 συντρίψας,
847 1977 961 2009 δεῖπνον,

178 2015 261 2050 φησὶν
281 2015 401 2049 (Homer.
429 2017 448 2044 ί.
477 2026 500 2044 c.
524 2018 598 2053 239),
616 2020 704 2056 ἑαυτῷ
719 2024 843 2049 ποιεῖται.
867 2023 962 2058 Δείσας

176 2058 223 2088 οὖν
255 2061 398 2095 ὐδυσπεὺς
421 2064 484 2100 οἴνῳ
507 2066 587 2092 αὑτὸν
613 2067 754 2100 δεξιοῦται,
779 2069 808 2095 ὃν
833 2071 862 2097 ὲν
886 2072 962 2107 ἀσκῷ

178 2108 268 2144 φέρων
296 2106 358 2144 ἧκε,
389 2110 452 2141 καὶ,
484 2111 572 2145 λύγοις
599 2113 850 2148 ἐκμειλισσόμενος,
878 2106 962 2149 ξένιον

178 2153 321 2188 ἐπεζήτει·
345 2155 359 2180 ὁ
376 2154 404 2180 δὲ
424 2155 547 2190 πύματον
572 2156 623 2192 ἔφη
641 2157 749 2194 (Odyss.
776 2168 813 2191 Ix,
837 2160 899 2196 569)
917 2162 962 2188 τὸν

177 2197 260 2226 Οὖτιν
285 2200 454 2232 κατέδεσθαι,
474 2211 483 2226 ι
502 2201 587 2228 Τοῦτό
606 2211 646 2229 τοι
664 2203 779 2239 ξεινήϊον
804 2215 813 2230 ι
842 2207 961 2233 ἐπειπών

177 2244 258 2279 (αὕτη
273 2241 319 2271 οὖν
332 2246 348 2280 ἡ
361 2245 533 2278 Κυκλώπειος
543 2247 647 2283 εἴρηται
659 2249 758 2285 χάρις)·
774 2250 804 2277 ὃν
819 2251 847 2277 ὲν
857 2252 962 2288 ὑστέρῳ

1015 1012 1046 1032 ac
1062 1006 1250 1040 proseindenti
1266 1006 1324 1033 tieri
1341 1013 1395 1032 non
1414 1011 1514 1040 potest.

1051 1051 1114 1079 Illac
1135 1052 1181 1080 tibi
1196 1052 1314 1079 Basilius
1328 1058 1351 1079 et
1369 1052 1521 1087 Gregorius.
1536 1052 1585 1080 llic
1605 1053 1715 1088 propria
1736 1061 1799 1081 cum

1015 1097 1106 1135 Magni
1121 1098 1215 1125 Basilii
1232 1099 1361 1133 operibus
1374 1098 1529 1134 coniungit,
1556 1107 1636 1134 quos,
1662 1100 1711 1131 ait.
1736 1108 1798 1127 cum

1014 1144 1126 1173 noveris
1140 1145 1290 1172 concordes
1305 1152 1336 1171 ac
1353 1145 1401 1172 tibi
1417 1145 1601 1178 adversarios,
1622 1156 1631 1172 ι
1652 1146 1798 1181 Cyclopico

1014 1189 1120 1215 honore
1136 1188 1284 1222 atliciebas,
1300 1195 1507 1225 postremosque
1530 1190 1564 1218 ad
1589 1191 1740 1230 periculum
1757 1200 1799 1219 rc-

1015 1235 1153 1266 servabas.
1164 1243 1195 1262 ac
1208 1235 1324 1264 fortasse
1335 1240 1464 1270 tanquam
1476 1237 1639 1272 triumphale
1662 1238 1797 1273 quoddam

1014 1282 1110 1317 ingens
1125 1286 1152 1309 et
1168 1282 1342 1317 magnificum
1360 1291 1461 1310 munus
1480 1282 1649 1312 daemonibus
1663 1285 1800 1318 excogita-

1014 1329 1073 1361 bas,
1091 1328 1114 1356 si
1131 1332 1156 1356 te
1172 1336 1186 1355 a
1202 1328 1313 1356 Perside
1329 1329 1487 1357 redeuntem
1506 1330 1687 1365 excepissent.
1708 1340 1717 1356 ι
1733 1330 1800 1364 Qui-

1014 1382 1077 1401 nam
1094 1379 1184 1402 autem
1200 1375 1367 1410 Cyclopicus
1387 1376 1431 1402 hic
1445 1376 1532 1403 honor
1545 1377 1604 1403 est?
1621 1375 1751 1412 Ulysses,
1769 1381 1798 1404 ut

1015 1421 1149 1448 Homerus
1163 1422 1293 1456 prodidit,
1308 1422 1397 1449 adhuc
1415 1414 1587 1457 salvata’ipsi
1604 1430 1673 1450 nare
1689 1428 1716 1450 et
1731 1431 1799 1451 non—

1014 1468 1095 1495 nullis
1112 1468 1219 1499 amicis,
1238 1469 1265 1495 in
1294 1468 1442 1503 Cyclopum
1460 1469 1576 1496 insulam
1592 1469 1705 1504 appulit.
1716 1469 1801 1496 Cum-

1013 1521 1066 1548 que
1083 1521 1097 1540 e
1113 1514 1174 1540 navi
1186 1514 1374 1542 descendisset
1394 1522 1425 1541 ac
1451 1522 1499 1550 per
1518 1515 1634 1542 insulam
1649 1516 1799 1548 oberraret,

1015 1559 1039 1586 si
1062 1567 1132 1594 quos
1148 1560 1252 1587 incolas
1267 1560 1410 1594 inveniret,
1427 1561 1453 1587 in
1472 1564 1582 1588 antrum
1602 1561 1739 1596 quoddam
1758 1561 1801 1590 in-

1014 1605 1090 1635 cidit.
1107 1606 1215 1640 illicque
1229 1607 1306 1641 signa
1321 1607 1444 1642 quadam
1462 1607 1612 1634 incolarum
1629 1613 1736 1640 nactus.
1757 1609 1801 1636 in-

1013 1650 1087 1677 colas
1111 1652 1296 1685 exspectabat.
1315 1651 1394 1678 Venit
1411 1656 1503 1679 autem
1520 1653 1562 1679 vir
1583 1653 1694 1687 quidam
1708 1653 1798 1680 inusi-

1012 1699 1076 1723 tatae
1098 1697 1303 1731 magnitudinis.
1321 1697 1414 1732 Neque
1432 1699 1504 1725 enim
1516 1717 1523 1730 .
1538 1702 1567 1725 ut
1583 1697 1693 1726 Homeri
1709 1699 1799 1726 verbis

1013 1748 1083 1774 utar,
1103 1743 1201 1771 similis
1212 1747 1271 1771 erat
1286 1744 1346 1770 viro
1370 1743 1536 1771 frumentum
1557 1744 1658 1772 edenti.
1682 1744 1799 1779 Cyclops

1013 1796 1095 1823 porro
1111 1789 1155 1816 hic
1169 1794 1244 1822 erat,
1266 1790 1378 1817 nomine
1391 1789 1586 1825 Polyphemus.
1607 1795 1731 1818 armenta
1751 1799 1799 1825 pa-

1012 1842 1092 1862 scens
1111 1842 1197 1870 eaque
1211 1835 1268 1869 jam
1293 1835 1320 1861 in
1340 1839 1449 1862 antrum
1472 1835 1618 1862 reducens.
1640 1836 1692 1869 Qui
1707 1856 1714 1866 .
1737 1837 1798 1863 viso

1013 1879 1109 1915 Ulysse
1137 1880 1252 1914 ejusque
1276 1880 1384 1912 sociis,
1421 1879 1533 1914 quinam
1562 1884 1657 1907 essent
1675 1880 1797 1915 rogabat.

1012 1924 1124 1960 Ulysses
1154 1929 1255 1957 autem,
1277 1932 1338 1951 cum
1367 1925 1431 1956 alia,
1466 1929 1524 1951 tum
1558 1933 1661 1952 nomen
1689 1932 1798 1960 quoque

1013 1979 1092 1998 suum
1108 1972 1237 2006 exponit,
1251 1971 1391 1998 Neminem
1411 1971 1518 1998 scilicet
1549 1972 1667 2006 seipsum
1690 1979 1797 1998 nuncu-

1012 2025 1089 2051 pans.
1106 2017 1174 2044 Ttun
1190 2025 1254 2044 vero
1272 2017 1317 2044 ille
1330 2017 1401 2044 duos
1416 2025 1449 2044 ex
1474 2017 1543 2052 ipsis
1570 2017 1651 2045 simul
1673 2022 1799 2052 arreptos

1012 2063 1150 2093 contrivit.
1168 2071 1318 2098 eorumque
1333 2063 1505 2098 corporibus,
1519 2068 1548 2090 ut
1560 2064 1608 2096 ait,
1623 2064 1675 2091 sibi
1691 2071 1797 2091 cumam

1011 2109 1127 2143 paravit.
1144 2108 1309 2136 Perterritus
1321 2109 1403 2143 igitur
1419 2108 1532 2144 Ulysses
1555 2109 1630 2140 vino,
1654 2109 1728 2144 quod
1753 2118 1798 2137 se—

1012 2161 1074 2181 cum
1088 2154 1114 2181 in
1133 2158 1194 2181 utrc
1207 2153 1355 2187 detulerat,
1373 2162 1434 2181 eum
1447 2154 1555 2186 delinit,
1576 2162 1608 2181 ac
1625 2155 1716 2182 verbis
1728 2154 1798 2181 mul—

1012 2205 1065 2231 cet,
1085 2209 1239 2236 munusque
1255 2201 1391 2236 hospitale
1412 2201 1446 2228 ah
1461 2209 1493 2227 eo
1515 2201 1639 2236 requirit.
1668 2201 1714 2228 Ille
1732 2208 1799 2228 vero

1013 2245 1081 2272 dixit
1103 2251 1270 2280 postremum
1293 2247 1435 2274 Neminem
1448 2251 1598 2274 comestttm
1624 2247 1658 2274 iri
1679 2255 1686 2274 :
1704 2257 1712 2273 ι
1727 2247 1796 2281 Hoc,

177 2290 216 2324 τῷ
231 2290 295 2325 οἴνῳ
317 2291 366 2321 τὰς
380 2292 481 2326 φρένας
499 2292 667 2327 δαμασθέντα
681 2295 786 2322 ἐτίσατο
808 2297 960 2332 Ὀδυσσεὺς,

1013 2291 1109 2326 inquit,
1127 2292 1175 2319 tibi
1189 2292 1325 2327 hospitale
1339 2301 1439 2324 munus
1457 2293 1532 2328 (haec
1554 2294 1638 2329 igitur
1661 2294 1797 2329 Cyclopea

177 2335 316 2371 ὀφθαλμοῦ
332 2336 456 2368 ἀλαώσας
475 2346 503 2364 τε
522 2338 567 2364 καὶ
583 2340 782 2376 ἀποστερήσας.

212 2463 281 2491 Ibid.
308 2464 329 2491 C
355 2465 380 2492 l.
406 2467 448 2492 Οὐ
480 2466 535 2500 γὰρ
564 2468 771 2505 ἀγεννέστεροι
801 2472 859 2498 τῶν
894 2482 960 2500 νεα-

177 2509 291 2539 νίσκων
311 2511 444 2539 ἐκείνων.
460 2512 519 2539 Τῶν
533 2514 616 2549 τριῶν
632 2515 703 2550 λέγει
722 2517 833 2550 παίδων,
848 2519 895 2546 καὶ
909 2521 961 2546 Δα-

176 2556 236 2592 νιὴλ
245 2555 292 2584 τοῦ
306 2558 456 2593 προφήτου,
468 2559 514 2585 καὶ
521 2559 575 2585 τῶν
589 2560 610 2592 ζ’
620 2561 804 2590 Μακκαὸαίων
819 2566 867 2592 σὺν
878 2566 960 2601 μητρὶ

212 2654 267 2691 (75)
289 2654 354 2691 Vide
370 2664 452 2691 supra
467 2657 501 2686 ad
520 2659 571 2686 col.
591 2659 642 2687 604
655 2661 676 2688 Δ
693 2661 734 2688 Η.

211 2690 267 2724 (76)
288 2690 410 2727 βυθίους
424 2693 514 2720 forsan
533 2695 652 2722 animum
667 2697 823 2725 intendebat
835 2698 869 2726 ad
885 2699 958 2727 hunc

175 2723 266 2767 locum
288 2725 405 2766 Matthgei
426 2729 485 2767 (tut.
502 2729 576 2767 15)“:
603 2723 958 2767 aposéxéze’"8t"€£a"éitli

174 2758 414 2802 ιὶιςευδοπροφηῖῷν,
429 2758 674 2802 ὀἵτινεςίέρχονται
692 2758 763 2802 iam;

175 2793 285 2838 ςξῖμιαρί
298 2793 455 2838 πρὸὸᾴτωιν,
480 2793 628 2838 ἔσῴφεῇῗδέ
651 2802 703 2838 sic;
718 2793 955 2838 ’λῦκὸί”ἐιξ›τέἀγὲξ.

176 2828 253 2869 Quod
276 2828 346 2869 vero.
361 2832 478 2869 similius
502 2835 638 2861 videbitur
657 2837 679 2863 si
701 2828 866 2869 attendatiti',
881 2828 957 2867 illo]:

178 2864 269 2907 t'i'ullosl
292 2865 419 2907 antiquos
436 2867 530 2907 Patres
553 2870 579 2896 iu
600 2871 658 2898 suis
677 2864 877 2907 exetuplaribus

175 2897 242 2930 δέοις
261 2897 389 2932 habuisse
408 2909 457 2936 pro
473 2903 601 2938 ἐνδύμασι
625 2897 695 2940 (vide
717 2897 954 2937 Priciiiiiii‘lllui-tlt.

1013 2337 1114 2365 dicitur
1126 2339 1252 2375 gratia)»
1270 2339 1355 2373 Quem
1380 2349 1526 2373 vero,cum
1549 2341 1657 2368 demum
1685 2342 1798 2378 Ulysses

1012 2384 1099 2418 ipsius
1125 2389 1243 2412 mentem
1266 2386 1331 2414 vino
1352 2387 1554 2418 concussisset,
1577 2388 1665 2415 oculis
1688 2387 1796 2416 'orbavit

1013 2433 1095 2464 atque
1107 2430 1142 2456 ita
1161 2438 1257 2464 pinnas
1273 2432 1402 2466 sumpsit.

1050 2474 1139 2510 Neque
1166 2477 1235 2502 enim
1265 2477 1471 2505 adolescentibus
1504 2479 1558 2506 illis
1581 2480 1726 2514 ignaviores
1748 2489 1795 2507 su-

1015 2530 1083 2549 mus.
1102 2522 1169 2550 Tres
1187 2523 1254 2550 dicit
1267 2531 1383 2557 pueros,
1408 2529 1436 2551 et
1458 2524 1597 2552 Danielem
1624 2527 1796 2560 prophetam,

1014 2572 1040 2596 et
1055 2572 1158 2601 septem
1172 2567 1341 2596 Machabaeos
1359 2577 1420 2596 cum
1433 2575 1518 2598 matre
1531 2579 1564 2598 ac
1579 2572 1706 2606 pontiﬁce
1723 2573 1795 2607 peri-

1013 2666 1148 2701 loc.cit.).
1169 2667 1210 2694 Ad
1230 2669 1354 2696 eumdem
1397 2667 1487 2695 locum
1506 2670 1599 2696 cmlem
1623 2670 1705 2696 verbo
1743 2672 1796 2698 uti-

1013 2708 1057 2729 tur
1073 2702 1220 2740 Gregorius
1233 2703 1260 2730 in
1278 2703 1328 2730 hoe
1342 2712 1421 2732 versu
1435 2706 1565 2733 carminis
1582 2707 1614 2733 t7
1633 2713 1726 2733 contra
1743 2706 1798 2740 [al-

1012 2745 1054 2764 sor
1072 2737 1217 2772 episcopos,
1237 2746 1307 2766 vers.
1324 2741 1358 2767 38
1377 2749 1382 2766 :

1067 2772 1102 2808 re
1118 2771 1227 2799 κώδιον
1245 2773 1383 2808 πάρελθε,
1399 2775 1454 2801 τὸν
1468 2775 1564 2802 λύκον
1576 2775 1683 2808 βλέπε.

1048 2807 1104 2846 (77)
1131 2807 1404 2846 (ξοίμεικκωμωτικαί.
1428 2807 1581 2845 Gregorius
1599 2811 1681 2838 verbo
1710 2810 1796 2846 λῷστε

1011 2842 1100 2880 ridere
1111 2843 1197 2880 voluit
1212 2843 1350 2880 lulianum
1361 2846 1465 2872 Atticos
1479 2842 1585 2880 lepores
1610 2842 1796 2874 aﬂ'cctaniem.

1012 2876 1068 2903 Vox
1086 2882 1128 2904 est
1150 2879 1248 2912 priscis
1271 2881 1430 2908 auctoribus
1448 2876 1546 2911 Atticis
1561 2882 1629 2909 satis
1653 2882 1751 2909 usitata
1768 2886 1795 2909 et

1014 2912 1084 2947 apud
1100 2914 1234 2948 sophistas
1251 2913 1478 2949 frequentissima.
1619 2926 1621 2929 ν
