2046 3131
244 168 314 196 “'55

952 167 1078 195 BASlLll
1094 167 1205 196 MlNlMl

1799 169 1870 197 "56

243 229 315 256 culis
340 235 400 256 sese
426 227 606 261 objicientes,
629 234 733 262 eosque
756 227 802 262 qui
825 231 854 254 te
881 227 1032 262 imperante

1084 230 1131 255 καὶ
1148 230 1215 265 ἱερεῖ
1227 226 1514 263 συγκινδυνευσὰντων,
1528 229 1574 256 καὶ
1587 229 1640 256 τῶν
1651 239 1660 255 ι
1672 229 1732 256 Ἐπὶ
1746 230 1793 258 σοῦ
1808 240 1871 259 νεα-

244 278 389 302 strenuum
403 274 525 300 animum
550 273 755 308 przestiterunt;
770 281 803 300 ex
827 273 929 308 quibus
951 273 1031 304 alter,

244 328 307 347 cum
327 319 447 347 Deorum
468 323 577 346 tuorum
598 319 677 346 matri
701 320 900 347 contumeliam
922 319 1033 346 intulis-

243 372 298 398 set,
323 372 406 401 atque
428 365 516 400 ipsius
541 372 618 392 aram
642 365 795 400 dirupisset
823 369 851 393 et
874 365 1032 397 evertisset,

244 417 376 448 tanquam
391 420 453 440 reus
472 416 585 439 vocatus
601 416 653 444 est,
672 415 702 438 ut
717 412 807 438 victor
828 417 919 439 autem
938 412 972 438 ad
991 412 1033 438 in-

244 458 459 494 terrogationem
478 458 620 493 ingressus
635 462 688 489 est,
707 464 739 484 ac
755 465 816 484 cum
842 457 939 491 majori
964 457 1033 484 [idu-

244 505 287 532 cia
315 508 342 531 et
371 504 499 531 libertate
527 511 658 538 egressus
688 506 743 530 est.
775 502 931 530 Periculum
959 503 1032 530 enim

243 559 326 587 quem
342 558 397 577 non
414 550 479 577 vicit
495 550 582 584 magis
594 557 655 576 eum
670 549 824 576 conﬁrmat.
846 559 855 574 ι
876 549 951 576 Alter
968 556 1033 575 vero

243 602 302 624 toto
318 604 434 630 corpore
450 595 591 630 δορκαλίσι
602 595 770 622 dilaceratus
791 604 800 620 ›
820 595 855 629 [id
871 598 914 622 est
924 602 1034 629 capreze

244 642 337 669 nervis
353 650 385 669 ac
401 642 478 668 loris.
494 641 569 674 Quos
583 645 673 668 autem
693 648 754 668 esse
774 643 888 666 narrant
912 639 1032 666 Arethu-

245 689 317 715 sium
338 687 475 719 Marcum,
498 687 664 721 beatumque
685 686 834 713 Eusebium
856 685 1034 712 Samosaten-

245 743 313 762 sem.
330 733 364 760 Et
382 734 488 767 reliqua
504 732 746 760 animadversione
772 731 865 766 digna.
893 731 1033 765 quomodo

246 780 395 808 irrideatur
419 784 502 814 atque
517 779 636 806 ludibrio
651 782 774 806 vertatur
799 778 943 812 impiorum
957 777 1033 804 furor

244 826 376 862 patientia
389 826 506 860 piorum,
520 829 547 851 et
563 832 647 859 parva
668 825 761 851 omnia
778 823 837 850 dira
848 844 856 856 ,
871 828 898 850 et
913 824 1032 849 maxima

244 872 329 904 dices,
359 872 392 898 ad
418 871 554 898 excelsam
583 878 766 905 magnamque
790 869 887 896 anima:
911 873 1030 904 paratam

242 917 401 945 elationem.

282 970 347 999 Haec
365 972 452 998 oratio
479 971 622 1006 Porphyrii
647 971 803 998 ntenduciis.
829 970 882 997 Iste
905 969 1032 1005 Porphy-

246 1019 308 1046 rius
320 1019 454 1046 adversus
471 1018 550 1045 lidetu
571 1023 693 1044 nostram
718 1018 847 1051 scripsit,
863 1022 890 1044 et
907 1017 940 1044 de
957 1016 1032 1044 (irae-

245 1073 340 1093 corum
357 1065 544 1100 dogmatibus,
573 1069 703 1098 tanquam
730 1064 831 1091 divinis
849 1067 876 1090 et
893 1063 1032 1090 admiran-

244 1112 299 1143 dis,
314 1111 394 1138 verba
411 1111 528 1142 faciens,
548 1111 650 1136 multas
676 1117 763 1142 nugas
791 1114 873 1143 atque
893 1109 1031 1143 excogita-

245 1159 336 1184 tiones
355 1148 488 1188 condidit;
504 1160 636 1190 tanquam
649 1155 707 1190 ipse
723 1158 798 1181 esset
820 1155 867 1188 qui
890 1155 990 1180 coelum
1004 1158 1031 1181 et

246 1209 350 1231 terram
372 1208 494 1230 creasset
516 1208 597 1236 atque
622 1201 825 1233 εοιιειίιιιὶεερις
853 1207 902 1227 llCC
918 1204 1037 1227 tantum-

246 1249 327 1277 modo
342 1250 375 1276 dc
393 1249 517 1276 rebusin
531 1256 640 1279 sensus,
658 1247 705 1275 sed
724 1248 806 1274 etiam
823 1248 851 1274 in
876 1247 1034 1281 intelligen-

245 1296 311 1323 tiam
327 1295 491 1323 cadentibus
509 1295 594 1322 multa
611 1295 762 1321 insolenter
782 1293 940 1320 blateravit.

279 1365 333 1390 Aut
351 1364 431 1390 etiam
447 1371 502 1397 pne
521 1362 698 1396 Misopogone.
719 1362 786 1389 Cum
804 1361 930 1388 Julianus
942 1361 1036 1388 Antio-

246 1411 337 1438 chiam
362 1410 494 1442 venisset,
524 1409 656 1437 adversus
689 1408 787 1436 Persas
817 1416 880 1435 cum
913 1409 1035 1435 exercitu

246 1459 401 1494 prolectus,
420 1458 620 1485 Antiochenscs
633 1465 695 1484 eum
713 1457 766 1483 alia
783 1456 879 1491 ipsius,
900 1459 957 1482 tum
970 1456 1029 1482 bar-

246 1505 309 1532 bam
324 1505 409 1532 etiam
426 1504 532 1531 cavillis
558 1503 745 1535 incesserunt,
767 1506 797 1528 ut
820 1502 878 1537 ipse
901 1502 1034 1536 opinaba-

247 1556 302 1583 tur,
320 1549 483 1585 prol‘undam
496 1553 523 1577 et
545 1549 691 1580 hirsutam,
719 1552 745 1575 et
765 1548 977 1579 sacerdotalem,
1000 1547 1035 1574 ob

246 1606 329 1633 quam
345 1604 436 1625 tamen
450 1597 508 1632 ipse
527 1603 691 1631 magnopere
702 1595 753 1622 sibi
769 1595 905 1629 placebat.
926 1594 964 1621 Illi
983 1602 1032 1620 au-

245 1647 300 1672 tem
316 1643 425 1678 oblique
439 1649 500 1670 eum
519 1646 549 1668 ut
566 1640 1033 1676 Apostatamirridebant,barbam-

246 1697 300 1724 que
314 1688 450 1715 conviciis
463 1687 650 1715 incessebant.
670 1686 810 1714 Adversus
827 1694 897 1721 quos
914 1686 1034 1721 Misopo-

247 1742 346 1770 gonem
361 1734 436 1761 illum
454 1734 567 1768 scripsit
580 1737 608 1760 et
636 1733 848 1765 Antiochicum;
867 1740 987 1767 namque
1007 1737 1034 1760 et

247 1780 325 1807 illum
341 1780 432 1807 libello
447 1779 558 1806 titulum
576 1779 730 1814 inscripsit.
747 1778 880 1806 Fucatum
903 1778 955 1813 ipsi
967 1786 1032 1805 ora-

247 1827 332 1854 tionis
348 1826 529 1860 propositum.
546 1825 674 1853 Laudans
691 1826 764 1852 enim
781 1825 927 1860 vituperat.
945 1829 972 1851 et
988 1833 1034 1859 pa-

247 1879 307 1898 rum
322 1878 421 1898 curare
443 1870 595 1903 simulans,
621 1874 652 1897 ut
678 1870 860 1904 philosophus
884 1869 1009 1896 videlicet
1025 1889 1032 1900 ,

247 1917 360 1944 omnino
376 1917 416 1943 ira
437 1917 570 1948 vincitur,
593 1916 780 1943 vehementius
805 1915 947 1946 invehens,
972 1922 1034 1942 eos—

247 1968 300 1995 que
316 1961 362 1995 qui
380 1960 468 1994 ipsum
489 1961 643 1992 irriserant,
658 1961 782 1987 oratione
798 1965 926 1994 tanquam
941 1968 1032 1987 morsu

247 2006 410 2041 corripiens.
429 2006 517 2033 Nudat
538 2007 610 2033 enim
636 2007 761 2033 oratione
777 2013 838 2040 quae
863 2006 956 2033 animo
977 2006 1034 2033 vol-

246 2053 337 2085 vebat,
357 2057 383 2079 et
403 2052 586 2079 contumelias
602 2052 716 2086 profert,
734 2059 817 2087 atque
841 2053 869 2079 in
891 2052 1032 2079 Christum

249 2098 326 2125 tidem
340 2099 447 2133 probris
464 2098 560 2132 allicit;
576 2107 665 2133 neque
683 2100 827 2134 quisquam
846 2099 919 2127 aliud
938 2100 966 2126 in
983 2099 1034 2126 hac

247 2144 373 2171 oratione
393 2143 566 2171 manifestius
583 2151 615 2170 ac
631 2144 799 2171 luculentius
814 2144 1035 2172 animadvertere

248 2191 359 2225 poterit.
376 2189 459 2216 Multa
475 2190 548 2216 enim
579 2190 690 2224 probra,
714 2182 844 2224 tanquam
865 2190 1034 2217 Antiochen-

1083 276 1275 310 νιευσαμένων,
1283 272 1319 302 ὧν
1332 277 1346 302 ὁ
1361 277 1409 310 μὲν
1421 276 1470 310 τὴν
1482 276 1587 311 μητέρα
1598 275 1652 302 τῶν
1658 276 1711 303 σῶν
1721 276 1790 304 θεῶν
1803 278 1872 303 καθ-

1083 321 1198 356 υϐρίσας
1228 330 1286 352 πως
1301 321 1404 347 καὶτὸν
1417 321 1506 356 βωμὸν
1526 321 1695 357 διασπείρας,
1717 332 1727 348 ι
1748 322 1794 348 καὶ
1809 322 1868 349 δια-

1084 367 1244 402 σκορπίσας,
1266 366 1436 402 προσεκλήθη
1460 366 1524 402 [ms.
1546 367 1597 394 575
1619 367 1709 394 διασκ.
1724 367 1869 403 προσεκλ.]

1084 413 1134 448 μὲν
1156 413 1192 445 ὡς
1209 413 1372 448 κατάκριτος
1383 412 1446 448 [ms.
1463 412 1525 444 575,
1539 412 1576 444 ὡς
1590 411 1704 448 κριτός],
1722 412 1828 447 εἰσῆλθε
1840 413 1871 438 δὲ

1083 460 1151 496 πρὸς
1162 460 1210 495 τὴν
1221 459 1354 495 ἐρώτησιν
1378 460 1424 486 καὶ
1435 459 1556 492 ἐξέτασιν
1566 459 1721 494 νικηφόρος,
1736 459 1830 494 ἐξῆλθε
1840 459 1870 485 δὲ

1084 507 1205 538 πλείονος
1214 507 1263 541 τῆς
1278 505 1433 542 παρρησίας
1444 514 1450 520 ·
1463 507 1479 540 ή
1493 507 1573 540 πεῖρα
1588 505 1642 540 γὰρ
1658 505 1870 540 εὐθαρσέστερον

1083 552 1228 586 ἐργάζεται
1243 551 1287 577 τὸν
1299 552 1348 585 οὐχ
1362 550 1522 586 ἡττημένον.
1545 559 1554 575 ι
1575 550 1605 576 '0
1624 551 1652 576 δὲ
1672 551 1726 576 πᾶν
1745 549 1775 576 τὺ
1789 550 1870 585 σῶμα

1083 597 1221 632 δορκαλίσι
1237 596 1422 629 καταξανθεὶς,
1445 605 1452 621 ι
1469 595 1723 631 τουτέστιδορκάδος
1735 595 1840 631 νεύροις
1851 595 1868 630 ἢ

1083 642 1179 678 λώροις
1187 642 1254 677 (78).
1262 642 1377 673 Τούτους
1389 642 1416 668 δέ
1425 650 1506 676 φασιν
1519 640 1640 668 εἷναιτόν
1648 650 1678 668 τε
1699 641 1869 676 Ἀρεθούσιον

1084 688 1206 722 Μάκρον,
1215 687 1314 714 καὶτὸν
1327 687 1478 722 μακαρίτην
1489 687 1615 713 Εὐσέῦιον
1624 687 1787 722 Σαμοσάτων
1798 687 1868 722 (79).

1083 733 1138 759 Καὶ
1154 733 1188 759 τὰ
1212 733 1294 759 λοιπὰ
1310 732 1372 764 ἄξια
1397 731 1580 767 σημειώσεως,
1596 733 1669 764 ὅπως
1685 732 1797 766 γελᾶται
1821 734 1870 760 καὶ

1084 778 1280 810 καταπαίζεται
1297 777 1378 813 μανία
1392 777 1497 803 ἀσεϐῶν
1519 777 1650 812 καρτερίᾳ
1664 777 1716 804 τῶν
1737 777 1869 810 εὐσεϐῶν,

1083 826 1130 851 καὶ
1144 824 1228 860 μικρὰ
1240 825 1328 851 πάντα
1341 824 1375 850 τὰ
1384 824 1467 855 δεινὰ,
1482 824 1528 850 καὶ
1536 825 1570 850 τὰ
1583 824 1695 859 μέγιστα
1704 824 1868 859 εῐποις(80),

1084 872 1151 907 πρὸς
1164 871 1264 907 ὑψηλὸν
1280 872 1326 898 καὶ
1340 872 1411 906 μέγα
1424 872 1453 897 τὸ
1465 872 1514 906 τῆς
1526 871 1613 907 ψυχῆς
1628 872 1793 907 κεκτημένον
1807 871 1870 898 ἀνά·

1084 927 1132 954 στη
1137 927 1183 953 μα.

1117 976 1175 1002 tjol.
1193 975 1244 1001 717
1258 974 1278 1000 B
1294 975 1318 1002 ί.
1337 975 1398 1001 Τῶν
1413 975 1582 1008 Πορφυρίου
1601 975 1793 1010 ψευσμάτων.
1816 972 1870 1002 Οὗ-

1083 1029 1128 1050 τος
1146 1022 1160 1047 ὁ
1185 1021 1339 1055 Πορφύριος
1363 1020 1432 1046 κατὰ
1454 1021 1501 1055 τῆς
1520 1020 1636 1052 πίστεως
1652 1020 1730 1055 ἡμῶν
1753 1020 1868 1056 ἔγραψε,

1083 1066 1129 1092 καὶ
1158 1067 1221 1101 περὶ
1256 1066 1397 1101 δογμάτων
1432 1066 1594 1101 Ἑλληνικῶν
1622 1066 1660 1098 ὠς
1689 1067 1753 1102 περὶ
1788 1067 1870 1094 θείων

1083 1111 1187 1145 διεξιὼν
1212 1111 1306 1147 [CoisL
1329 1111 1444 1147 δεξιῶνῙ,
1472 1112 1598 1144 συνέταξε
1624 1113 1721 1148 λήρους
1743 1113 1792 1139 καὶ
1814 1114 1870 1146 φά-

1085 1166 1185 1192 σματα,
1203 1158 1240 1189 ὡς
1257 1158 1336 1189 αὐτὸς
1353 1159 1399 1184 καὶ
1416 1158 1510 1190 κτίσας
1525 1159 1572 1185 καὶ
1587 1159 1669 1191 τάξας
1691 1158 1804 1194 οὐρανὸν
1821 1160 1871 1185 καὶ

1083 1203 1144 1237 γῆν,
1164 1203 1257 1229 καὶτὰ
1274 1204 1302 1229 ἐν
1325 1203 1450 1238 αἰσῡήσει
1474 1204 1572 1235 πάντα,
1594 1204 1624 1230 οὐ
1653 1204 1730 1239 μόνον
1747 1203 1785 1235 δὲ,
1801 1204 1870 1230 ἀλλᾶ

1084 1249 1132 1274 καὶ
1158 1249 1221 1284 περὶ
1244 1249 1346 1283 νοητῶν
1369 1249 1630 1284 καταφρυαξάμενος
1663 1248 1757 1285 [CoisL
1786 1258 1872 1276 καταο

1084 1294 1322 1330 θρασσυνόμενος].

1119 1363 1187 1390 lbid.
1210 1363 1236 1390 '5.
1263 1364 1302 1390 ἻΙ
1326 1363 1379 1389 τοῦ
1400 1363 1629 1398 Μισοπώγωνος.
1651 1363 1748 1390 Ἦνίκα
1768 1363 1824 1399 γὰρ
1841 1365 1870 1390 ὲν

1092 1409 1238 1444 Ἀντιοχείᾳ
1249 1409 1358 1442 γέγονεν
1376 1409 1516 1440 Ἰουλιανὸς
1531 1409 1575 1435 ἐπὶ
1587 1409 1693 1444 Πέρσας
1704 1410 1871 1445 στρατεύων,

1085 1454 1252 1488 ὰπέσκωψαν
1265 1455 1305 1485 είς
1318 1454 1398 1480 αὐτὸν
1418 1455 1561 1489 Ἀντιοχεῖς
1575 1454 1610 1480 τά
1623 1463 1652 1480 τε
1667 1454 1762 1490 [CoisL
1785 1455 1818 1482 τά
1833 1455 1870 1491 τ’]

1086 1500 1152 1526 ἄλλα
1167 1500 1270 1526 καὶτὸν
1285 1499 1412 1533 πώγωνα,
1430 1500 1466 1531 ὠς
1481 1500 1560 1531 αὐτὸς
1572 1499 1649 1534 ᾤετο,
1664 1501 1709 1526 τὸν
1723 1500 1805 1535 βαθὺν
1822 1501 1871 1527 καὶ

1086 1545 1289 1580 κατεσκληκότα
1305 1545 1350 1572 καὶ
1369 1545 1504 1581 ἱερατικὸν
1523 1545 1617 1582 [CoisL
1641 1545 1803 1582 ἰερατικὴν],
1827 1548 1870 1580 ἐφ’

1085 1591 1125 1623 οἷς
1137 1592 1217 1623 αὐτὸς
1231 1592 1277 1618 καὶ
1289 1591 1384 1628 [σοῖσι.
1403 1592 1444 1625 ἐφ’
1459 1589 1499 1623 οἷς
1510 1591 1567 1627 καὶ]
1583 1592 1652 1626 μέγα
1667 1592 1774 1627 ἐφρόνει
1784 1601 1791 1607 ·
1804 1594 1828 1618 οἱ
1842 1593 1871 1618 δὲ

1085 1638 1206 1672 πλαγίως
1218 1637 1265 1664 καὶ
1280 1637 1491 1672 ὡς,ἁποστάτην
1513 1636 1604 1672 [CoisL
1622 1637 1668 1663 ml.
1690 1636 1870 1673 ἀποστασίαν]

1085 1684 1297 1715 ὲπιτωθάζοντες
1320 1683 1365 1710 καὶ
1392 1684 1437 1710 τὸν
1465 1683 1583 1716 πώγωνα
1604 1683 1772 1718 ἐλοιδόρουν·
1801 1683 1870 1718 πρὸς

1083 1730 1130 1762 οὒς
1146 1730 1192 1756 τὸν
1207 1729 1399 1764 Μισοπώγωνα
1412 1729 1506 1755 τοῦτον
1521 1729 1636 1764 γράφει,
1664 1730 1723 1764 ἦτοι
1742 1730 1871 1764 Ἀντιοχι-

1084 1777 1132 1803 κόν
1144 1785 1151 1792 ο
1164 1776 1212 1802 καὶ
1237 1775 1316 1802 τοῦτο
1338 1775 1390 1810 γὰρ
1404 1776 1631 1811 προσεπιγράφει.
1656 1775 1869 1810 Ἐσχημάτισται

1083 1823 1110 1850 δὲ
1128 1823 1201 1858 αὑτῷ
1215 1822 1249 1849 τὰ
1262 1822 1312 1857 τῆς
1327 1821 1480 1853 ὑποθέσεως
1490 1830 1496 1836 ·
1517 1821 1634 1848 ἐπαινῶν
1646 1822 1701 1857 γὰρ
1719 1822 1808 1856 ψέγει,
1823 1821 1870 1848 καὶ

1083 1869 1168 1896 δοκῶν
1182 1868 1376 1903 ἀφροντιστεῖν,
1392 1868 1430 1898 ὡς
1439 1867 1518 1902 δῆθεν
1529 1866 1690 1901 φιλοσοφῶν,
1709 1867 1780 1893 πάνυ
1791 1869 1869 1894 νικᾶ-

1084 1923 1127 1942 ται
1138 1916 1171 1950 τῇ
1183 1915 1262 1950 ὀργῇ,
1274 1914 1448 1950 σφοδρότερον
1458 1913 1571 1946 ἐπεξιὼν
1580 1913 1626 1940 καὶ
1633 1913 1736 1940 δάκνων
1748 1913 1788 1948 τῷ
1797 1914 1870 1949 λόγῳ

1083 1961 1144 1992 τοὺς
1162 1960 1321 1995 σκώψαντας
1331 1968 1337 1976 ι
1350 1961 1502 1994 ἀπογυμνοῖ
1511 1959 1565 1995 γὰρ
1581 1961 1609 1986 ὲν
1616 1960 1654 1995 τῷ
1666 1960 1736 1995 λόγῳ
1748 1961 1781 1987 τὰ
1791 1961 1820 1987 ὲν
1831 1961 1870 1996 τῷ

1084 2006 1131 2041 νῷ,
1140 2007 1186 2033 καὶ
1196 2007 1242 2038 τὰς
1252 2006 1344 2041 ὕϐρεις
1359 2007 1491 2042 προφέρει
1506 2006 1572 2041 (81),
1584 2006 1631 2032 καὶ
1641 2006 1690 2041 τὴν
1699 2008 1739 2038 εἰς
1753 2008 1870 2041 Χριστὸν

1085 2053 1277 2088 προσονειδίζει
1292 2052 1383 2078 πίστιν
1400 2051 1542 2087 [Μίδοροῃ.
1559 2059 1586 2086 p.
1601 2052 1653 2079 557
1669 2051 1701 2088 (ἷ]
1713 2062 1719 2067 ·
1741 2053 1759 2079 ἆ
1770 2061 1812 2084 τις
1822 2053 1870 2079 καὶ

1084 2100 1113 2124 ὲν
1132 2097 1205 2132 αὐτῴ
1224 2097 1262 2132 τῷ
1279 2097 1350 2132 λόγῳ
1370 2097 1472 2123 κατίδοι
1489 2097 1652 2133 σαφέστερόν
1668 2107 1697 2124 τε
1721 2099 1767 2124 καὶ
1784 2099 1869 2130 διεξο-

1083 2143 1245 2178 δικώτερον·
1264 2142 1348 2169 πολλὰ
1372 2142 1426 2177 γὰρ
1453 2143 1598 2177 στίγματα,
1623 2143 1661 2174 ὡς
1677 2143 1811 2178 προσόντα
1835 2145 1869 2179 τῇ

1085 2188 1162 2224 (Cod.
1182 2196 1208 2223 p.
1227 2188 1290 2223 279)
1326 2188 1484 2222 ’Λντιοχέων
1509 2188 1594 2219 πόλει,
1619 2188 1752 2220 ἐνέστιξεν
1768 2189 1869 2223 ἑαυτῷ,

248 2237 319 2262 sium
337 2235 441 2261 civitati
460 2242 592 2269 congrua,
609 2235 637 2261 in
654 2235 743 2270 ipsum
764 2235 889 2270 conjicit,
918 2235 1032 2262 Libanio

1084 2235 1210 2262 Λιϐανίου
1235 2234 1476 2268 συμπεπονηκότος
1499 2235 1531 2268 τῇ
1555 2236 1714 2270 συγγραφῇ·
1739 2235 1767 2261 ἐν
1783 2231 1805 2269 ᾧ
1824 2235 1871 2261 καὶ

248 2281 313 2308 huic
327 2281 402 2315 operi
423 2281 626 2308 conscribendo
649 2281 849 2308 collaborante.
877 2282 904 2308 ln
927 2289 982 2316 quo
1005 2285 1032 2308 et

283 2380 339 2414 (78)
359 2378 707 2416 Scholiastr-sMontacutii
727 2379 782 2416 ait:
805 2379 964 2416 Δορκαλίδες
981 2381 1030 2416 δρ-

246 2417 317 2450 γανὰ
331 2417 383 2441 εἰσι
396 2414 553 2447 κολαστικά,
567 2419 593 2450 et
605 2414 673 2440 forte
687 2415 789 2448 ﬂagella
803 2423 834 2442 ex
854 2414 1029 2450 pelledor-ca-

247 2449 290 2479 dis
311 2450 444 2477 conlecta.
473 2450 559 2484 Supra
583 2449 699 2476 Basilius
717 2456 810 2476 vocem
840 2449 947 2483 μάστιξι
964 2459 1030 2478 voce

246 2485 384 2521 δορκαλίσι
399 2486 526 2521 exponit;
538 2489 640 2521 at_vero
652 2484 742 2521 simile
753 2484 858 2521 videtur
869 2492 901 2511 ex
915 2493 1029 2521 enarra-

247 2519 330 2548 tionis
353 2520 549 2546 consecutione
568 2519 722 2554 δορκαλίδες
743 2519 823 2554 etiam
845 2527 949 2554 ungues
977 2519 1031 2546 fer-

247 2564 310 2583 reos
327 2555 421 2584 fuisse.
435 2558 463 2580 ut
476 2555 579 2589 putavit
591 2553 714 2581 Budzeus.
727 2553 767 2581 Cf.
783 2554 946 2581 Tltesaurum
959 2554 1029 2582 Gm-

247 2599 308 2617 cum
333 2590 475 2624 Stephani.
508 2590 540 2616 'H
567 2590 665 2624 δορκέις
692 2593 734 2616 est
757 2590 797 2616 vel
818 2590 971 2623 capreolos,
989 2591 1030 2617 vel

247 2626 344 2657 dama,
376 2625 417 2651 vel
448 2625 523 2660 gazel
555 2624 627 2660 apud
663 2624 767 2651 Arabes
787 2624 867 2660 (Vide
892 2625 980 2660 Coray
1004 2625 1031 2651 in

249 2661 389 2694 Tlteopltr.,
406 2667 431 2695 ρ.
452 2660 517 2692 192ς
532 2659 632 2695 Cantus
654 2660 682 2686 in
700 2659 834 2695 Aristot.).
852 2659 940 2692 Philo,
957 2659 1031 2687 Car—

246 2696 388 2730 pathensis
401 2696 555 2730 episcopus,
572 2695 598 2721 in
610 2694 786 2721 Enarratione
798 2694 902 2721 Comici
921 2695 1029 2726 cantic.,

247 2732 286 2765 (p.
304 2730 349 2765 62)
364 2731 489 2758 dorcadis
507 2730 608 2756 nomini
620 2730 714 2757 Graeco
725 2730 914 2765 etymologiam
930 2730 970 2757 sic
987 2737 1032 2757 as-

247 2737 286 2765 (ρ.
304 2737 349 2765 υΖ)
364 2737 489 2758 dorcadis
507 2738 608 2756 llOﬂllnl
620 2737 714 2757 ωηεεο
725 2737 914 2790 etymologiam
930 2737 970 2757 ste
987 2737 1031 2757 as.

246 2767 337 2806 sigpat
355 2775 361 2792 :
380 2766 484 2806 Δορκὰς
500 2765 643 2806 ὀξιδδερκές
652 2764 820 2806 βξστιιςῶον·
837 2764 948 2806 Atbmxa‘t
967 2773 1031 2806 φερ-

246 2800 362 2834 ωνύμως
382 2799 510 2834 κέκληται
525 2799 632 2841 δοράς.
652 2799 683 2826 Ει
700 2799 772 2840 alibi_
780 2800 818 2860 Ep.
832 2799 899 2840 .SIO)
910 2809 916 2826 :
927 2799 1031 2833 Δορκὰς

247 2835 390 2860 ὀξυδερκὲς
404 2835 450 2860 καὶ
463 2835 518 2860 ὀξεῖ
530 2843 569 2860 τω
585 2835 678 2860 δοόιιω
692 2834 723 2860 τὸ
741 2834 778 2860 tu)
795 2843 808 2860 ν
831 2843 913 2860 εστιν.
944 2834 1031 2860 Reno-

247 2835 390 2870 ὀξυδερκὲς
404 2835 450 2861 καὶ
463 2835 518 2870 ὀξεῖ
530 2834 569 2870 τῷ
585 2835 678 2870 δρόμῳ
692 2834 723 2860 τὸ
741 2834 808 2866 ζῶόν
831 2835 913 2870 ἐστιν.
925 2869 928 2870 ν
944 2834 1031 2868 Repo-

248 2844 390 2870 υςυοερκες
404 2844 450 2861 και
463 2844 517 2867 οςει
530 2844 569 2870 τῳ
585 2844 599 2861 ο
618 2844 678 2870 Ομῳ
692 2844 723 2860 το
741 2844 808 2866 ςωον
831 2844 913 2860 εστιν.
944 2844 1030 2868 nepo-

248 2871 367 2904 nemlum
382 2874 446 2904 puto
463 2869 508 2902 ὀξύ
529 2877 578 2904 pro
589 2844 653 2902 ὸὲεῖ.
669 2869 774 2897 Psellus
786 2870 813 2895 in
828 2869 993 2903 Parnphrusi
1004 2870 1030 2895 in

250 2903 389 2932 Canticum
398 2906 434 2941 (ε.
447 2913 477 2938 ιι,
492 2913 519 2932 n.
530 2903 559 2940 ⁷9)
576 2904 610 2932 ad
622 2905 689 2932 hanc
704 2904 892 2939 etymologiam
911 2904 1030 2931 animum

1088 2280 1296 2316 μεγάλαῐεοὶδῑ.
1308 2279 1389 2315 μέγαΊ
1403 2280 1594 2307 ὲπεκόιιπασεν
1609 2280 1749 2312 Ἰουλιανὸς
1762 2289 1872 2315 προστι-

1085 2381 1201 2407 intendit
1220 2387 1280 2406 cum
1298 2380 1352 2406 ait:

1091 2416 1126 2442 ’11
1145 2415 1179 2442 δὲ
1200 2413 1310 2449 (Sopde
1330 2423 1379 2442 σοι
1402 2415 1547 2449 τροπικῶς
1574 2414 1626 2441 τὸν
1648 2414 1805 2446 βλέποντα
1815 2423 1871 2448 ση-

1758 2450 1814 2476 [ret
1827 2459 1833 2464 -

1087 2485 1167 2511 Οὕτω
1180 2485 1234 2519 γὰρ
1242 2484 1371 2516 ,βλέπειν
1383 2484 1517 2519 πέφυκεν
1523 2484 1663 2519 ἁῖξάντων
1676 2449 1869 2518 τὰὲιῗιίῖἕίας.

1085 2520 1137 2546 Pro
1153 2516 1223 2546 οὖτώ
1246 2516 1429 2547 εει-ἰὺειηιιυιη⁷
1440 2519 1511 2546 forte
1534 2516 1610 2550 οὗτος
1625 2529 1631 2545 :
1649 2524 1676 2555 et
1699 2521 1740 2546 sic
1763 2516 1868 2555 legebat

1085 2555 1163 2586 Zino,
1181 2555 1226 2589 qui
1247 2554 1274 2581 in
1298 2562 1346 2581 sua
1368 2555 1590 2589 interpretatione
1618 2554 1714 2581 Latina
1725 2562 1788 2581 nam
1815 2558 1870 2589 ipsa

1085 2590 1205 2625 scripsit.
1233 2589 1443 2625 Etymologicum
1474 2597 1608 2624 magnum,
1640 2590 1749 2616 nonnisi
1781 2589 1869 2623 forma

1085 2632 1224 2658 magnum.
1240 2625 1363 2652 eamdem
1378 2625 1567 2659 etymologiam
1584 2625 1717 2659 agnoscit.

1120 2660 1176 2694 (79)
1198 2660 1230 2686 Et
1249 2667 1281 2686 ea
1300 2659 1351 2686 fuit
1377 2658 1509 2686 sententia
1534 2658 1600 2686 Elia:
1623 2658 1772 2687 Cretensis.
1801 2658 1870 2686 Vide

1084 2694 1245 2722 Clemenceti
1259 2699 1361 2721 notam.

1103 2728 1106 2733 '
1120 2729 1175 2764 (80)
1196 2728 1306 2756 Fositan
1321 2730 1399 2764 εἴπῃς
1411 2729 1567 2760 scripserat.
1583 2728 1671 2763 Supra
1679 2729 1764 2756 Coisl.
1780 2729 1870 2756 πάντα

1083 2765 1137 2791 τῶν
1157 2764 1261 2799 δεινῶν,
1277 2763 1349 2799 quod
1370 2763 1440 2790 l‘orte
1457 2767 1576 2798 pnestat.

1119 2799 1173 2833 (8i)
1194 2798 1304 2831 Gallice,
1328 2799 1361 2826 ad
1383 2799 1494 2826 verbum
1513 2809 1519 2825 :
1537 2799 1558 2825 il
1572 2798 1674 2833 profére
1690 2798 1736 2825 des
1756 2799 1868 2833 injuru.

1082 2833 1179 2861 Petrus
1192 2834 1390 2861 Alex'andrinus
1405 2834 1474 2868 apud
1484 2833 1684 2860 Theodoretum
1697 2834 1781 2861 (Mitt.
1793 2833 1867 2862 Eccl.

1083 2877 1119 2905 tr.
1137 2869 1182 2900 9‘2,
1199 2877 1223 2903 p.
1243 2869 1299 2905 1787
1312 2869 1343 2905 ᾼ)
1356 2876 1363 2894 :
1381 2869 1458 2895 Κατὰ
1471 2868 1524 2894 τῶν
1537 2868 1583 2905 τοῦ
1597 2869 1714 2905 Χριστοῦ
1727 2868 1869 2905 παρθένων

1083 2904 1174 2939 ῠόρειε,
1192 2904 1223 2935 ἃς
1243 2905 1259 2939 ἡ
1275 2904 1381 2938 γλῶττα
1397 2904 1542 2938 προφέρειν
1558 2904 1606 2930 οὐκ
1623 2904 1757 2939 ἀνέχεται.
